<?xml version="1.0" encoding="UTF-8"?>
<!DOCTYPE html PUBLIC "-//W3C//DTD XHTML 1.0 Transitional//EN"
    "http://www.w3.org/TR/xhtml1/DTD/xhtml1-transitional.dtd">
<html xmlns="http://www.w3.org/1999/xhtml" xml:lang="en" lang="en">
 <head>
  <title>
</title>
<meta http-equiv="Content-Type" content="text/html;charset=utf-8" />
  <meta name='ocr-system' content='tesseract 3.04.00' />
  <meta name='ocr-capabilities' content='ocr_page ocr_carea ocr_par ocr_line ocrx_word'/>
</head>
<body>
  <div class='ocr_page' id='page_1' title='image "./historiaecclesia00bedeuoft_0217.png"; bbox 0 0 2216 3554; ppageno 0'>
   <div class='ocr_carea' id='block_1_1' title="bbox 142 205 1883 275">
    <p class='ocr_par' dir='ltr' id='par_1_1' title="bbox 142 205 1883 275">
     <span class='ocr_line' id='line_1_1' title="bbox 142 205 1883 275; baseline -0.001 -19"><span class='ocrx_word' id='word_1_1' title='bbox 142 207 260 256; x_wconf 78' lang='lat' dir='ltr'><strong>CAP.</strong></span> <span class='ocrx_word' id='word_1_2' title='bbox 284 205 458 275; x_wconf 70' lang='lat' dir='ltr'><strong>xxnzt]</strong></span> <span class='ocrx_word' id='word_1_3' title='bbox 764 207 925 256; x_wconf 77' lang='lat' dir='ltr'><strong>Gentis</strong></span> <span class='ocrx_word' id='word_1_4' title='bbox 958 205 1236 268; x_wconf 73' lang='lat' dir='ltr'><strong>Anqlorum.</strong></span> <span class='ocrx_word' id='word_1_5' title='bbox 1792 212 1813 254; x_wconf 93' lang='lat'>1</span> <span class='ocrx_word' id='word_1_6' title='bbox 1823 212 1848 254; x_wconf 88' lang='grc'>8</span> <span class='ocrx_word' id='word_1_7' title='bbox 1858 212 1883 254; x_wconf 88' lang='grc'>5</span> 
     </span>
    </p>
   </div>
   <div class='ocr_carea' id='block_1_2' title="bbox 143 337 1887 484">
    <p class='ocr_par' dir='ltr' id='par_1_2' title="bbox 143 337 1887 484">
     <span class='ocr_line' id='line_1_2' title="bbox 143 337 1887 401; baseline -0.001 -13"><span class='ocrx_word' id='word_1_8' title='bbox 143 348 254 388; x_wconf 86' lang='lat' dir='ltr'><strong>eum</strong></span> <span class='ocrx_word' id='word_1_9' title='bbox 289 340 620 388; x_wconf 73' lang='lat' dir='ltr'><strong>ascendentem</strong></span> <span class='ocrx_word' id='word_1_10' title='bbox 654 339 712 387; x_wconf 93' lang='lat' dir='ltr'><strong>de</strong></span> <span class='ocrx_word' id='word_1_11' title='bbox 746 339 880 387; x_wconf 83' lang='lat' dir='ltr'><strong>fonte</strong></span> <span class='ocrx_word' id='word_1_12' title='bbox 914 343 1078 386; x_wconf 88' lang='lat' dir='ltr'><strong>sancto</strong></span> <span class='ocrx_word' id='word_1_13' title='bbox 1119 337 1372 386; x_wconf 86' lang='lat' dir='ltr'><strong>AEdiluald</strong></span> <span class='ocrx_word' id='word_1_14' title='bbox 1411 353 1496 384; x_wconf 85' lang='lat' dir='ltr'><strong>rex</strong></span> <span class='ocrx_word' id='word_1_15' title='bbox 1532 337 1686 400; x_wconf 89' lang='lat' dir='ltr'><strong>ipsius</strong></span> <span class='ocrx_word' id='word_1_16' title='bbox 1728 339 1887 401; x_wconf 86' lang='lat' dir='ltr'><strong>gentis</strong></span> 
     </span>
     <span class='ocr_line' id='line_1_3' title="bbox 146 419 1577 484; baseline -0.002 -14"><span class='ocrx_word' id='word_1_17' title='bbox 146 423 465 471; x_wconf 79' lang='lat' dir='ltr'><strong>Orientalium</strong></span> <span class='ocrx_word' id='word_1_18' title='bbox 487 420 770 484; x_wconf 90' lang='lat' dir='ltr'><strong>Anglorum,</strong></span> <span class='ocrx_word' id='word_1_19' title='bbox 795 421 945 469; x_wconf 88' lang='lat' dir='ltr'><strong>frater</strong></span> <span class='ocrx_word' id='word_1_20' title='bbox 966 419 1110 469; x_wconf 87' lang='lat' dir='ltr'><strong>Anna</strong></span> <span class='ocrx_word' id='word_1_21' title='bbox 1134 420 1261 484; x_wconf 87' lang='lat' dir='ltr'><strong>regis</strong></span> <span class='ocrx_word' id='word_1_22' title='bbox 1285 420 1577 468; x_wconf 88' lang='lat' dir='ltr'><strong>eorumdem.</strong></span> 
     </span>
    </p>
   </div>
   <div class='ocr_carea' id='block_1_3' title="bbox 829 666 1229 717">
    <p class='ocr_par' dir='ltr' id='par_1_3' title="bbox 829 666 1229 717">
     <span class='ocr_line' id='line_1_4' title="bbox 829 666 1229 717; baseline -0.003 0"><span class='ocrx_word' id='word_1_23' title='bbox 829 666 979 717; x_wconf 81' lang='lat' dir='ltr'><strong>OAP.</strong></span> <span class='ocrx_word' id='word_1_24' title='bbox 1033 668 1229 717; x_wconf 89' lang='lat' dir='ltr'><strong>XXIII.</strong></span> 
     </span>
    </p>
   </div>
   <div class='ocr_carea' id='block_1_4' title="bbox 151 806 1892 931">
    <p class='ocr_par' dir='ltr' id='par_1_4' title="bbox 151 806 1892 931">
     <span class='ocr_line' id='line_1_5' title="bbox 151 806 1892 863; baseline -0.002 -14"><span class='ocrx_word' id='word_1_25' title='bbox 151 809 201 849; x_wconf 69' lang='lat' dir='ltr'><strong>L&#39;t</strong></span> <span class='ocrx_word' id='word_1_26' title='bbox 230 810 337 851; x_wconf 74' lang='lat' dir='ltr'><strong>idem</strong></span> <span class='ocrx_word' id='word_1_27' title='bbox 365 811 569 863; x_wconf 59' lang='lat' dir='ltr'><strong>episcoqum</strong></span> <span class='ocrx_word' id='word_1_28' title='bbox 597 808 709 850; x_wconf 78' lang='lat' dir='ltr'><strong>Gedd</strong></span> <span class='ocrx_word' id='word_1_29' title='bbox 737 809 867 849; x_wconf 77' lang='lat' dir='ltr'><strong>locum</strong></span> <span class='ocrx_word' id='word_1_30' title='bbox 895 809 1134 849; x_wconf 73' lang='lat' dir='ltr'><strong>monasterii</strong></span> <span class='ocrx_word' id='word_1_31' title='bbox 1164 808 1421 849; x_wconf 75' lang='lat' dir='ltr'><strong>construendi</strong></span> <span class='ocrx_word' id='word_1_32' title='bbox 1449 807 1498 848; x_wconf 85' lang='lat' dir='ltr'><strong>ab</strong></span> <span class='ocrx_word' id='word_1_33' title='bbox 1533 806 1776 848; x_wconf 72' lang='lat' dir='ltr'><strong>oidilualdo</strong></span> <span class='ocrx_word' id='word_1_34' title='bbox 1804 820 1892 857; x_wconf 65' lang='grc' dir='ltr'><strong>φερε</strong></span> 
     </span>
     <span class='ocr_line' id='line_1_6' title="bbox 177 876 1862 931; baseline -0.002 -12"><span class='ocrx_word' id='word_1_35' title='bbox 177 880 390 931; x_wconf 71' lang='grc' dir='ltr'><strong>αοσίρίεηε,</strong></span> <span class='ocrx_word' id='word_1_36' title='bbox 406 877 659 920; x_wconf 73' lang='lat' dir='ltr'><strong>orationibus</strong></span> <span class='ocrx_word' id='word_1_37' title='bbox 672 892 722 919; x_wconf 84' lang='lat' dir='ltr'><strong>ac</strong></span> <span class='ocrx_word' id='word_1_38' title='bbox 732 878 910 930; x_wconf 75' lang='lat' dir='ltr'><strong>jejuniis</strong></span> <span class='ocrx_word' id='word_1_39' title='bbox 930 878 1111 918; x_wconf 76' lang='lat' dir='ltr'><strong>Domino</strong></span> <span class='ocrx_word' id='word_1_40' title='bbox 1125 877 1411 918; x_wconf 74' lang='lat' dir='ltr'><strong>consecraverit</strong></span> <span class='ocrx_word' id='word_1_41' title='bbox 1425 893 1442 923; x_wconf 80' lang='lat'><strong>,·</strong></span> <span class='ocrx_word' id='word_1_42' title='bbox 1475 880 1512 916; x_wconf 82' lang='lat' dir='ltr'><strong>et</strong></span> <span class='ocrx_word' id='word_1_43' title='bbox 1529 877 1577 917; x_wconf 83' lang='lat' dir='ltr'><strong>de</strong></span> <span class='ocrx_word' id='word_1_44' title='bbox 1591 877 1705 917; x_wconf 76' lang='lat' dir='ltr'><strong>obita</strong></span> <span class='ocrx_word' id='word_1_45' title='bbox 1717 876 1862 928; x_wconf 77' lang='lat' dir='ltr'><strong>ipsius.</strong></span> 
     </span>
    </p>
   </div>
   <div class='ocr_carea' id='block_1_5' title="bbox 87 994 1912 3126">
    <p class='ocr_par' dir='ltr' id='par_1_5' title="bbox 87 994 1911 2875">
     <span class='ocr_line' id='line_1_7' title="bbox 219 994 1895 1067; baseline -0.001 -15"><span class='ocrx_word' id='word_1_46' title='bbox 219 1004 453 1053; x_wconf 67' lang='lat' dir='ltr'>SOLEBAT</span> <span class='ocrx_word' id='word_1_47' title='bbox 503 1011 665 1054; x_wconf 89' lang='lat' dir='ltr'><strong>autem</strong></span> <span class='ocrx_word' id='word_1_48' title='bbox 719 1006 848 1054; x_wconf 88' lang='lat' dir='ltr'><strong>idem</strong></span> <span class='ocrx_word' id='word_1_49' title='bbox 903 1004 981 1052; x_wconf 87' lang='lat' dir='ltr'><strong>vir</strong></span> <span class='ocrx_word' id='word_1_50' title='bbox 1026 1003 1240 1063; x_wconf 87' lang='lat' dir='ltr'>Domini,</span> <span class='ocrx_word' id='word_1_51' title='bbox 1286 1021 1396 1052; x_wconf 90' lang='lat' dir='ltr'><strong>cum</strong></span> <span class='ocrx_word' id='word_1_52' title='bbox 1443 1004 1572 1067; x_wconf 86' lang='lat' dir='ltr'><strong>apud</strong></span> <span class='ocrx_word' id='word_1_53' title='bbox 1607 994 1895 1052; x_wconf 31' lang='lat' dir='ltr'><strong>&#39;Orientales</strong></span> 
     </span>
     <span class='ocr_line' id='line_1_8' title="bbox 151 1085 1555 1151; baseline 0.001 -19"><span class='ocrx_word' id='word_1_54' title='bbox 151 1085 363 1134; x_wconf 83' lang='lat' dir='ltr'><strong>Saxones</strong></span> <span class='ocrx_word' id='word_1_55' title='bbox 386 1087 686 1151; x_wconf 79' lang='lat' dir='ltr'><strong>episcopatus</strong></span> <span class='ocrx_word' id='word_1_56' title='bbox 710 1087 864 1136; x_wconf 91' lang='lat' dir='ltr'><strong>officio</strong></span> <span class='ocrx_word' id='word_1_57' title='bbox 888 1087 1185 1150; x_wconf 85' lang='lat' dir='ltr'><strong>fungeretur,</strong></span> <span class='ocrx_word' id='word_1_58' title='bbox 1207 1086 1383 1149; x_wconf 79' lang='lat' dir='ltr'><strong>saepius</strong></span> <span class='ocrx_word' id='word_1_59' title='bbox 1407 1086 1555 1134; x_wconf 84' lang='lat' dir='ltr'><strong>etiam</strong></span> 
     </span>
     <span class='ocr_line' id='line_1_9' title="bbox 150 1140 1842 1241; baseline 0.001 -27"><span class='ocrx_word' id='word_1_60' title='bbox 150 1185 300 1228; x_wconf 83' lang='lat' dir='ltr'><strong>suam,</strong></span> <span class='ocrx_word' id='word_1_61' title='bbox 326 1169 376 1216; x_wconf 89' lang='lat' dir='ltr'><strong>id</strong></span> <span class='ocrx_word' id='word_1_62' title='bbox 405 1175 489 1228; x_wconf 88' lang='lat' dir='ltr'><strong>est,</strong></span> <span class='ocrx_word' id='word_1_63' title='bbox 516 1170 1034 1234; x_wconf 84' lang='lat' dir='ltr'><strong>Nordanhymbrorum</strong></span> <span class='ocrx_word' id='word_1_64' title='bbox 1066 1168 1362 1232; x_wconf 86' lang='lat' dir='ltr'><strong>provinciam</strong></span> <span class='ocrx_word' id='word_1_65' title='bbox 1379 1168 1554 1241; x_wconf 68' lang='lat' dir='ltr'><strong>exhor·</strong></span> <span class='ocrx_word' id='word_1_66' title='bbox 1605 1140 1842 1232; x_wconf 39' lang='lat' dir='ltr'><strong>AEfflghwtffd,</strong></span> 
     </span>
     <span class='ocr_line' id='line_1_10' title="bbox 150 1240 1852 1331; baseline 0.001 -35"><span class='ocrx_word' id='word_1_67' title='bbox 150 1250 286 1297; x_wconf 85' lang='lat' dir='ltr'><strong>tandi</strong></span> <span class='ocrx_word' id='word_1_68' title='bbox 321 1251 479 1312; x_wconf 86' lang='lat' dir='ltr'><strong>gratia</strong></span> <span class='ocrx_word' id='word_1_69' title='bbox 518 1252 756 1302; x_wconf 87' lang='lat' dir='ltr'><strong>revisere:</strong></span> <span class='ocrx_word' id='word_1_70' title='bbox 805 1269 949 1315; x_wconf 92' lang='lat' dir='ltr'><strong>quem</strong></span> <span class='ocrx_word' id='word_1_71' title='bbox 989 1269 1099 1300; x_wconf 88' lang='lat' dir='ltr'><strong>cum</strong></span> <span class='ocrx_word' id='word_1_72' title='bbox 1142 1250 1388 1299; x_wconf 81' lang='lat' dir='ltr'><strong>oidiluald</strong></span> <span class='ocrx_word' id='word_1_73' title='bbox 1429 1250 1559 1297; x_wconf 89' lang='lat' dir='ltr'><strong>filius</strong></span> <span class='ocrx_word' id='word_1_74' title='bbox 1603 1240 1852 1331; x_wconf 38' lang='lat' dir='ltr'><strong>&amp;gat-{33</strong></span> 
     </span>
     <span class='ocr_line' id='line_1_11' title="bbox 152 1329 1855 1397; baseline 0.002 -20"><span class='ocrx_word' id='word_1_75' title='bbox 152 1331 352 1379; x_wconf 85' lang='lat' dir='ltr'><strong>Osualdi</strong></span> <span class='ocrx_word' id='word_1_76' title='bbox 393 1333 533 1396; x_wconf 84' lang='lat' dir='ltr'><strong>regis,</strong></span> <span class='ocrx_word' id='word_1_77' title='bbox 577 1334 661 1397; x_wconf 91' lang='lat' dir='ltr'><strong>qui</strong></span> <span class='ocrx_word' id='word_1_78' title='bbox 707 1334 759 1381; x_wconf 93' lang='lat' dir='ltr'><strong>in</strong></span> <span class='ocrx_word' id='word_1_79' title='bbox 799 1334 1041 1382; x_wconf 90' lang='lat' dir='ltr'><strong>Derorum</strong></span> <span class='ocrx_word' id='word_1_80' title='bbox 1087 1333 1310 1397; x_wconf 87' lang='lat' dir='ltr'><strong>partibus</strong></span> <span class='ocrx_word' id='word_1_81' title='bbox 1355 1350 1559 1396; x_wconf 85' lang='lat' dir='ltr'><strong>regnum</strong></span> <span class='ocrx_word' id='word_1_82' title='bbox 1602 1341 1643 1374; x_wconf 77' lang='lat'><strong>¹⁵0</strong></span> <span class='ocrx_word' id='word_1_83' title='bbox 1653 1329 1756 1374; x_wconf 75' lang='lat' dir='ltr'><strong>cedd</strong></span> <span class='ocrx_word' id='word_1_84' title='bbox 1767 1340 1855 1373; x_wconf 78' lang='lat' dir='ltr'><strong>fora</strong></span> 
     </span>
     <span class='ocr_line' id='line_1_12' title="bbox 152 1390 1896 1478; baseline 0.001 -18"><span class='ocrx_word' id='word_1_85' title='bbox 152 1412 369 1473; x_wconf 85' lang='lat' dir='ltr'><strong>habebat,</strong></span> <span class='ocrx_word' id='word_1_86' title='bbox 407 1416 566 1463; x_wconf 86' lang='lat' dir='ltr'><strong>virum</strong></span> <span class='ocrx_word' id='word_1_87' title='bbox 603 1421 821 1464; x_wconf 87' lang='lat' dir='ltr'><strong>sanctum</strong></span> <span class='ocrx_word' id='word_1_88' title='bbox 857 1422 906 1464; x_wconf 89' lang='lat' dir='ltr'><strong>et</strong></span> <span class='ocrx_word' id='word_1_89' title='bbox 942 1416 1218 1478; x_wconf 74' lang='lat' dir='ltr'><strong>sapientem,</strong></span> <span class='ocrx_word' id='word_1_90' title='bbox 1252 1416 1554 1478; x_wconf 89' lang='lat' dir='ltr'><strong>probumque</strong></span> <span class='ocrx_word' id='word_1_91' title='bbox 1615 1390 1841 1431; x_wconf 72' lang='lat' dir='ltr'><strong>monastery.</strong></span> <span class='ocrx_word' id='word_1_92' title='bbox 1890 1460 1896 1469; x_wconf 87' lang='grc'>,</span> 
     </span>
     <span class='ocr_line' id='line_1_13' title="bbox 153 1496 1898 1562; baseline 0 -20"><span class='ocrx_word' id='word_1_93' title='bbox 153 1496 369 1543; x_wconf 90' lang='lat' dir='ltr'><strong>moribus</strong></span> <span class='ocrx_word' id='word_1_94' title='bbox 400 1498 598 1556; x_wconf 86' lang='lat' dir='ltr'><strong>videret,</strong></span> <span class='ocrx_word' id='word_1_95' title='bbox 622 1499 887 1562; x_wconf 84' lang='lat' dir='ltr'><strong>postulavit</strong></span> <span class='ocrx_word' id='word_1_96' title='bbox 921 1515 1031 1546; x_wconf 91' lang='lat' dir='ltr'><strong>eum</strong></span> <span class='ocrx_word' id='word_1_97' title='bbox 1066 1497 1412 1560; x_wconf 84' lang='lat' dir='ltr'><strong>possessionem</strong></span> <span class='ocrx_word' id='word_1_98' title='bbox 1440 1503 1585 1546; x_wconf 87' lang='lat' dir='ltr'><strong>terrae</strong></span> <span class='ocrx_word' id='word_1_99' title='bbox 1621 1496 1836 1560; x_wconf 87' lang='lat' dir='ltr'><strong>aliquam</strong></span> <span class='ocrx_word' id='word_1_100' title='bbox 1870 1512 1898 1542; x_wconf 90' lang='lat' dir='ltr'><strong>a</strong></span> 
     </span>
     <span class='ocr_line' id='line_1_14' title="bbox 153 1578 1900 1643; baseline 0 -18"><span class='ocrx_word' id='word_1_101' title='bbox 153 1594 203 1625; x_wconf 83' lang='lat' dir='ltr'><strong>se</strong></span> <span class='ocrx_word' id='word_1_102' title='bbox 237 1578 298 1626; x_wconf 88' lang='lat' dir='ltr'><strong>ad</strong></span> <span class='ocrx_word' id='word_1_103' title='bbox 332 1582 707 1629; x_wconf 89' lang='lat' dir='ltr'><strong>construendum</strong></span> <span class='ocrx_word' id='word_1_104' title='bbox 741 1581 1084 1629; x_wconf 82' lang='lat' dir='ltr'><strong>monasterium</strong></span> <span class='ocrx_word' id='word_1_105' title='bbox 1119 1580 1346 1643; x_wconf 85' lang='lat' dir='ltr'><strong>accipere,</strong></span> <span class='ocrx_word' id='word_1_106' title='bbox 1376 1579 1428 1626; x_wconf 94' lang='lat' dir='ltr'><strong>in</strong></span> <span class='ocrx_word' id='word_1_107' title='bbox 1460 1597 1555 1643; x_wconf 93' lang='lat' dir='ltr'><strong>quo</strong></span> <span class='ocrx_word' id='word_1_108' title='bbox 1590 1579 1694 1642; x_wconf 89' lang='lat' dir='ltr'><strong>ipse</strong></span> <span class='ocrx_word' id='word_1_109' title='bbox 1728 1596 1816 1626; x_wconf 86' lang='lat' dir='ltr'><strong>rex</strong></span> <span class='ocrx_word' id='word_1_110' title='bbox 1851 1582 1900 1626; x_wconf 88' lang='lat' dir='ltr'><strong>et</strong></span> 
     </span>
     <span class='ocr_line' id='line_1_15' title="bbox 154 1661 1899 1726; baseline 0 -18"><span class='ocrx_word' id='word_1_111' title='bbox 154 1661 452 1724; x_wconf 84' lang='lat' dir='ltr'><strong>frequentius</strong></span> <span class='ocrx_word' id='word_1_112' title='bbox 490 1664 551 1710; x_wconf 91' lang='lat' dir='ltr'><strong>ad</strong></span> <span class='ocrx_word' id='word_1_113' title='bbox 583 1663 934 1726; x_wconf 86' lang='lat' dir='ltr'><strong>deprecandum</strong></span> <span class='ocrx_word' id='word_1_114' title='bbox 970 1663 1238 1711; x_wconf 90' lang='lat' dir='ltr'><strong>Dominum</strong></span> <span class='ocrx_word' id='word_1_115' title='bbox 1273 1662 1570 1724; x_wconf 81' lang='lat' dir='ltr'><strong>verbumque</strong></span> <span class='ocrx_word' id='word_1_116' title='bbox 1605 1661 1899 1710; x_wconf 88' lang='lat' dir='ltr'><strong>audiendum</strong></span> 
     </span>
     <span class='ocr_line' id='line_1_16' title="bbox 154 1743 1901 1810; baseline 0 -20"><span class='ocrx_word' id='word_1_117' title='bbox 154 1743 392 1803; x_wconf 83' lang='lat' dir='ltr'><strong>advenire,</strong></span> <span class='ocrx_word' id='word_1_118' title='bbox 412 1749 461 1792; x_wconf 91' lang='lat' dir='ltr'><strong>et</strong></span> <span class='ocrx_word' id='word_1_119' title='bbox 478 1746 733 1794; x_wconf 88' lang='lat' dir='ltr'><strong>defunctus</strong></span> <span class='ocrx_word' id='word_1_120' title='bbox 757 1746 948 1810; x_wconf 88' lang='lat' dir='ltr'><strong>sepeliri</strong></span> <span class='ocrx_word' id='word_1_121' title='bbox 967 1746 1175 1793; x_wconf 87' lang='lat' dir='ltr'><strong>deberet.</strong></span> <span class='ocrx_word' id='word_1_122' title='bbox 1236 1745 1366 1792; x_wconf 90' lang='lat' dir='ltr'><strong>Nam</strong></span> <span class='ocrx_word' id='word_1_123' title='bbox 1384 1750 1433 1792; x_wconf 85' lang='lat' dir='ltr'><strong>et</strong></span> <span class='ocrx_word' id='word_1_124' title='bbox 1457 1745 1668 1808; x_wconf 87' lang='lat' dir='ltr'><strong>seipsum</strong></span> <span class='ocrx_word' id='word_1_125' title='bbox 1693 1744 1901 1791; x_wconf 84' lang='lat' dir='ltr'><strong>fideliter</strong></span> 
     </span>
     <span class='ocr_line' id='line_1_17' title="bbox 155 1825 1902 1891; baseline 0.001 -19"><span class='ocrx_word' id='word_1_126' title='bbox 155 1825 356 1873; x_wconf 89' lang='lat' dir='ltr'><strong>credidit</strong></span> <span class='ocrx_word' id='word_1_127' title='bbox 380 1827 589 1875; x_wconf 89' lang='lat' dir='ltr'><strong>multum</strong></span> <span class='ocrx_word' id='word_1_128' title='bbox 608 1829 770 1890; x_wconf 86' lang='lat' dir='ltr'><strong>juvari</strong></span> <span class='ocrx_word' id='word_1_129' title='bbox 793 1845 959 1877; x_wconf 89' lang='lat' dir='ltr'><strong>eorum</strong></span> <span class='ocrx_word' id='word_1_130' title='bbox 977 1827 1278 1875; x_wconf 86' lang='lat' dir='ltr'><strong>orationibus</strong></span> <span class='ocrx_word' id='word_1_131' title='bbox 1302 1826 1610 1890; x_wconf 86' lang='lat' dir='ltr'><strong>quotidianis,</strong></span> <span class='ocrx_word' id='word_1_132' title='bbox 1631 1827 1716 1891; x_wconf 92' lang='lat' dir='ltr'><strong>qui</strong></span> <span class='ocrx_word' id='word_1_133' title='bbox 1738 1826 1823 1874; x_wconf 89' lang='lat' dir='ltr'><strong>illo</strong></span> <span class='ocrx_word' id='word_1_134' title='bbox 1848 1827 1902 1873; x_wconf 90' lang='lat' dir='ltr'><strong>in</strong></span> 
     </span>
     <span class='ocr_line' id='line_1_18' title="bbox 153 1906 1902 1959; baseline 0.001 -5"><span class='ocrx_word' id='word_1_135' title='bbox 153 1906 259 1955; x_wconf 91' lang='lat' dir='ltr'><strong>loco</strong></span> <span class='ocrx_word' id='word_1_136' title='bbox 293 1908 504 1957; x_wconf 91' lang='lat' dir='ltr'><strong>Domino</strong></span> <span class='ocrx_word' id='word_1_137' title='bbox 539 1910 787 1959; x_wconf 88' lang='lat' dir='ltr'><strong>servirent.</strong></span> <span class='ocrx_word' id='word_1_138' title='bbox 860 1911 1115 1959; x_wconf 85' lang='lat' dir='ltr'><strong>Habuerat</strong></span> <span class='ocrx_word' id='word_1_139' title='bbox 1149 1915 1312 1958; x_wconf 88' lang='lat' dir='ltr'><strong>autem</strong></span> <span class='ocrx_word' id='word_1_140' title='bbox 1345 1908 1475 1957; x_wconf 90' lang='lat' dir='ltr'><strong>idem</strong></span> <span class='ocrx_word' id='word_1_141' title='bbox 1507 1927 1593 1957; x_wconf 80' lang='lat' dir='ltr'><strong>rex</strong></span> <span class='ocrx_word' id='word_1_142' title='bbox 1624 1926 1785 1958; x_wconf 89' lang='lat' dir='ltr'><strong>secum</strong></span> <span class='ocrx_word' id='word_1_143' title='bbox 1808 1909 1902 1956; x_wconf 87' lang='lat' dir='ltr'><strong>fra-</strong></span> 
     </span>
     <span class='ocr_line' id='line_1_19' title="bbox 155 1991 1903 2057; baseline 0.001 -20"><span class='ocrx_word' id='word_1_144' title='bbox 155 1997 279 2038; x_wconf 85' lang='lat' dir='ltr'><strong>trem</strong></span> <span class='ocrx_word' id='word_1_145' title='bbox 302 2008 585 2054; x_wconf 87' lang='lat' dir='ltr'><strong>germanum</strong></span> <span class='ocrx_word' id='word_1_146' title='bbox 610 1994 825 2056; x_wconf 89' lang='lat' dir='ltr'><strong>ejusdem</strong></span> <span class='ocrx_word' id='word_1_147' title='bbox 849 1992 1072 2057; x_wconf 82' lang='lat' dir='ltr'><strong>episcopi,</strong></span> <span class='ocrx_word' id='word_1_148' title='bbox 1098 1992 1332 2040; x_wconf 85' lang='lat' dir='ltr'><strong>vocabulo</strong></span> <span class='ocrx_word' id='word_1_149' title='bbox 1367 1991 1549 2051; x_wconf 83' lang='lat' dir='ltr'><strong>Caelin‚</strong></span> <span class='ocrx_word' id='word_1_150' title='bbox 1574 1992 1735 2040; x_wconf 90' lang='lat' dir='ltr'><strong>virum</strong></span> <span class='ocrx_word' id='word_1_151' title='bbox 1768 2009 1903 2054; x_wconf 84' lang='lat' dir='ltr'><strong>aeque</strong></span> 
     </span>
     <span class='ocr_line' id='line_1_20' title="bbox 157 2072 1905 2140; baseline 0.001 -20"><span class='ocrx_word' id='word_1_152' title='bbox 157 2072 263 2121; x_wconf 89' lang='lat' dir='ltr'><strong>Deo</strong></span> <span class='ocrx_word' id='word_1_153' title='bbox 294 2073 535 2134; x_wconf 88' lang='lat' dir='ltr'><strong>devotum,</strong></span> <span class='ocrx_word' id='word_1_154' title='bbox 562 2075 646 2138; x_wconf 93' lang='lat' dir='ltr'><strong>qui</strong></span> <span class='ocrx_word' id='word_1_155' title='bbox 677 2075 771 2140; x_wconf 90' lang='lat' dir='ltr'><strong>ipsi</strong></span> <span class='ocrx_word' id='word_1_156' title='bbox 803 2093 857 2124; x_wconf 85' lang='lat' dir='ltr'><strong>ao</strong></span> <span class='ocrx_word' id='word_1_157' title='bbox 889 2076 1084 2124; x_wconf 86' lang='lat' dir='ltr'><strong>familiae</strong></span> <span class='ocrx_word' id='word_1_158' title='bbox 1115 2074 1268 2138; x_wconf 90' lang='lat' dir='ltr'><strong>ipsius</strong></span> <span class='ocrx_word' id='word_1_159' title='bbox 1291 2075 1495 2122; x_wconf 88' lang='lat' dir='ltr'><strong>verbum</strong></span> <span class='ocrx_word' id='word_1_160' title='bbox 1527 2078 1575 2122; x_wconf 87' lang='lat' dir='ltr'><strong>et</strong></span> <span class='ocrx_word' id='word_1_161' title='bbox 1607 2078 1905 2122; x_wconf 87' lang='lat' dir='ltr'><strong>sacramenta</strong></span> 
     </span>
     <span class='ocr_line' id='line_1_21' title="bbox 157 2154 1905 2221; baseline 0.001 -19"><span class='ocrx_word' id='word_1_162' title='bbox 157 2154 287 2212; x_wconf 86' lang='lat' dir='ltr'><strong>fidei,</strong></span> <span class='ocrx_word' id='word_1_163' title='bbox 314 2161 417 2204; x_wconf 89' lang='lat' dir='ltr'><strong>erat</strong></span> <span class='ocrx_word' id='word_1_164' title='bbox 441 2157 568 2204; x_wconf 92' lang='lat' dir='ltr'><strong>enim</strong></span> <span class='ocrx_word' id='word_1_165' title='bbox 593 2159 857 2221; x_wconf 81' lang='lat' dir='ltr'><strong>presbyter,</strong></span> <span class='ocrx_word' id='word_1_166' title='bbox 883 2158 1159 2206; x_wconf 90' lang='lat' dir='ltr'><strong>ministrare</strong></span> <span class='ocrx_word' id='word_1_167' title='bbox 1191 2157 1386 2216; x_wconf 86' lang='lat' dir='ltr'><strong>solebat,</strong></span> <span class='ocrx_word' id='word_1_168' title='bbox 1413 2174 1499 2220; x_wconf 87' lang='lat' dir='ltr'><strong>per</strong></span> <span class='ocrx_word' id='word_1_169' title='bbox 1523 2157 1655 2221; x_wconf 87' lang='lat' dir='ltr'><strong>cujus</strong></span> <span class='ocrx_word' id='word_1_170' title='bbox 1679 2156 1905 2204; x_wconf 84' lang='lat' dir='ltr'><strong>notitiam</strong></span> 
     </span>
     <span class='ocr_line' id='line_1_22' title="bbox 159 2237 1905 2304; baseline 0.001 -20"><span class='ocrx_word' id='word_1_171' title='bbox 159 2237 369 2286; x_wconf 87' lang='lat' dir='ltr'><strong>maxime</strong></span> <span class='ocrx_word' id='word_1_172' title='bbox 415 2240 476 2286; x_wconf 89' lang='lat' dir='ltr'><strong>ad</strong></span> <span class='ocrx_word' id='word_1_173' title='bbox 524 2240 824 2303; x_wconf 86' lang='lat' dir='ltr'><strong>diligendum</strong></span> <span class='ocrx_word' id='word_1_174' title='bbox 884 2241 1272 2304; x_wconf 89' lang='lat' dir='ltr'><strong>noscendumque</strong></span> <span class='ocrx_word' id='word_1_175' title='bbox 1332 2239 1608 2303; x_wconf 86' lang='lat' dir='ltr'><strong>episcopum</strong></span> <span class='ocrx_word' id='word_1_176' title='bbox 1669 2239 1905 2303; x_wconf 88' lang='lat' dir='ltr'><strong>pervenit.</strong></span> 
     </span>
     <span class='ocr_line' id='line_1_23' title="bbox 87 2319 1907 2386; baseline 0.001 -19"><span class='ocrx_word' id='word_1_177' title='bbox 87 2376 91 2379; x_wconf 26' lang='lat'><strong>¹</strong></span> <span class='ocrx_word' id='word_1_178' title='bbox 163 2319 350 2368; x_wconf 82' lang='lat' dir='ltr'><strong>Favens</strong></span> <span class='ocrx_word' id='word_1_179' title='bbox 384 2338 497 2385; x_wconf 85' lang='lat' dir='ltr'><strong>ergo</strong></span> <span class='ocrx_word' id='word_1_180' title='bbox 530 2323 658 2371; x_wconf 88' lang='lat' dir='ltr'><strong>votis</strong></span> <span class='ocrx_word' id='word_1_181' title='bbox 694 2324 821 2386; x_wconf 86' lang='lat' dir='ltr'><strong>regis</strong></span> <span class='ocrx_word' id='word_1_182' title='bbox 857 2324 1072 2383; x_wconf 86' lang='lat' dir='ltr'><strong>antistes,</strong></span> <span class='ocrx_word' id='word_1_183' title='bbox 1109 2323 1253 2386; x_wconf 86' lang='lat' dir='ltr'><strong>elegit</strong></span> <span class='ocrx_word' id='word_1_184' title='bbox 1294 2322 1388 2371; x_wconf 91' lang='lat' dir='ltr'><strong>sibi</strong></span> <span class='ocrx_word' id='word_1_185' title='bbox 1428 2322 1589 2370; x_wconf 90' lang='lat' dir='ltr'><strong>locum</strong></span> <span class='ocrx_word' id='word_1_186' title='bbox 1625 2323 1907 2370; x_wconf 87' lang='lat' dir='ltr'><strong>monasterii</strong></span> 
     </span>
     <span class='ocr_line' id='line_1_24' title="bbox 163 2404 1908 2470; baseline 0.001 -20"><span class='ocrx_word' id='word_1_187' title='bbox 163 2404 471 2451; x_wconf 87' lang='lat' dir='ltr'><strong>construendi</strong></span> <span class='ocrx_word' id='word_1_188' title='bbox 501 2404 554 2452; x_wconf 92' lang='lat' dir='ltr'><strong>in</strong></span> <span class='ocrx_word' id='word_1_189' title='bbox 579 2406 826 2454; x_wconf 90' lang='lat' dir='ltr'><strong>montibus</strong></span> <span class='ocrx_word' id='word_1_190' title='bbox 849 2406 1018 2470; x_wconf 35' lang='lat' dir='ltr'><strong>arduis·</strong></span> <span class='ocrx_word' id='word_1_191' title='bbox 1037 2423 1092 2454; x_wconf 87' lang='lat' dir='ltr'><strong>ac</strong></span> <span class='ocrx_word' id='word_1_192' title='bbox 1115 2406 1345 2465; x_wconf 89' lang='lat' dir='ltr'><strong>remotis;</strong></span> <span class='ocrx_word' id='word_1_193' title='bbox 1382 2404 1434 2452; x_wconf 93' lang='lat' dir='ltr'><strong>in</strong></span> <span class='ocrx_word' id='word_1_194' title='bbox 1458 2405 1635 2470; x_wconf 92' lang='lat' dir='ltr'><strong>quibus</strong></span> <span class='ocrx_word' id='word_1_195' title='bbox 1665 2407 1908 2454; x_wconf 87' lang='lat' dir='ltr'><strong>latronum</strong></span> 
     </span>
     <span class='ocr_line' id='line_1_25' title="bbox 166 2484 1909 2552; baseline 0.003 -20"><span class='ocrx_word' id='word_1_196' title='bbox 166 2484 320 2547; x_wconf 83' lang='lat' dir='ltr'><strong>magis</strong></span> <span class='ocrx_word' id='word_1_197' title='bbox 353 2485 554 2534; x_wconf 85' lang='lat' dir='ltr'><strong>latibula</strong></span> <span class='ocrx_word' id='word_1_198' title='bbox 589 2504 643 2535; x_wconf 86' lang='lat' dir='ltr'><strong>ac</strong></span> <span class='ocrx_word' id='word_1_199' title='bbox 678 2488 831 2536; x_wconf 87' lang='lat' dir='ltr'><strong>lustra</strong></span> <span class='ocrx_word' id='word_1_200' title='bbox 865 2489 1088 2547; x_wconf 88' lang='lat' dir='ltr'><strong>ferarum,</strong></span> <span class='ocrx_word' id='word_1_201' title='bbox 1116 2505 1262 2552; x_wconf 87' lang='lat' dir='ltr'><strong>quam</strong></span> <span class='ocrx_word' id='word_1_202' title='bbox 1293 2487 1570 2536; x_wconf 87' lang='lat' dir='ltr'><strong>habitacula</strong></span> <span class='ocrx_word' id='word_1_203' title='bbox 1600 2488 1745 2536; x_wconf 89' lang='lat' dir='ltr'><strong>fuisse</strong></span> <span class='ocrx_word' id='word_1_204' title='bbox 1776 2488 1909 2537; x_wconf 88' lang='lat' dir='ltr'><strong>vide-</strong></span> 
     </span>
     <span class='ocr_line' id='line_1_26' title="bbox 164 2565 1911 2636; baseline 0.003 -23"><span class='ocrx_word' id='word_1_205' title='bbox 164 2565 345 2614; x_wconf 84' lang='lat' dir='ltr'><strong>bantur</strong></span> <span class='ocrx_word' id='word_1_206' title='bbox 374 2567 654 2618; x_wconf 83' lang='lat' dir='ltr'><strong>hominum:</strong></span> <span class='ocrx_word' id='word_1_207' title='bbox 692 2575 749 2619; x_wconf 89' lang='lat' dir='ltr'><strong>ut</strong></span> <span class='ocrx_word' id='word_1_208' title='bbox 774 2571 918 2636; x_wconf 84' lang='lat' dir='ltr'><strong>juxta</strong></span> <span class='ocrx_word' id='word_1_209' title='bbox 950 2570 1252 2634; x_wconf 84' lang='lat' dir='ltr'><strong>prophetiam</strong></span> <span class='ocrx_word' id='word_1_210' title='bbox 1283 2570 1426 2619; x_wconf 83' lang='lat' dir='ltr'><strong>Isaiae</strong></span> <span class='ocrx_word' id='word_1_211' title='bbox 1443 2570 1472 2630; x_wconf 89' lang='lat'><strong>¹,</strong></span> <span class='ocrx_word' id='word_1_212' title='bbox 1497 2569 1549 2617; x_wconf 90' lang='lat' dir='ltr'><strong>in</strong></span> <span class='ocrx_word' id='word_1_213' title='bbox 1583 2571 1834 2630; x_wconf 88' lang='lat' dir='ltr'><strong>cubilibus,</strong></span> <span class='ocrx_word' id='word_1_214' title='bbox 1859 2571 1911 2618; x_wconf 91' lang='lat' dir='ltr'><strong>in</strong></span> 
     </span>
     <span class='ocr_line' id='line_1_27' title="bbox 166 2649 1909 2716; baseline 0.002 -20"><span class='ocrx_word' id='word_1_215' title='bbox 166 2649 341 2712; x_wconf 91' lang='lat' dir='ltr'><strong>quibus</strong></span> <span class='ocrx_word' id='word_1_216' title='bbox 364 2650 502 2712; x_wconf 89' lang='lat' dir='ltr'><strong>prius</strong></span> <span class='ocrx_word' id='word_1_217' title='bbox 525 2651 751 2700; x_wconf 84' lang='lat' dir='ltr'><strong>dracones</strong></span> <span class='ocrx_word' id='word_1_218' title='bbox 775 2653 1074 2712; x_wconf 87' lang='lat' dir='ltr'><strong>habitabant,</strong></span> <span class='ocrx_word' id='word_1_219' title='bbox 1100 2653 1312 2701; x_wconf 85' lang='lat' dir='ltr'><strong>oriretur</strong></span> <span class='ocrx_word' id='word_1_220' title='bbox 1334 2652 1468 2701; x_wconf 86' lang='lat' dir='ltr'><strong>viror</strong></span> <span class='ocrx_word' id='word_1_221' title='bbox 1491 2653 1659 2702; x_wconf 86' lang='lat' dir='ltr'><strong>calami</strong></span> <span class='ocrx_word' id='word_1_222' title='bbox 1686 2657 1734 2701; x_wconf 92' lang='lat' dir='ltr'><strong>et</strong></span> <span class='ocrx_word' id='word_1_223' title='bbox 1760 2654 1909 2716; x_wconf 85' lang='lat' dir='ltr'><strong>junci,</strong></span> 
     </span>
     <span class='ocr_line' id='line_1_28' title="bbox 113 2730 1909 2799; baseline 0.002 -21"><span class='ocrx_word' id='word_1_224' title='bbox 113 2750 117 2753; x_wconf 96' lang='lat'>·</span> <span class='ocrx_word' id='word_1_225' title='bbox 168 2730 216 2778; x_wconf 91' lang='lat' dir='ltr'><strong>id</strong></span> <span class='ocrx_word' id='word_1_226' title='bbox 250 2735 337 2789; x_wconf 87' lang='lat' dir='ltr'><strong>est,</strong></span> <span class='ocrx_word' id='word_1_227' title='bbox 370 2732 554 2782; x_wconf 85' lang='lat' dir='ltr'><strong>fructus</strong></span> <span class='ocrx_word' id='word_1_228' title='bbox 583 2734 820 2783; x_wconf 89' lang='lat' dir='ltr'><strong>bonorum</strong></span> <span class='ocrx_word' id='word_1_229' title='bbox 850 2751 1048 2799; x_wconf 90' lang='lat' dir='ltr'><strong>operum</strong></span> <span class='ocrx_word' id='word_1_230' title='bbox 1084 2735 1151 2783; x_wconf 92' lang='lat' dir='ltr'><strong>ibi</strong></span> <span class='ocrx_word' id='word_1_231' title='bbox 1189 2740 1512 2794; x_wconf 85' lang='lat' dir='ltr'><strong>nascerentur,</strong></span> <span class='ocrx_word' id='word_1_232' title='bbox 1546 2735 1631 2782; x_wconf 90' lang='lat' dir='ltr'><strong>ubi</strong></span> <span class='ocrx_word' id='word_1_233' title='bbox 1665 2736 1799 2799; x_wconf 87' lang='lat' dir='ltr'><strong>prius</strong></span> <span class='ocrx_word' id='word_1_234' title='bbox 1834 2736 1909 2783; x_wconf 90' lang='lat' dir='ltr'><strong>vel</strong></span> 
     </span>
     <span class='ocr_line' id='line_1_29' title="bbox 168 2813 1852 2875; baseline 0.002 -15"><span class='ocrx_word' id='word_1_235' title='bbox 168 2813 334 2862; x_wconf 87' lang='lat' dir='ltr'><strong>bestiae</strong></span> <span class='ocrx_word' id='word_1_236' title='bbox 360 2817 657 2875; x_wconf 87' lang='lat' dir='ltr'><strong>commorari,</strong></span> <span class='ocrx_word' id='word_1_237' title='bbox 681 2818 758 2866; x_wconf 87' lang='lat' dir='ltr'><strong>vel</strong></span> <span class='ocrx_word' id='word_1_238' title='bbox 781 2817 998 2866; x_wconf 88' lang='lat' dir='ltr'><strong>homines</strong></span> <span class='ocrx_word' id='word_1_239' title='bbox 1022 2817 1286 2866; x_wconf 86' lang='lat' dir='ltr'><strong>bestialiter</strong></span> <span class='ocrx_word' id='word_1_240' title='bbox 1307 2817 1470 2865; x_wconf 85' lang='lat' dir='ltr'><strong>vivere</strong></span> <span class='ocrx_word' id='word_1_241' title='bbox 1495 2822 1852 2867; x_wconf 81' lang='lat' dir='ltr'><strong>consueverant.</strong></span> 
     </span>
    </p>

    <p class='ocr_par' dir='ltr' id='par_1_6' title="bbox 169 2896 1912 3126">
     <span class='ocr_line' id='line_1_30' title="bbox 238 2896 1912 2963; baseline -0.001 -17"><span class='ocrx_word' id='word_1_242' title='bbox 238 2896 448 2946; x_wconf 86' lang='lat' dir='ltr'><strong>Studens</strong></span> <span class='ocrx_word' id='word_1_243' title='bbox 474 2903 635 2946; x_wconf 83' lang='lat' dir='ltr'><strong>autem</strong></span> <span class='ocrx_word' id='word_1_244' title='bbox 660 2899 738 2947; x_wconf 86' lang='lat' dir='ltr'><strong>vir</strong></span> <span class='ocrx_word' id='word_1_245' title='bbox 761 2899 962 2948; x_wconf 90' lang='lat' dir='ltr'><strong>Domini</strong></span> <span class='ocrx_word' id='word_1_246' title='bbox 986 2903 1232 2963; x_wconf 87' lang='lat' dir='ltr'><strong>acceptum</strong></span> <span class='ocrx_word' id='word_1_247' title='bbox 1264 2899 1542 2948; x_wconf 84' lang='lat' dir='ltr'><strong>monasterii</strong></span> <span class='ocrx_word' id='word_1_248' title='bbox 1573 2899 1729 2947; x_wconf 91' lang='lat' dir='ltr'><strong>locum</strong></span> <span class='ocrx_word' id='word_1_249' title='bbox 1755 2900 1912 2962; x_wconf 90' lang='lat' dir='ltr'><strong>primo</strong></span> 
     </span>
     <span class='ocr_line' id='line_1_31' title="bbox 169 2978 1865 3059; baseline 0.002 -34"><span class='ocrx_word' id='word_1_250' title='bbox 169 2978 388 3042; x_wconf 86' lang='lat' dir='ltr'><strong>precibus</strong></span> <span class='ocrx_word' id='word_1_251' title='bbox 435 2996 489 3027; x_wconf 85' lang='lat' dir='ltr'><strong>ac</strong></span> <span class='ocrx_word' id='word_1_252' title='bbox 529 2980 727 3044; x_wconf 87' lang='lat' dir='ltr'><strong>jejuniis</strong></span> <span class='ocrx_word' id='word_1_253' title='bbox 774 2998 804 3029; x_wconf 88' lang='lat' dir='ltr'><strong>a</strong></span> <span class='ocrx_word' id='word_1_254' title='bbox 848 2981 1055 3046; x_wconf 87' lang='lat' dir='ltr'><strong>pristina</strong></span> <span class='ocrx_word' id='word_1_255' title='bbox 1101 2981 1395 3045; x_wconf 85' lang='lat' dir='ltr'><strong>flagitiorum</strong></span> <span class='ocrx_word' id='word_1_256' title='bbox 1433 2981 1572 3029; x_wconf 87' lang='lat' dir='ltr'><strong>sorde</strong></span> <span class='ocrx_word' id='word_1_257' title='bbox 1621 3023 1723 3059; x_wconf 82' lang='lat' dir='ltr'><strong>Oedd</strong></span> <span class='ocrx_word' id='word_1_258' title='bbox 1738 3030 1865 3056; x_wconf 80' lang='lat' dir='ltr'><strong>conse-</strong></span> 
     </span>
     <span class='ocr_line' id='line_1_32' title="bbox 170 3061 1835 3126; baseline -0.004 -18"><span class='ocrx_word' id='word_1_259' title='bbox 170 3078 390 3125; x_wconf 85' lang='lat' dir='ltr'><strong>purgare,</strong></span> <span class='ocrx_word' id='word_1_260' title='bbox 417 3067 466 3110; x_wconf 88' lang='lat' dir='ltr'><strong>et</strong></span> <span class='ocrx_word' id='word_1_261' title='bbox 493 3061 561 3110; x_wconf 89' lang='lat' dir='ltr'><strong>sic</strong></span> <span class='ocrx_word' id='word_1_262' title='bbox 593 3062 644 3111; x_wconf 91' lang='lat' dir='ltr'><strong>in</strong></span> <span class='ocrx_word' id='word_1_263' title='bbox 669 3079 723 3112; x_wconf 88' lang='lat' dir='ltr'><strong>eo</strong></span> <span class='ocrx_word' id='word_1_264' title='bbox 748 3063 1026 3112; x_wconf 88' lang='lat' dir='ltr'><strong>monasterii</strong></span> <span class='ocrx_word' id='word_1_265' title='bbox 1060 3064 1372 3112; x_wconf 87' lang='lat' dir='ltr'><strong>fundamenta</strong></span> <span class='ocrx_word' id='word_1_266' title='bbox 1398 3063 1570 3126; x_wconf 88' lang='lat' dir='ltr'><strong>jacere,</strong></span> <span class='ocrx_word' id='word_1_267' title='bbox 1647 3073 1768 3108; x_wconf 79' lang='lat' dir='ltr'><strong>crates</strong></span> <span class='ocrx_word' id='word_1_268' title='bbox 1783 3070 1835 3103; x_wconf 74' lang='lat' dir='ltr'><strong>its</strong></span> 
     </span>
    </p>
   </div>
   <div class='ocr_carea' id='block_1_6' title="bbox 172 3120 1788 3210">
    <p class='ocr_par' dir='ltr' id='par_1_7' title="bbox 172 3120 1788 3210">
     <span class='ocr_line' id='line_1_33' title="bbox 172 3120 1788 3210; baseline -0.006 -16"><span class='ocrx_word' id='word_1_269' title='bbox 172 3145 434 3210; x_wconf 83' lang='lat' dir='ltr'><strong>postulavit</strong></span> <span class='ocrx_word' id='word_1_270' title='bbox 479 3161 508 3193; x_wconf 86' lang='lat' dir='ltr'><strong>a</strong></span> <span class='ocrx_word' id='word_1_271' title='bbox 557 3161 681 3209; x_wconf 86' lang='lat' dir='ltr'><strong>rege,</strong></span> <span class='ocrx_word' id='word_1_272' title='bbox 729 3150 787 3194; x_wconf 88' lang='lat' dir='ltr'><strong>ut</strong></span> <span class='ocrx_word' id='word_1_273' title='bbox 838 3145 931 3194; x_wconf 87' lang='lat' dir='ltr'><strong>sibi</strong></span> <span class='ocrx_word' id='word_1_274' title='bbox 985 3149 1144 3196; x_wconf 90' lang='lat' dir='ltr'><strong>totum</strong></span> <span class='ocrx_word' id='word_1_275' title='bbox 1201 3145 1578 3209; x_wconf 79' lang='lat' dir='ltr'><strong>quadragesimae</strong></span> <span class='ocrx_word' id='word_1_276' title='bbox 1706 3120 1788 3155; x_wconf 51' lang='grc' dir='ltr'><strong>ΒΜ·</strong></span> 
     </span>
    </p>
   </div>
   <div class='ocr_carea' id='block_1_7' title="bbox 671 3282 1409 3339">
    <p class='ocr_par' dir='ltr' id='par_1_8' title="bbox 671 3282 1409 3339">
     <span class='ocr_line' id='line_1_34' title="bbox 671 3282 1409 3339; baseline -0.011 -9"><span class='ocrx_word' id='word_1_277' title='bbox 671 3282 684 3308; x_wconf 84' lang='lat'>¹</span> <span class='ocrx_word' id='word_1_278' title='bbox 708 3283 964 3337; x_wconf 73' lang='lat' dir='ltr'><strong>prophetiam</strong></span> <span class='ocrx_word' id='word_1_279' title='bbox 984 3283 1130 3339; x_wconf 75' lang='lat' dir='ltr'><strong>Ieaiae]</strong></span> <span class='ocrx_word' id='word_1_280' title='bbox 1151 3284 1207 3325; x_wconf 72' lang='lat'><strong>18.</strong></span> <span class='ocrx_word' id='word_1_281' title='bbox 1227 3296 1348 3325; x_wconf 82' lang='lat' dir='ltr'><strong>xxxv.</strong></span> <span class='ocrx_word' id='word_1_282' title='bbox 1375 3290 1409 3335; x_wconf 85' lang='lat'><strong>7.</strong></span> 
     </span>
    </p>
   </div>
  </div>
 </body>
</html>
