<?xml version="1.0" encoding="UTF-8"?>
<!DOCTYPE html PUBLIC "-//W3C//DTD XHTML 1.0 Transitional//EN"
    "http://www.w3.org/TR/xhtml1/DTD/xhtml1-transitional.dtd">
<html xmlns="http://www.w3.org/1999/xhtml" xml:lang="en" lang="en">
 <head>
  <title>
</title>
<meta http-equiv="Content-Type" content="text/html;charset=utf-8" />
  <meta name='ocr-system' content='tesseract 3.04.00' />
  <meta name='ocr-capabilities' content='ocr_page ocr_carea ocr_par ocr_line ocrx_word'/>
</head>
<body>
  <div class='ocr_page' id='page_1' title='image "./historiaecclesia00bedeuoft_0353.png"; bbox 0 0 2216 3554; ppageno 0'>
   <div class='ocr_carea' id='block_1_1' title="bbox 174 221 1920 289">
    <p class='ocr_par' dir='ltr' id='par_1_1' title="bbox 174 221 1920 289">
     <span class='ocr_line' id='line_1_1' title="bbox 174 221 1920 289; baseline 0.003 -17"><span class='ocrx_word' id='word_1_1' title='bbox 174 221 438 289; x_wconf 80' lang='lat' dir='ltr'><strong>CAP.XIV.]</strong></span> <span class='ocrx_word' id='word_1_2' title='bbox 786 222 792 229; x_wconf 72' lang='grc'><strong>”</strong></span> <span class='ocrx_word' id='word_1_3' title='bbox 827 223 992 273; x_wconf 72' lang='lat' dir='ltr'>Gentis</span> <span class='ocrx_word' id='word_1_4' title='bbox 1026 225 1312 288; x_wconf 71' lang='lat' dir='ltr'>Anylorwm.</span> <span class='ocrx_word' id='word_1_5' title='bbox 1827 232 1920 277; x_wconf 88' lang='grc'>321</span> 
     </span>
    </p>
   </div>
   <div class='ocr_carea' id='block_1_2' title="bbox 171 354 1925 1492">
    <p class='ocr_par' dir='ltr' id='par_1_2' title="bbox 171 354 1925 1492">
     <span class='ocr_line' id='line_1_2' title="bbox 173 354 1917 419; baseline 0.003 -18"><span class='ocrx_word' id='word_1_6' title='bbox 173 355 273 402; x_wconf 90' lang='lat' dir='ltr'>sive</span> <span class='ocrx_word' id='word_1_7' title='bbox 297 356 446 403; x_wconf 90' lang='lat' dir='ltr'>malos</span> <span class='ocrx_word' id='word_1_8' title='bbox 471 355 670 419; x_wconf 90' lang='lat' dir='ltr'>spiritus</span> <span class='ocrx_word' id='word_1_9' title='bbox 695 356 786 404; x_wconf 85' lang='lat' dir='ltr'>sibi</span> <span class='ocrx_word' id='word_1_10' title='bbox 809 354 934 405; x_wconf 87' lang='lat' dir='ltr'>vidit</span> <span class='ocrx_word' id='word_1_11' title='bbox 958 355 1134 414; x_wconf 86' lang='lat' dir='ltr'>offerri,</span> <span class='ocrx_word' id='word_1_12' title='bbox 1162 356 1224 403; x_wconf 94' lang='lat' dir='ltr'>ob</span> <span class='ocrx_word' id='word_1_13' title='bbox 1247 355 1300 403; x_wconf 91' lang='lat' dir='ltr'>id</span> <span class='ocrx_word' id='word_1_14' title='bbox 1325 372 1532 418; x_wconf 85' lang='lat' dir='ltr'>superna</span> <span class='ocrx_word' id='word_1_15' title='bbox 1557 356 1917 419; x_wconf 82' lang='lat' dir='ltr'>dispensatione</span> 
     </span>
     <span class='ocr_line' id='line_1_3' title="bbox 173 436 1918 500; baseline 0.003 -18"><span class='ocrx_word' id='word_1_16' title='bbox 173 437 354 484; x_wconf 86' lang='lat' dir='ltr'>factum</span> <span class='ocrx_word' id='word_1_17' title='bbox 378 441 464 495; x_wconf 84' lang='lat' dir='ltr'>est,</span> <span class='ocrx_word' id='word_1_18' title='bbox 489 442 545 486; x_wconf 91' lang='lat' dir='ltr'>ut</span> <span class='ocrx_word' id='word_1_19' title='bbox 569 438 928 487; x_wconf 86' lang='lat' dir='ltr'><strong>meminerimus</strong></span> <span class='ocrx_word' id='word_1_20' title='bbox 953 439 1080 486; x_wconf 85' lang='lat' dir='ltr'>facta</span> <span class='ocrx_word' id='word_1_21' title='bbox 1105 443 1153 485; x_wconf 88' lang='lat' dir='ltr'>et</span> <span class='ocrx_word' id='word_1_22' title='bbox 1181 436 1499 500; x_wconf 87' lang='lat' dir='ltr'>cogitationes</span> <span class='ocrx_word' id='word_1_23' title='bbox 1532 443 1721 486; x_wconf 90' lang='lat' dir='ltr'>nostras</span> <span class='ocrx_word' id='word_1_24' title='bbox 1746 457 1842 487; x_wconf 90' lang='lat' dir='ltr'>non</span> <span class='ocrx_word' id='word_1_25' title='bbox 1867 442 1918 488; x_wconf 90' lang='lat' dir='ltr'>in</span> 
     </span>
     <span class='ocr_line' id='line_1_4' title="bbox 172 513 1920 582; baseline 0.002 -17"><span class='ocrx_word' id='word_1_26' title='bbox 172 526 372 566; x_wconf 87' lang='lat' dir='ltr'>ventum</span> <span class='ocrx_word' id='word_1_27' title='bbox 396 513 624 579; x_wconf 88' lang='lat' dir='ltr'>diffluere,</span> <span class='ocrx_word' id='word_1_28' title='bbox 650 522 732 568; x_wconf 87' lang='lat' dir='ltr'>sed</span> <span class='ocrx_word' id='word_1_29' title='bbox 761 521 821 568; x_wconf 90' lang='lat' dir='ltr'>ad</span> <span class='ocrx_word' id='word_1_30' title='bbox 853 537 1053 568; x_wconf 84' lang='lat' dir='ltr'>examen</span> <span class='ocrx_word' id='word_1_31' title='bbox 1085 519 1262 567; x_wconf 91' lang='lat' dir='ltr'>summi</span> <span class='ocrx_word' id='word_1_32' title='bbox 1286 519 1318 566; x_wconf 88' lang='lat' dir='ltr'><strong>J</strong></span> <span class='ocrx_word' id='word_1_33' title='bbox 1322 519 1477 566; x_wconf 89' lang='lat' dir='ltr'>udicis</span> <span class='ocrx_word' id='word_1_34' title='bbox 1502 526 1675 567; x_wconf 88' lang='lat' dir='ltr'>cuncta</span> <span class='ocrx_word' id='word_1_35' title='bbox 1708 523 1920 582; x_wconf 86' lang='lat' dir='ltr'>servari;</span> 
     </span>
     <span class='ocr_line' id='line_1_5' title="bbox 174 601 1922 667; baseline 0.003 -21"><span class='ocrx_word' id='word_1_36' title='bbox 174 605 222 646; x_wconf 89' lang='lat' dir='ltr'>et</span> <span class='ocrx_word' id='word_1_37' title='bbox 258 601 358 649; x_wconf 87' lang='lat' dir='ltr'>sive</span> <span class='ocrx_word' id='word_1_38' title='bbox 392 619 481 665; x_wconf 91' lang='lat' dir='ltr'>per</span> <span class='ocrx_word' id='word_1_39' title='bbox 513 603 690 651; x_wconf 89' lang='lat' dir='ltr'>amicos</span> <span class='ocrx_word' id='word_1_40' title='bbox 723 604 919 665; x_wconf 83' lang='lat' dir='ltr'>angelos</span> <span class='ocrx_word' id='word_1_41' title='bbox 953 603 1006 650; x_wconf 92' lang='lat' dir='ltr'>in</span> <span class='ocrx_word' id='word_1_42' title='bbox 1041 601 1136 650; x_wconf 88' lang='lat' dir='ltr'>fine</span> <span class='ocrx_word' id='word_1_43' title='bbox 1173 601 1313 649; x_wconf 91' lang='lat' dir='ltr'>nobis</span> <span class='ocrx_word' id='word_1_44' title='bbox 1349 601 1660 661; x_wconf 87' lang='lat' dir='ltr'>ostendenda,</span> <span class='ocrx_word' id='word_1_45' title='bbox 1698 603 1797 651; x_wconf 88' lang='lat' dir='ltr'>sive</span> <span class='ocrx_word' id='word_1_46' title='bbox 1834 622 1922 667; x_wconf 88' lang='lat' dir='ltr'>per</span> 
     </span>
     <span class='ocr_line' id='line_1_6' title="bbox 174 682 1922 749; baseline 0.003 -21"><span class='ocrx_word' id='word_1_47' title='bbox 174 682 347 732; x_wconf 89' lang='lat' dir='ltr'>hostes.</span> <span class='ocrx_word' id='word_1_48' title='bbox 419 685 561 745; x_wconf 80' lang='lat' dir='ltr'>Quod</span> <span class='ocrx_word' id='word_1_49' title='bbox 583 702 697 734; x_wconf 88' lang='lat' dir='ltr'>vero</span> <span class='ocrx_word' id='word_1_50' title='bbox 728 685 865 748; x_wconf 88' lang='lat' dir='ltr'>prius</span> <span class='ocrx_word' id='word_1_51' title='bbox 889 684 1148 732; x_wconf 89' lang='lat' dir='ltr'>candidum</span> <span class='ocrx_word' id='word_1_52' title='bbox 1173 684 1385 732; x_wconf 85' lang='lat' dir='ltr'>codicem</span> <span class='ocrx_word' id='word_1_53' title='bbox 1415 685 1725 747; x_wconf 87' lang='lat' dir='ltr'>protulerunt</span> <span class='ocrx_word' id='word_1_54' title='bbox 1749 688 1922 749; x_wconf 82' lang='lat' dir='ltr'>angeli,</span> 
     </span>
     <span class='ocr_line' id='line_1_7' title="bbox 174 765 1925 830; baseline 0.003 -19"><span class='ocrx_word' id='word_1_55' title='bbox 174 765 349 813; x_wconf 89' lang='lat' dir='ltr'>deinde</span> <span class='ocrx_word' id='word_1_56' title='bbox 383 772 545 814; x_wconf 89' lang='lat' dir='ltr'>atrum</span> <span class='ocrx_word' id='word_1_57' title='bbox 581 768 849 827; x_wconf 81' lang='lat' dir='ltr'>daemones3</span> <span class='ocrx_word' id='word_1_58' title='bbox 887 768 961 815; x_wconf 92' lang='lat' dir='ltr'>illi</span> <span class='ocrx_word' id='word_1_59' title='bbox 997 784 1303 830; x_wconf 88' lang='lat' dir='ltr'>perparvum,</span> <span class='ocrx_word' id='word_1_60' title='bbox 1340 766 1424 815; x_wconf 89' lang='lat' dir='ltr'>isti</span> <span class='ocrx_word' id='word_1_61' title='bbox 1457 783 1730 816; x_wconf 82' lang='lat' dir='ltr'>enormem:</span> <span class='ocrx_word' id='word_1_62' title='bbox 1768 770 1925 816; x_wconf 90' lang='lat' dir='ltr'>anim-</span> 
     </span>
     <span class='ocr_line' id='line_1_8' title="bbox 173 848 1921 915; baseline 0.003 -21"><span class='ocrx_word' id='word_1_63' title='bbox 173 848 516 897; x_wconf 86' lang='lat' dir='ltr'>advertendum</span> <span class='ocrx_word' id='word_1_64' title='bbox 552 854 625 898; x_wconf 89' lang='lat' dir='ltr'>est</span> <span class='ocrx_word' id='word_1_65' title='bbox 660 851 790 914; x_wconf 91' lang='lat' dir='ltr'>quod</span> <span class='ocrx_word' id='word_1_66' title='bbox 824 850 876 898; x_wconf 91' lang='lat' dir='ltr'>in</span> <span class='ocrx_word' id='word_1_67' title='bbox 909 850 1066 914; x_wconf 89' lang='lat' dir='ltr'>prima</span> <span class='ocrx_word' id='word_1_68' title='bbox 1100 853 1244 898; x_wconf 88' lang='lat' dir='ltr'>aetate</span> <span class='ocrx_word' id='word_1_69' title='bbox 1286 850 1412 898; x_wconf 90' lang='lat' dir='ltr'>bona</span> <span class='ocrx_word' id='word_1_70' title='bbox 1453 850 1616 913; x_wconf 86' lang='lat' dir='ltr'>aliqua</span> <span class='ocrx_word' id='word_1_71' title='bbox 1649 851 1777 910; x_wconf 87' lang='lat' dir='ltr'>fecit,</span> <span class='ocrx_word' id='word_1_72' title='bbox 1814 869 1921 915; x_wconf 87' lang='lat' dir='ltr'>quae</span> 
     </span>
     <span class='ocr_line' id='line_1_9' title="bbox 172 931 1920 997; baseline 0.005 -21"><span class='ocrx_word' id='word_1_73' title='bbox 172 936 331 977; x_wconf 88' lang='lat' dir='ltr'>tamen</span> <span class='ocrx_word' id='word_1_74' title='bbox 370 931 592 980; x_wconf 84' lang='lat' dir='ltr'>universa</span> <span class='ocrx_word' id='word_1_75' title='bbox 628 949 776 996; x_wconf 86' lang='lat' dir='ltr'>prave</span> <span class='ocrx_word' id='word_1_76' title='bbox 818 933 1002 997; x_wconf 88' lang='lat' dir='ltr'>agendo</span> <span class='ocrx_word' id='word_1_77' title='bbox 1037 933 1232 996; x_wconf 85' lang='lat' dir='ltr'>juvenis</span> <span class='ocrx_word' id='word_1_78' title='bbox 1271 933 1589 982; x_wconf 80' lang='lat' dir='ltr'>obnubilavit.</span> <span class='ocrx_word' id='word_1_79' title='bbox 1679 934 1778 994; x_wconf 79' lang='lat' dir='ltr'>Qui</span> <span class='ocrx_word' id='word_1_80' title='bbox 1815 935 1857 982; x_wconf 90' lang='lat' dir='ltr'>si</span> <span class='ocrx_word' id='word_1_81' title='bbox 1894 953 1920 984; x_wconf 89' lang='lat' dir='ltr'>e</span> 
     </span>
     <span class='ocr_line' id='line_1_10' title="bbox 173 1014 1919 1079; baseline 0.004 -21"><span class='ocrx_word' id='word_1_82' title='bbox 173 1014 411 1061; x_wconf 86' lang='lat' dir='ltr'>contrario</span> <span class='ocrx_word' id='word_1_83' title='bbox 443 1031 626 1062; x_wconf 92' lang='lat' dir='ltr'>errores</span> <span class='ocrx_word' id='word_1_84' title='bbox 653 1015 874 1078; x_wconf 88' lang='lat' dir='ltr'>pueritiae</span> <span class='ocrx_word' id='word_1_85' title='bbox 907 1015 1144 1079; x_wconf 81' lang='lat' dir='ltr'>corrigere</span> <span class='ocrx_word' id='word_1_86' title='bbox 1177 1015 1227 1061; x_wconf 89' lang='lat' dir='ltr'>in</span> <span class='ocrx_word' id='word_1_87' title='bbox 1262 1015 1596 1075; x_wconf 87' lang='lat' dir='ltr'>adolescentia,</span> <span class='ocrx_word' id='word_1_88' title='bbox 1626 1033 1680 1064; x_wconf 91' lang='lat' dir='ltr'>ac</span> <span class='ocrx_word' id='word_1_89' title='bbox 1710 1017 1831 1065; x_wconf 91' lang='lat' dir='ltr'>bene</span> <span class='ocrx_word' id='word_1_90' title='bbox 1852 1018 1919 1065; x_wconf 88' lang='lat' dir='ltr'>fa·</span> 
     </span>
     <span class='ocr_line' id='line_1_11' title="bbox 173 1095 1918 1161; baseline 0.004 -20"><span class='ocrx_word' id='word_1_91' title='bbox 173 1095 341 1143; x_wconf 89' lang='lat' dir='ltr'>ciendo</span> <span class='ocrx_word' id='word_1_92' title='bbox 375 1113 404 1143; x_wconf 88' lang='lat' dir='ltr'>a</span> <span class='ocrx_word' id='word_1_93' title='bbox 439 1097 531 1144; x_wconf 92' lang='lat' dir='ltr'>Dei</span> <span class='ocrx_word' id='word_1_94' title='bbox 566 1098 715 1146; x_wconf 86' lang='lat' dir='ltr'>oculis</span> <span class='ocrx_word' id='word_1_95' title='bbox 747 1098 1038 1146; x_wconf 87' lang='lat' dir='ltr'>abscondere</span> <span class='ocrx_word' id='word_1_96' title='bbox 1071 1102 1295 1156; x_wconf 77' lang='lat' dir='ltr'>curasset,</span> <span class='ocrx_word' id='word_1_97' title='bbox 1326 1104 1487 1161; x_wconf 90' lang='lat' dir='ltr'>posset</span> <span class='ocrx_word' id='word_1_98' title='bbox 1519 1115 1686 1147; x_wconf 88' lang='lat' dir='ltr'>eorum</span> <span class='ocrx_word' id='word_1_99' title='bbox 1718 1117 1918 1148; x_wconf 87' lang='lat' dir='ltr'>numero</span> 
     </span>
     <span class='ocr_line' id='line_1_12' title="bbox 172 1178 1922 1244; baseline 0.003 -20"><span class='ocrx_word' id='word_1_100' title='bbox 172 1178 356 1237; x_wconf 86' lang='lat' dir='ltr'>sociari,</span> <span class='ocrx_word' id='word_1_101' title='bbox 381 1178 440 1227; x_wconf 89' lang='lat' dir='ltr'>de</span> <span class='ocrx_word' id='word_1_102' title='bbox 476 1180 650 1244; x_wconf 88' lang='lat' dir='ltr'>quibus</span> <span class='ocrx_word' id='word_1_103' title='bbox 684 1181 754 1228; x_wconf 89' lang='lat' dir='ltr'>ait</span> <span class='ocrx_word' id='word_1_104' title='bbox 787 1181 1074 1229; x_wconf 88' lang='lat' dir='ltr'>Psalmus¹:</span> <span class='ocrx_word' id='word_1_105' title='bbox 1115 1184 1127 1205; x_wconf 92' lang='lat'>‘</span> <span class='ocrx_word' id='word_1_106' title='bbox 1144 1180 1286 1228; x_wconf 88' lang='lat' dir='ltr'>Beati</span> <span class='ocrx_word' id='word_1_107' title='bbox 1317 1197 1524 1244; x_wconf 88' lang='lat' dir='ltr'>quorum</span> <span class='ocrx_word' id='word_1_108' title='bbox 1560 1181 1773 1230; x_wconf 74' lang='lat' dir='ltr'>remissae</span> <span class='ocrx_word' id='word_1_109' title='bbox 1805 1188 1922 1231; x_wconf 89' lang='lat' dir='ltr'>sunt</span> 
     </span>
     <span class='ocr_line' id='line_1_13' title="bbox 172 1261 1918 1326; baseline 0.003 -19"><span class='ocrx_word' id='word_1_110' title='bbox 172 1261 465 1322; x_wconf 80' lang='lat' dir='ltr'>iniquitates,</span> <span class='ocrx_word' id='word_1_111' title='bbox 503 1267 552 1310; x_wconf 91' lang='lat' dir='ltr'>et</span> <span class='ocrx_word' id='word_1_112' title='bbox 585 1280 792 1326; x_wconf 87' lang='lat' dir='ltr'>quorum</span> <span class='ocrx_word' id='word_1_113' title='bbox 825 1268 953 1311; x_wconf 89' lang='lat' dir='ltr'>tecta</span> <span class='ocrx_word' id='word_1_114' title='bbox 995 1269 1111 1311; x_wconf 91' lang='lat' dir='ltr'>sunt</span> <span class='ocrx_word' id='word_1_115' title='bbox 1157 1263 1379 1326; x_wconf 86' lang='lat' dir='ltr'>peccata.&#39;</span> <span class='ocrx_word' id='word_1_116' title='bbox 1474 1263 1616 1311; x_wconf 86' lang='lat' dir='ltr'>Hanc</span> <span class='ocrx_word' id='word_1_117' title='bbox 1654 1264 1918 1325; x_wconf 84' lang='lat' dir='ltr'>historiam,</span> 
     </span>
     <span class='ocr_line' id='line_1_14' title="bbox 171 1343 1920 1409; baseline 0.004 -20"><span class='ocrx_word' id='word_1_118' title='bbox 171 1343 297 1391; x_wconf 88' lang='lat' dir='ltr'>sicut</span> <span class='ocrx_word' id='word_1_119' title='bbox 342 1361 372 1391; x_wconf 87' lang='lat' dir='ltr'>a</span> <span class='ocrx_word' id='word_1_120' title='bbox 416 1345 678 1393; x_wconf 87' lang='lat' dir='ltr'>venerabili</span> <span class='ocrx_word' id='word_1_121' title='bbox 725 1346 945 1394; x_wconf 85' lang='lat' dir='ltr'>antistite</span> <span class='ocrx_word' id='word_1_122' title='bbox 992 1346 1268 1394; x_wconf 90' lang='lat' dir='ltr'>Pecthelmo</span> <span class='ocrx_word' id='word_1_123' title='bbox 1317 1345 1480 1405; x_wconf 85' lang='lat' dir='ltr'>didici,</span> <span class='ocrx_word' id='word_1_124' title='bbox 1526 1345 1812 1409; x_wconf 87' lang='lat' dir='ltr'>simpliciter</span> <span class='ocrx_word' id='word_1_125' title='bbox 1859 1350 1920 1396; x_wconf 92' lang='lat' dir='ltr'>ob</span> 
     </span>
     <span class='ocr_line' id='line_1_15' title="bbox 171 1426 1828 1492; baseline 0.004 -20"><span class='ocrx_word' id='word_1_126' title='bbox 171 1426 375 1474; x_wconf 87' lang='lat' dir='ltr'>salutem</span> <span class='ocrx_word' id='word_1_127' title='bbox 409 1428 674 1490; x_wconf 86' lang='lat' dir='ltr'>legentium</span> <span class='ocrx_word' id='word_1_128' title='bbox 708 1428 810 1477; x_wconf 83' lang='lat' dir='ltr'>sive</span> <span class='ocrx_word' id='word_1_129' title='bbox 844 1428 1147 1477; x_wconf 88' lang='lat' dir='ltr'>audientium</span> <span class='ocrx_word' id='word_1_130' title='bbox 1182 1428 1471 1476; x_wconf 85' lang='lat' dir='ltr'>narrandam</span> <span class='ocrx_word' id='word_1_131' title='bbox 1507 1445 1608 1478; x_wconf 88' lang='lat' dir='ltr'>esse</span> <span class='ocrx_word' id='word_1_132' title='bbox 1644 1430 1828 1492; x_wconf 85' lang='lat' dir='ltr'>putavi.</span> 
     </span>
    </p>
   </div>
   <div class='ocr_carea' id='block_1_3' title="bbox 885 1730 1200 1780">
    <p class='ocr_par' dir='ltr' id='par_1_3' title="bbox 885 1730 1200 1780">
     <span class='ocr_line' id='line_1_16' title="bbox 885 1730 1200 1780; baseline -0.006 0"><span class='ocrx_word' id='word_1_133' title='bbox 885 1730 1027 1780; x_wconf 81' lang='lat' dir='ltr'>CAP.</span> <span class='ocrx_word' id='word_1_134' title='bbox 1066 1730 1200 1778; x_wconf 91' lang='lat' dir='ltr'><strong>XIV.</strong></span> 
     </span>
    </p>
   </div>
   <div class='ocr_carea' id='block_1_4' title="bbox 235 1860 1854 1972">
    <p class='ocr_par' dir='ltr' id='par_1_4' title="bbox 235 1860 1854 1972">
     <span class='ocr_line' id='line_1_17' title="bbox 235 1860 1854 1917; baseline 0.003 -16"><span class='ocrx_word' id='word_1_135' title='bbox 235 1860 286 1901; x_wconf 83' lang='lat' dir='ltr'>Ut</span> <span class='ocrx_word' id='word_1_136' title='bbox 305 1863 402 1902; x_wconf 77' lang='lat' dir='ltr'>item</span> <span class='ocrx_word' id='word_1_137' title='bbox 420 1862 532 1903; x_wconf 79' lang='lat' dir='ltr'>alius</span> <span class='ocrx_word' id='word_1_138' title='bbox 552 1864 777 1904; x_wconf 72' lang='lat' dir='ltr'>moriturus</span> <span class='ocrx_word' id='word_1_139' title='bbox 795 1864 1033 1914; x_wconf 27' lang='lat' dir='ltr'>deputatam*</span> <span class='ocrx_word' id='word_1_140' title='bbox 1059 1863 1142 1902; x_wconf 73' lang='lat' dir='ltr'>sibi</span> <span class='ocrx_word' id='word_1_141' title='bbox 1169 1863 1284 1914; x_wconf 78' lang='lat' dir='ltr'>apud</span> <span class='ocrx_word' id='word_1_142' title='bbox 1309 1862 1462 1914; x_wconf 76' lang='lat' dir='ltr'>inferos</span> <span class='ocrx_word' id='word_1_143' title='bbox 1486 1862 1616 1904; x_wconf 77' lang='lat' dir='ltr'>locam</span> <span class='ocrx_word' id='word_1_144' title='bbox 1640 1878 1854 1917; x_wconf 77' lang='lat' dir='ltr'>pomarum</span> 
     </span>
     <span class='ocr_line' id='line_1_18' title="bbox 959 1933 1126 1972; baseline 0 0"><span class='ocrx_word' id='word_1_145' title='bbox 959 1933 1126 1972; x_wconf 76' lang='lat' dir='ltr'>viderit.</span> 
     </span>
    </p>
   </div>
   <div class='ocr_carea' id='block_1_5' title="bbox 164 2051 1919 3188">
    <p class='ocr_par' dir='ltr' id='par_1_5' title="bbox 166 2051 1919 2362">
     <span class='ocr_line' id='line_1_19' title="bbox 235 2051 1919 2116; baseline 0.002 -18"><span class='ocrx_word' id='word_1_146' title='bbox 235 2051 378 2099; x_wconf 84' lang='lat' dir='ltr'><strong>NOVI</strong></span> <span class='ocrx_word' id='word_1_147' title='bbox 412 2057 574 2100; x_wconf 88' lang='lat' dir='ltr'>autem</span> <span class='ocrx_word' id='word_1_148' title='bbox 610 2051 715 2114; x_wconf 87' lang='lat' dir='ltr'>ipse</span> <span class='ocrx_word' id='word_1_149' title='bbox 755 2051 954 2099; x_wconf 88' lang='lat' dir='ltr'>fratrem</span> <span class='ocrx_word' id='word_1_150' title='bbox 997 2068 1141 2115; x_wconf 91' lang='lat' dir='ltr'>quem</span> <span class='ocrx_word' id='word_1_151' title='bbox 1176 2051 1368 2099; x_wconf 92' lang='lat' dir='ltr'>utinam</span> <span class='ocrx_word' id='word_1_152' title='bbox 1408 2068 1506 2099; x_wconf 94' lang='lat' dir='ltr'>non</span> <span class='ocrx_word' id='word_1_153' title='bbox 1547 2069 1749 2113; x_wconf 84' lang='lat' dir='ltr'>nossem,</span> <span class='ocrx_word' id='word_1_154' title='bbox 1785 2055 1919 2116; x_wconf 86' lang='lat' dir='ltr'>cujus</span> 
     </span>
     <span class='ocr_line' id='line_1_20' title="bbox 167 2134 1857 2212; baseline 0 -31"><span class='ocrx_word' id='word_1_155' title='bbox 167 2135 314 2182; x_wconf 90' lang='lat' dir='ltr'>etiam</span> <span class='ocrx_word' id='word_1_156' title='bbox 348 2152 521 2183; x_wconf 92' lang='lat' dir='ltr'>nomen</span> <span class='ocrx_word' id='word_1_157' title='bbox 557 2134 600 2182; x_wconf 88' lang='lat' dir='ltr'>si</span> <span class='ocrx_word' id='word_1_158' title='bbox 634 2134 722 2182; x_wconf 94' lang='lat' dir='ltr'>hoc</span> <span class='ocrx_word' id='word_1_159' title='bbox 758 2134 943 2198; x_wconf 87' lang='lat' dir='ltr'>aliquid</span> <span class='ocrx_word' id='word_1_160' title='bbox 979 2134 1226 2197; x_wconf 78' lang='lat' dir='ltr'>prodesset</span> <span class='ocrx_word' id='word_1_161' title='bbox 1264 2134 1423 2182; x_wconf 83' lang='lat' dir='ltr'>dicere</span> <span class='ocrx_word' id='word_1_162' title='bbox 1467 2151 1573 2197; x_wconf 90' lang='lat' dir='ltr'>pos·</span> <span class='ocrx_word' id='word_1_163' title='bbox 1641 2177 1770 2212; x_wconf 84' lang='lat' dir='ltr'>vision</span> <span class='ocrx_word' id='word_1_164' title='bbox 1781 2177 1857 2211; x_wconf 79' lang='lat' dir='ltr'>osa</span> 
     </span>
     <span class='ocr_line' id='line_1_21' title="bbox 167 2216 1808 2282; baseline -0.002 -18"><span class='ocrx_word' id='word_1_165' title='bbox 167 2234 279 2274; x_wconf 91' lang='lat' dir='ltr'>sem,</span> <span class='ocrx_word' id='word_1_166' title='bbox 335 2216 549 2279; x_wconf 90' lang='lat' dir='ltr'>positum</span> <span class='ocrx_word' id='word_1_167' title='bbox 602 2217 654 2264; x_wconf 94' lang='lat' dir='ltr'>in</span> <span class='ocrx_word' id='word_1_168' title='bbox 711 2216 1002 2265; x_wconf 88' lang='lat' dir='ltr'>monasterio</span> <span class='ocrx_word' id='word_1_169' title='bbox 1061 2216 1224 2274; x_wconf 87' lang='lat' dir='ltr'>nobili,</span> <span class='ocrx_word' id='word_1_170' title='bbox 1274 2216 1357 2264; x_wconf 90' lang='lat' dir='ltr'>sed</span> <span class='ocrx_word' id='word_1_171' title='bbox 1414 2216 1578 2279; x_wconf 86' lang='lat' dir='ltr'>ipsum</span> <span class='ocrx_word' id='word_1_172' title='bbox 1691 2227 1808 2282; x_wconf 52' lang='lat' dir='ltr'>dying</span> 
     </span>
     <span class='ocr_line' id='line_1_22' title="bbox 166 2276 1856 2362; baseline 0 -17"><span class='ocrx_word' id='word_1_173' title='bbox 166 2299 446 2361; x_wconf 86' lang='lat' dir='ltr'>ignobiliter</span> <span class='ocrx_word' id='word_1_174' title='bbox 468 2298 726 2347; x_wconf 87' lang='lat' dir='ltr'>viventem.</span> <span class='ocrx_word' id='word_1_175' title='bbox 800 2299 1163 2362; x_wconf 86' lang='lat' dir='ltr'>Corripiebatur</span> <span class='ocrx_word' id='word_1_176' title='bbox 1187 2298 1381 2362; x_wconf 87' lang='lat' dir='ltr'>quidem</span> <span class='ocrx_word' id='word_1_177' title='bbox 1408 2298 1574 2346; x_wconf 85' lang='lat' dir='ltr'>sedulo</span> <span class='ocrx_word' id='word_1_178' title='bbox 1642 2276 1856 2311; x_wconf 74' lang='lat' dir='ltr'>Bennman.</span> 
     </span>
    </p>

    <p class='ocr_par' dir='ltr' id='par_1_6' title="bbox 164 2378 1916 3188">
     <span class='ocr_line' id='line_1_23' title="bbox 166 2378 1914 2445; baseline -0.002 -16"><span class='ocrx_word' id='word_1_179' title='bbox 166 2400 194 2429; x_wconf 87' lang='lat' dir='ltr'>a</span> <span class='ocrx_word' id='word_1_180' title='bbox 241 2381 474 2429; x_wconf 87' lang='lat' dir='ltr'>fratribus</span> <span class='ocrx_word' id='word_1_181' title='bbox 521 2398 575 2429; x_wconf 90' lang='lat' dir='ltr'>ac</span> <span class='ocrx_word' id='word_1_182' title='bbox 620 2382 882 2445; x_wconf 81' lang='lat' dir='ltr'>majoribus</span> <span class='ocrx_word' id='word_1_183' title='bbox 924 2383 1028 2441; x_wconf 86' lang='lat' dir='ltr'>loci,</span> <span class='ocrx_word' id='word_1_184' title='bbox 1073 2388 1218 2445; x_wconf 88' lang='lat' dir='ltr'>atque</span> <span class='ocrx_word' id='word_1_185' title='bbox 1265 2382 1325 2430; x_wconf 87' lang='lat' dir='ltr'>ad</span> <span class='ocrx_word' id='word_1_186' title='bbox 1367 2381 1724 2444; x_wconf 80' lang='lat' dir='ltr'>castigatiorem</span> <span class='ocrx_word' id='word_1_187' title='bbox 1763 2378 1914 2426; x_wconf 88' lang='lat' dir='ltr'>vitam</span> 
     </span>
     <span class='ocr_line' id='line_1_24' title="bbox 168 2462 1916 2528; baseline -0.002 -16"><span class='ocrx_word' id='word_1_188' title='bbox 168 2465 380 2513; x_wconf 87' lang='lat' dir='ltr'>converti</span> <span class='ocrx_word' id='word_1_189' title='bbox 403 2466 780 2514; x_wconf 87' lang='lat' dir='ltr'>ammonebatur.</span> <span class='ocrx_word' id='word_1_190' title='bbox 875 2466 943 2514; x_wconf 72' lang='lat' dir='ltr'>Et</span> <span class='ocrx_word' id='word_1_191' title='bbox 968 2465 1186 2528; x_wconf 89' lang='lat' dir='ltr'>quamvis</span> <span class='ocrx_word' id='word_1_192' title='bbox 1215 2482 1294 2513; x_wconf 91' lang='lat' dir='ltr'>eos</span> <span class='ocrx_word' id='word_1_193' title='bbox 1326 2465 1495 2513; x_wconf 89' lang='lat' dir='ltr'>audire</span> <span class='ocrx_word' id='word_1_194' title='bbox 1528 2464 1772 2522; x_wconf 87' lang='lat' dir='ltr'>noluisset,</span> <span class='ocrx_word' id='word_1_195' title='bbox 1798 2462 1916 2510; x_wconf 90' lang='lat' dir='ltr'>tole-</span> 
     </span>
     <span class='ocr_line' id='line_1_25' title="bbox 167 2547 1916 2612; baseline -0.001 -19"><span class='ocrx_word' id='word_1_196' title='bbox 167 2547 367 2595; x_wconf 86' lang='lat' dir='ltr'>rabatur</span> <span class='ocrx_word' id='word_1_197' title='bbox 406 2555 571 2596; x_wconf 88' lang='lat' dir='ltr'>tamen</span> <span class='ocrx_word' id='word_1_198' title='bbox 617 2548 678 2596; x_wconf 92' lang='lat' dir='ltr'>ab</span> <span class='ocrx_word' id='word_1_199' title='bbox 725 2548 794 2596; x_wconf 90' lang='lat' dir='ltr'>eis</span> <span class='ocrx_word' id='word_1_200' title='bbox 841 2548 1196 2612; x_wconf 88' lang='lat' dir='ltr'>longanimiter,</span> <span class='ocrx_word' id='word_1_201' title='bbox 1233 2548 1295 2596; x_wconf 94' lang='lat' dir='ltr'>ob</span> <span class='ocrx_word' id='word_1_202' title='bbox 1337 2548 1668 2596; x_wconf 80' lang='lat' dir='ltr'>necessitatem</span> <span class='ocrx_word' id='word_1_203' title='bbox 1716 2562 1916 2610; x_wconf 90' lang='lat' dir='ltr'>operum</span> 
     </span>
     <span class='ocr_line' id='line_1_26' title="bbox 167 2628 1916 2692; baseline -0.001 -16"><span class='ocrx_word' id='word_1_204' title='bbox 167 2629 319 2692; x_wconf 86' lang='lat' dir='ltr'>ipsius</span> <span class='ocrx_word' id='word_1_205' title='bbox 343 2629 667 2678; x_wconf 82' lang='lat' dir='ltr'>exteriorum:</span> <span class='ocrx_word' id='word_1_206' title='bbox 704 2634 808 2677; x_wconf 87' lang='lat' dir='ltr'>erat</span> <span class='ocrx_word' id='word_1_207' title='bbox 839 2630 968 2678; x_wconf 84' lang='lat' dir='ltr'>enim</span> <span class='ocrx_word' id='word_1_208' title='bbox 991 2630 1155 2678; x_wconf 86' lang='lat' dir='ltr'>fabrili</span> <span class='ocrx_word' id='word_1_209' title='bbox 1187 2635 1292 2678; x_wconf 88' lang='lat' dir='ltr'>arte</span> <span class='ocrx_word' id='word_1_210' title='bbox 1324 2629 1594 2692; x_wconf 85' lang='lat' dir='ltr'>singularis.</span> <span class='ocrx_word' id='word_1_211' title='bbox 1666 2628 1916 2677; x_wconf 81' lang='lat' dir='ltr'>Serviebat</span> 
     </span>
     <span class='ocr_line' id='line_1_27' title="bbox 166 2710 1912 2768; baseline -0.002 -9"><span class='ocrx_word' id='word_1_212' title='bbox 166 2719 328 2760; x_wconf 88' lang='lat' dir='ltr'>autem</span> <span class='ocrx_word' id='word_1_213' title='bbox 364 2712 574 2759; x_wconf 89' lang='lat' dir='ltr'>multum</span> <span class='ocrx_word' id='word_1_214' title='bbox 608 2711 831 2759; x_wconf 88' lang='lat' dir='ltr'>ebrietati</span> <span class='ocrx_word' id='word_1_215' title='bbox 867 2717 916 2759; x_wconf 90' lang='lat' dir='ltr'>et</span> <span class='ocrx_word' id='word_1_216' title='bbox 952 2711 1136 2759; x_wconf 88' lang='lat' dir='ltr'>caeteris</span> <span class='ocrx_word' id='word_1_217' title='bbox 1172 2711 1286 2760; x_wconf 78' lang='lat' dir='ltr'>vitae</span> <span class='ocrx_word' id='word_1_218' title='bbox 1318 2711 1603 2760; x_wconf 86' lang='lat' dir='ltr'>remissioris</span> <span class='ocrx_word' id='word_1_219' title='bbox 1631 2710 1884 2759; x_wconf 90' lang='lat' dir='ltr'>inlecebris</span> <span class='ocrx_word' id='word_1_220' title='bbox 1900 2726 1912 2768; x_wconf 86' lang='lat'>;</span> 
     </span>
     <span class='ocr_line' id='line_1_28' title="bbox 167 2791 1912 2858; baseline -0.002 -17"><span class='ocrx_word' id='word_1_221' title='bbox 167 2795 413 2857; x_wconf 82' lang='lat' dir='ltr'>magisque</span> <span class='ocrx_word' id='word_1_222' title='bbox 449 2794 501 2841; x_wconf 91' lang='lat' dir='ltr'>in</span> <span class='ocrx_word' id='word_1_223' title='bbox 537 2794 723 2842; x_wconf 89' lang='lat' dir='ltr'>officina</span> <span class='ocrx_word' id='word_1_224' title='bbox 755 2811 842 2842; x_wconf 86' lang='lat' dir='ltr'>sua</span> <span class='ocrx_word' id='word_1_225' title='bbox 873 2793 951 2841; x_wconf 89' lang='lat' dir='ltr'>die</span> <span class='ocrx_word' id='word_1_226' title='bbox 987 2797 1227 2856; x_wconf 90' lang='lat' dir='ltr'>noctuque</span> <span class='ocrx_word' id='word_1_227' title='bbox 1262 2793 1482 2854; x_wconf 87' lang='lat' dir='ltr'>residere,</span> <span class='ocrx_word' id='word_1_228' title='bbox 1514 2811 1659 2858; x_wconf 81' lang='lat' dir='ltr'>quam</span> <span class='ocrx_word' id='word_1_229' title='bbox 1690 2795 1752 2842; x_wconf 91' lang='lat' dir='ltr'>ad</span> <span class='ocrx_word' id='word_1_230' title='bbox 1789 2791 1912 2855; x_wconf 89' lang='lat' dir='ltr'>psal-</span> 
     </span>
     <span class='ocr_line' id='line_1_29' title="bbox 166 2875 1911 2941; baseline -0.002 -18"><span class='ocrx_word' id='word_1_231' title='bbox 166 2877 361 2924; x_wconf 88' lang='lat' dir='ltr'>lendum</span> <span class='ocrx_word' id='word_1_232' title='bbox 385 2881 531 2939; x_wconf 85' lang='lat' dir='ltr'>atque</span> <span class='ocrx_word' id='word_1_233' title='bbox 555 2876 788 2924; x_wconf 87' lang='lat' dir='ltr'>orandum</span> <span class='ocrx_word' id='word_1_234' title='bbox 812 2876 864 2923; x_wconf 90' lang='lat' dir='ltr'>in</span> <span class='ocrx_word' id='word_1_235' title='bbox 897 2875 1095 2923; x_wconf 89' lang='lat' dir='ltr'>ecclesia</span> <span class='ocrx_word' id='word_1_236' title='bbox 1123 2876 1512 2941; x_wconf 87' lang='lat' dir='ltr'>audiendumque</span> <span class='ocrx_word' id='word_1_237' title='bbox 1544 2894 1652 2924; x_wconf 85' lang='lat' dir='ltr'>cum</span> <span class='ocrx_word' id='word_1_238' title='bbox 1680 2875 1911 2924; x_wconf 89' lang='lat' dir='ltr'>fratribus</span> 
     </span>
     <span class='ocr_line' id='line_1_30' title="bbox 164 2955 1911 3020; baseline -0.003 -13"><span class='ocrx_word' id='word_1_239' title='bbox 164 2960 367 3007; x_wconf 86' lang='lat' dir='ltr'>verbum</span> <span class='ocrx_word' id='word_1_240' title='bbox 408 2958 536 3016; x_wconf 86' lang='lat' dir='ltr'>vitae,</span> <span class='ocrx_word' id='word_1_241' title='bbox 581 2974 860 3006; x_wconf 90' lang='lat' dir='ltr'>concurrere</span> <span class='ocrx_word' id='word_1_242' title='bbox 901 2963 1165 3006; x_wconf 87' lang='lat' dir='ltr'>consuerat.</span> <span class='ocrx_word' id='word_1_243' title='bbox 1255 2958 1400 3007; x_wconf 85' lang='lat' dir='ltr'>Unde</span> <span class='ocrx_word' id='word_1_244' title='bbox 1439 2959 1615 3008; x_wconf 89' lang='lat' dir='ltr'>accidit</span> <span class='ocrx_word' id='word_1_245' title='bbox 1657 2959 1743 3016; x_wconf 91' lang='lat' dir='ltr'>illi,</span> <span class='ocrx_word' id='word_1_246' title='bbox 1783 2955 1911 3020; x_wconf 90' lang='lat' dir='ltr'>quod</span> 
     </span>
     <span class='ocr_line' id='line_1_31' title="bbox 166 3039 1911 3104; baseline -0.002 -15"><span class='ocrx_word' id='word_1_247' title='bbox 166 3043 321 3089; x_wconf 85' lang='lat' dir='ltr'>solent</span> <span class='ocrx_word' id='word_1_248' title='bbox 345 3041 501 3089; x_wconf 88' lang='lat' dir='ltr'>dicere</span> <span class='ocrx_word' id='word_1_249' title='bbox 526 3040 735 3103; x_wconf 86' lang='lat' dir='ltr'>quidam,</span> <span class='ocrx_word' id='word_1_250' title='bbox 763 3039 877 3103; x_wconf 87' lang='lat' dir='ltr'>quia</span> <span class='ocrx_word' id='word_1_251' title='bbox 901 3041 984 3103; x_wconf 91' lang='lat' dir='ltr'>qui</span> <span class='ocrx_word' id='word_1_252' title='bbox 1020 3057 1118 3087; x_wconf 89' lang='lat' dir='ltr'>non</span> <span class='ocrx_word' id='word_1_253' title='bbox 1143 3041 1251 3088; x_wconf 87' lang='lat' dir='ltr'>vult</span> <span class='ocrx_word' id='word_1_254' title='bbox 1283 3041 1492 3089; x_wconf 78' lang='lat' dir='ltr'>ecclesiae</span> <span class='ocrx_word' id='word_1_255' title='bbox 1513 3043 1711 3104; x_wconf 83' lang='lat' dir='ltr'>januam</span> <span class='ocrx_word' id='word_1_256' title='bbox 1743 3043 1911 3102; x_wconf 87' lang='lat' dir='ltr'>sponte</span> 
     </span>
     <span class='ocr_line' id='line_1_32' title="bbox 168 3121 1909 3188; baseline -0.002 -16"><span class='ocrx_word' id='word_1_257' title='bbox 168 3124 452 3173; x_wconf 86' lang='lat' dir='ltr'>humiliatus</span> <span class='ocrx_word' id='word_1_258' title='bbox 476 3122 679 3188; x_wconf 88' lang='lat' dir='ltr'>ingredi,</span> <span class='ocrx_word' id='word_1_259' title='bbox 706 3139 894 3170; x_wconf 87' lang='lat' dir='ltr'>necesse</span> <span class='ocrx_word' id='word_1_260' title='bbox 918 3121 1063 3170; x_wconf 89' lang='lat' dir='ltr'>habet</span> <span class='ocrx_word' id='word_1_261' title='bbox 1099 3122 1150 3170; x_wconf 89' lang='lat' dir='ltr'>in</span> <span class='ocrx_word' id='word_1_262' title='bbox 1180 3123 1380 3187; x_wconf 85' lang='lat' dir='ltr'>januam</span> <span class='ocrx_word' id='word_1_263' title='bbox 1413 3123 1592 3172; x_wconf 88' lang='lat' dir='ltr'>inferni</span> <span class='ocrx_word' id='word_1_264' title='bbox 1622 3139 1718 3170; x_wconf 90' lang='lat' dir='ltr'>non</span> <span class='ocrx_word' id='word_1_265' title='bbox 1742 3125 1909 3186; x_wconf 88' lang='lat' dir='ltr'>sponte</span> 
     </span>
    </p>
   </div>
   <div class='ocr_carea' id='block_1_6' title="bbox 710 3266 1354 3385">
    <p class='ocr_par' dir='ltr' id='par_1_7' title="bbox 710 3266 1354 3385">
     <span class='ocr_line' id='line_1_33' title="bbox 710 3266 1354 3320; baseline 0.006 -13"><span class='ocrx_word' id='word_1_266' title='bbox 710 3267 724 3291; x_wconf 82' lang='lat'><strong>¹</strong></span> <span class='ocrx_word' id='word_1_267' title='bbox 758 3267 823 3308; x_wconf 82' lang='lat' dir='ltr'>ait</span> <span class='ocrx_word' id='word_1_268' title='bbox 841 3266 1054 3320; x_wconf 71' lang='lat' dir='ltr'>Psalmua]</span> <span class='ocrx_word' id='word_1_269' title='bbox 1077 3266 1144 3309; x_wconf 82' lang='lat' dir='ltr'>Ps.</span> <span class='ocrx_word' id='word_1_270' title='bbox 1163 3269 1293 3310; x_wconf 81' lang='lat' dir='ltr'>xxxii.</span> <span class='ocrx_word' id='word_1_271' title='bbox 1317 3282 1354 3311; x_wconf 87' lang='lat'>1.</span> 
     </span>
     <span class='ocr_line' id='line_1_34' title="bbox 1019 3351 1052 3385; baseline 0 0"><span class='ocrx_word' id='word_1_272' title='bbox 1019 3351 1052 3385; x_wconf 77' lang='lat' dir='ltr'><strong>Y</strong></span> 
     </span>
    </p>
   </div>
  </div>
 </body>
</html>
