2216 3554
392 730 839 796 HISTORIAE
914 730 1604 795 ECOLESIASTIOAE
1670 729 1996 795 GENTIs

933 864 1422 929 ANGLORUM

801 1054 1090 1107 LIBER
1133 1054 1579 1119 omnmos

1065 1230 1214 1282 OAP.
1262 1231 1306 1282 P.

379 1371 430 1414 Ut
454 1371 674 1415 oidiluald
691 1383 888 1414 successor
907 1369 1128 1415 cudbercti
1146 1372 1193 1413 in
1212 1371 1502 1413 anachoretica
1521 1371 1620 1420 vita,
1643 1370 1924 1414 laborantibus
1943 1371 1992 1413 ia

677 1442 790 1484 mari
802 1442 1030 1495 fratribus,
1053 1446 1330 1494 tempestatem
1350 1441 1507 1483 orando
1526 1442 1741 1483 sedaverit.

396 1567 729 1618 UGOESSIT
774 1575 942 1618 autem
978 1569 1087 1619 viro
1129 1566 1328 1617 Domini
1370 1567 1660 1627 cudbercto,
1699 1566 1751 1615 in
1798 1568 2065 1618 exercenda

440 1652 545 1700 vita
585 1651 802 1700 solitaria
836 1668 984 1716 quam
1017 1651 1072 1700 in
1110 1650 1272 1700 insula
1306 1650 1464 1700 Farne
1497 1655 1613 1700 ante
1648 1650 1952 1718 episcopatus
1988 1652 2063 1700 sui

389 1734 563 1798 Affi‚'‘⁶37‚
647 1739 868 1798 tempora
913 1735 1126 1799 gerebat,
1173 1734 1252 1782 vir
1296 1732 1588 1783 venerabilis
1634 1733 1884 1782 oidiluald
1899 1734 1931 1794 ¹,
1979 1734 2065 1799 qui

362 1811 590 1899 Ᾰὲζῑὲξὲῖἓὲᾱ
647 1817 816 1865 multis
862 1817 1004 1866 annis
1049 1816 1102 1865 in
1150 1817 1444 1866 monasterio
1491 1815 1622 1880 quod
1668 1814 1852 1865 dicitur
1889 1816 2064 1880 Inhry-

339 1909 555 1968 eathbepht
569 1913 610 1948 in
646 1915 765 1962 pum
780 1901 798 1926 ²
844 1903 1095 1963 acceptum
1140 1898 1506 1962 presbyteratus
1553 1899 1766 1946 officium
1812 1899 2064 1963 condignis

356 1959 594 2049 ωξξῗὲῗὲᾶθ
647 1981 804 2045 gradu
849 1981 954 2046 ipse
1001 1981 1309 2030 consecrabat
1355 1982 1556 2031 actibus.
1627 1980 1778 2045 Cujus
1819 1988 1875 2030 ut
1922 1983 2075 2031 meri·

403 2062 548 2104 leland,
647 2069 757 2111 tum
790 2064 868 2112 vel
902 2063 1006 2112 vita
1040 2063 1197 2127 qualis
1232 2063 1394 2124 fuerit,
1420 2063 1600 2113 certius
1635 2064 1879 2124 clarescat,
1909 2081 2063 2114 unum

303 2143 405 2204 eJ'us
451 2160 594 2193 narro
641 2145 931 2195 miraculum
976 2147 1106 2210 quod
1152 2146 1275 2194 mihi
1321 2163 1448 2195 unus
1505 2164 1532 2195 e
1578 2147 1815 2195 fratribus
1861 2153 2076 2211 propter-

306 2243 427 2290 quos
486 2232 536 2275 et
591 2227 645 2275 in
693 2229 870 2292 quibus
925 2235 1175 2292 patratum
1222 2235 1308 2288 est,
1358 2229 1463 2293 ipse
1519 2229 1767 2279 narravit:
1837 2230 2069 2280 videlicet

305 2309 535 2370 Gudfrid,
565 2311 855 2360 venerabilis
899 2311 1087 2360 Christi
1126 2312 1335 2361 famulus
1382 2319 1431 2361 et
1471 2314 1738 2377 presbyter,
1782 2313 1867 2377 qui
1915 2313 2061 2363 etiam

288 2398 470 2455 'postea
510 2393 742 2442 fratribus
785 2394 1001 2458 ejusdem
1036 2394 1246 2443 ecclesiae
1283 2395 1690 2444 Lindisfarnensis
1725 2395 1778 2443 in
1814 2412 1911 2459 qua
1945 2394 2060 2444 edu-

303 2480 440 2526 catus
475 2479 561 2536 est,
598 2476 787 2524 abbatis
825 2478 935 2540 jure
972 2477 1186 2540 praefuit.
1259 2482 1271 2504 ‘
1288 2478 1447 2538 Veni,’
1484 2478 1660 2542 inquit,
1699 2483 1711 2504 ‘
1728 2495 1838 2527 oum
1874 2477 2071 2527 duobus*

302 2558 536 2607 fratribus
577 2558 686 2607 aliis
726 2559 788 2606 ad
828 2558 1036 2607 insulam
1073 2560 1245 2618 Fame,
1280 2560 1414 2625 loqui
1455 2561 1736 2611 desiderans
1776 2578 1886 2609 cum
1927 2577 2060 2610 reve-

302 2641 577 2690 rentissimo
624 2646 762 2703 patre
802 2640 1082 2690 Oidilualdo
1104 2656 1129 2691 ε.
1164 2660 1369 2708 cumque
1414 2643 1705 2693 allocutione
1744 2643 1865 2707 ejus-
1893 2643 2070 2692 refecti*

302 2730 352 2773 et
387 2723 724 2772 benedictione
758 2723 913 2787 petita
949 2725 1148 2774 domum
1185 2726 1475 2787 rediremus,
1514 2743 1620 2776 ecce
1668 2725 1843 2786 subito,
1885 2725 2060 2790 positis

303 2806 444 2855 nobis
477 2805 530 2852 in
565 2805 727 2853 medio
763 2806 901 2865 mari,
928 2806 1202 2872 interrupta
1237 2814 1312 2857 est
1347 2810 1580 2858 serenitas
1617 2825 1714 2872 qua
1747 2808 2070 2868 vehebamur,

303 2897 352 2939 et
386 2892 525 2937 tanta
558 2886 746 2951 ingruit
778 2886 976 2952 tamque
1011 2890 1123 2939 fera
1146 2891 1453 2955 tempestatis
1487 2890 1656 2950 hiems,
1682 2894 1740 2940 ut
1773 2907 1928 2955 neque
1951 2891 2071 2939 velo-

355 3045 370 3068 ¹
403 3044 644 3099 Oidiluald]
676 3045 944 3092 AEthelwold,
979 3046 1024 3087 S.
1066 3047 1149 3098 V.;
1207 3048 1378 3088 Tabulae
1397 3048 1582 3090 Benedd.
1604 3049 1709 3099 (viii.
1729 3047 1806 3100 id.)
1836 3062 1890 3088 on
1909 3048 2067 3089 March

303 3101 623 3145 AEthelwaldus‚
661 3101 873 3150 Florence,
914 3101 979 3140 M.
1013 3102 1071 3142 H.
1100 3103 1150 3143 B.
1208 3104 1246 3143 82
1304 3104 1346 3143 S.
1403 3104 1494 3144 Not
1522 3107 1567 3143 to
1594 3104 1647 3144 be
1675 3103 1936 3144 confounded
1955 3103 2055 3143 with

304 3171 344 3208 p.
367 3167 458 3208 537.
516 3157 569 3196 In
597 3156 670 3195 the
690 3156 1010 3208 Martyrologies
1036 3157 1089 3196 he
1117 3158 1152 3197 is
1208 3158 1441 3204 AEdiluald,
1461 3159 1581 3207 infra,
1605 3173 1643 3210 p.
1669 3161 1760 3209 318.

304 3210 648 3251 commemorated
666 3223 722 3251 on
742 3211 891 3251 March
912 3223 933 3250 2
940 3222 987 3262 3;
1017 3211 1062 3251 in
1080 3213 1153 3252 the
1262 3212 1282 3235 ²
1306 3213 1558 3266 Inh'rypum]
1589 3214 1667 3254 See
1685 3227 1725 3266 p.
1751 3225 1840 3266 194.
