2216 3554
323 218 418 262 148
887 212 1116 261 Historia
1149 212 1489 261 Ecclesiastica
1831 207 1965 278 [Lm.
1980 225 2060 258 111.

316 345 692 409 canonicumque
722 344 908 408 paschae
930 343 1060 392 diem
1082 343 1331 403 translati3
1368 359 1511 406 quem
1535 348 1698 390 tamen
1722 347 1771 390 et
1799 348 1940 391 antea
1962 359 2060 390 non

350 446 485 481 monks
500 446 622 481 tothe
657 443 843 490 semper
886 426 940 474 in
985 427 1100 474 luna
1145 430 1318 490 quarta
1364 425 1550 473 decima
1598 441 1708 472 cum
1754 424 1787 472 J
1788 425 1954 480 udaeis,
2003 431 2061 473 ut

336 495 525 587 'igfflgffg
537 495 634 580 {gith
656 509 853 573 quidam
868 508 883 536 ¹
930 509 1175 567 rebantur,
1215 507 1297 557 sed
1337 508 1387 554 in
1434 507 1512 555 die
1554 507 1749 570 quidem
1790 507 2061 566 Dominica,

411 595 560 631 Easter.
656 592 750 640 alia
783 598 946 640 tamen
982 608 1127 654 quam
1167 590 1364 638 decebat
1402 589 1702 637 hebdomada
1742 589 2059 637 celebrabant.

314 673 539 724 Sciebant
570 674 713 734 enim,
751 678 809 723 ut
845 672 1128 732 Christiani,
1172 670 1574 720 resurrectionem
1607 671 1917 719 Dominicam
1951 689 2061 735 quae

299 757 471 820 ‘prima
495 756 683 805 sabbati
707 756 835 804 facta
859 761 931 804 est
954 755 1112 819 prima
1142 755 1330 803 sabbati
1359 771 1545 817 semper
1567 770 1667 802 esse
1699 754 2058 803 celebrandam:

313 840 397 888 sed
420 843 478 888 ut
501 839 692 887 barbari
716 844 765 887 et
789 838 972 896 rustici,
996 839 1190 902 quando
1215 838 1382 887 eadem
1405 838 1564 902 prima
1587 838 1775 885 sabbati
1800 854 1907 901 quae
1930 854 2061 885 nunc

313 922 570 970 Dominica
594 909 696 969 dies
721 920 1092 983 cognominatur
1105 921 1294 968 veniret
1317 921 1517 968 minime
1541 919 1822 968 didicerant.
1876 919 2061 968 Verum

311 1004 425 1067 quia
451 1003 608 1068 gratia
632 1003 847 1052 caritatis
870 1003 1054 1051 fervere
1089 1020 1186 1051 non
1217 1003 1497 1062 omiserunt,
1523 1008 1572 1052 et
1603 1003 1746 1065 hujus
1779 1019 1967 1066 quoque
1991 1003 2061 1050 rei

310 1086 535 1135 notitiam
571 1086 630 1134 ad
667 1085 934 1148 perfectum
970 1084 1214 1148 percipere
1253 1090 1550 1144 meruerunt,
1582 1087 1724 1148 juxta
1768 1084 2061 1148 promissum

309 1169 513 1231 apostoli
537 1168 770 1216 dicentis:
811 1168 902 1216 ‘Et
927 1167 968 1216 si
993 1168 1113 1231 quid
1136 1167 1281 1217 aliter
1303 1168 1487 1231 sapitis,
1512 1172 1563 1216 et
1595 1168 1685 1216 hoc
1710 1184 1902 1231 quoque
1924 1167 2062 1215 vobis

308 1250 444 1299 Deus
467 1251 729 1300 revelabit!
800 1251 876 1299 De
899 1267 995 1315 quo
1018 1250 1209 1315 plenius
1241 1250 1293 1298 in
1326 1250 1639 1314 sequentibus
1663 1266 1748 1299 suo
1771 1250 1875 1298 loco
1900 1249 2061 1298 dicen-

308 1334 424 1382 dum
449 1337 534 1382 est.

1063 1487 1207 1538 GAP.
1245 1488 1311 1538 V.

897 1617 962 1659 De
980 1619 1068 1659 vita
1088 1618 1255 1659 AEda‘m'
1273 1617 1466 1671 episcopi.

372 1741 453 1789 ΑΒ
475 1741 566 1789 hac
596 1756 713 1803 ergo
739 1739 912 1798 insula,
938 1739 1001 1787 ab
1036 1739 1211 1786 horum
1244 1737 1444 1801 collegio
1473 1738 1829 1795 monachorum,
1855 1738 1918 1786 ad
1948 1755 2059 1801 pro—

410 1829 494 1881 Life
503 1847 546 1881 of
645 1822 853 1870 vinciam
875 1819 1152 1884 Anglorum
1174 1820 1523 1869 instituendam
1547 1820 1599 1868 in
1619 1820 1829 1880 Christo,
1849 1821 2025 1869 missus
2039 1821 2058 1847 ²

332 1895 721 1953 Bis11012Ai‹12³u.n.eSJ⁰
755 1904 930 1963 AEdan,
966 1909 1163 1966 accepto
1197 1902 1354 1966 gradu
1390 1902 1706 1966 episcopatus.
1793 1903 1904 1963 Quo
1934 1908 2055 1951 tem-

303 2002 418 2048 pore
434 1986 451 2012 3
498 1987 655 2035 eidem
700 1985 990 2034 monasterio
1038 1985 1213 2049 Segeni
1260 1985 1408 2034 abbas
1455 1990 1505 2033 et
1544 1986 1799 2048 presbyter
1844 1986 2055 2049 praefuit.

304 2068 452 2116 Unde
486 2069 615 2117 inter
649 2068 745 2116 alia
779 2067 975 2117 vivendi
1008 2068 1309 2128 documenta,
1344 2067 1717 2116 saluberrimum
1751 2067 2057 2116 abstinentiae

302 2151 380 2198 vel
413 2150 720 2199 continentiae
757 2150 940 2199 clericis
968 2150 1243 2214 exemplum
1272 2150 1501 2214 reliquit:
1539 2150 1676 2213 cujus
1704 2150 1972 2198 doctrinam
2004 2151 2056 2198 id

304 2233 514 2281 maxime
550 2233 918 2281 commendabat
954 2232 1192 2292 omnibus,
1218 2233 1347 2296 quod
1382 2250 1480 2280 non
1511 2233 1655 2280 aliter
1679 2249 1825 2296 quam
1859 2233 2058 2282 vivebat

302 2332 411 2363 cum
448 2316 559 2374 suis,
592 2315 694 2379 ipse
726 2315 942 2364 docebat.
1012 2316 1151 2366 Nihil
1186 2315 1319 2363 enim
1345 2315 1491 2378 hujus
1523 2315 1693 2363 mundi
1722 2332 1948 2379 quaerere,
1983 2317 2055 2364 nil

301 2414 462 2445 amare
486 2399 699 2445 curabat.
773 2396 961 2446 Cuncta
993 2414 1100 2461 quae
1134 2397 1227 2445 sibi
1251 2415 1280 2445 a
1303 2397 1498 2461 regibus
1522 2397 1600 2445 vel
1623 2397 1862 2446 divitibus
1891 2399 2055 2447 saeculi

301 2480 621 2539 donabantur,
645 2497 760 2527 mox
782 2479 1075 2543 pauperibus
1107 2480 1193 2544 qui
1228 2482 1536 2528 occurrerent
1567 2496 1766 2543 erogare
1796 2481 2050 2543 gaudebat.

301 2562 582 2610 Discurrere
615 2579 703 2626 per
737 2566 909 2611 cuncta
940 2567 990 2611 et
1019 2563 1206 2611 urbana
1239 2568 1289 2611 et
1323 2562 1505 2611 rustica
1538 2563 1658 2621 loca,
1682 2580 1780 2611 non
1816 2580 2053 2627 equorum

300 2644 457 2704 dorso,
482 2644 566 2692 sed
603 2645 783 2708 pedum
816 2644 1004 2694 incessu
1036 2652 1215 2704 vectus,
1247 2645 1342 2693 nisi
1377 2646 1420 2694 si
1456 2646 1610 2709 major
1639 2645 1764 2693 forte
1795 2645 2051 2694 necessitas

300 2726 621 2790 compulisset,
642 2727 826 2775 solebat
845 2744 855 2776 :
894 2732 1132 2791 quatenus
1156 2729 1446 2792 ubicumque
1471 2729 1656 2793 aliquos
1678 2728 1756 2776 vel
1779 2729 1957 2777 divites
1974 2729 2052 2777 vel

301 2825 537 2873 pauperes
559 2809 780 2857 incedens
810 2810 1090 2873 aspexisset,
1115 2812 1370 2860 confestim
1399 2812 1460 2860 ad
1490 2812 1579 2860 hos
1603 2812 1865 2871 divertens,
1889 2810 1965 2860 vel
1989 2810 2050 2859 ad

355 2918 371 2942 ¹
402 2919 590 2972 quidam]
659 2919 827 2970 Among
881 2920 1030 2966 others,
1077 2935 1147 2973 ap·
1205 2922 1540 2963 Northhumbria
1552 2922 1688 2975 bythe
1702 2923 1831 2968 Scots,
1845 2922 1882 2961 it
1893 2921 2051 2961 follows

301 2974 735 3069 ξιῗέθῗὲὶὲεἶὲἶῗὲἔὶῗ
750 2974 823 3068 33?
839 2976 1051 3069 33335153
1053 2977 1150 3071 Ἆιῖἓ
1203 2977 1492 3073 Ξῗὲἷθέῗέἒο
1501 2978 1887 3072 ωὲἓὶῗέἔῑίςέἰίῗ
1894 2990 2052 3070 ἑζοέΐ

301 3085 412 3124 Irish
432 3083 621 3129 Church;
650 3097 716 3123 see
735 3097 774 3136 p.
799 3095 890 3133 134·
1202 3087 1284 3138 634
1304 3101 1351 3126 or
1369 3098 1455 3127 Aa).
1476 3047 1583 3137 6252
1640 3087 1753 3127 Stev.
1992 3063 2000 3071 ⁰
2036 3062 2045 3071 ’

355 3139 372 3161 ²
399 3138 563 3191 missus]
597 3139 740 3179 ‘Since
758 3139 793 3178 it
820 3151 993 3191 appears
1011 3139 1068 3192 by
1088 3140 1146 3182 iii.
1255 3142 1271 3166 ³
1303 3143 1389 3191 Quo
1417 3142 1610 3194 tempore]
1646 3143 1731 3182 For
1761 3140 1951 3193 Seghine,
1981 3153 2049 3180 see

305 3193 356 3233 26
384 3194 479 3234 that
506 3205 593 3234 A.D.
624 3192 705 3245 664
732 3207 816 3233 was
849 3194 922 3233 the
949 3194 1143 3234 thirtieth
1198 3210 1239 3248 p.
1273 3208 1363 3249 134,
1393 3201 1488 3238 note
1521 3208 1583 3236 10.
1639 3197 1710 3236 He
1738 3209 1823 3235 was
1852 3195 1978 3236 abbot
2007 3194 2053 3236 of

302 3262 400 3301 year
418 3249 464 3289 of
485 3249 558 3289 the
586 3248 789 3301 episcopal
807 3253 1078 3301 government
1105 3250 1151 3290 of
1200 3252 1304 3291 Iona
1323 3253 1431 3292 from
1450 3262 1535 3293 ΑΛ).
1556 3251 1606 3292 62
1612 3263 1635 3303 3
1655 3256 1700 3292 to
1719 3262 1808 3292 Λα).
1828 3249 1924 3304 652.
