2216 3554
281 158 376 204 382
508 144 517 150 ’
922 152 1151 202 Ηὶειοήα
1185 135 1425 201 mam

275 286 633 351 propinquum:
677 288 727 333 et
773 300 886 333 eum
931 284 1129 349 utrique
1173 269 1500 333 monasterio&
1516 281 1705 332 cunctis
1748 281 2040 344 faventibus,

275 373 423 434 atque
457 369 550 417 hoc
580 366 852 425 utillimum
875 368 1221 431 judicantibus,
1254 366 1522 432 praeposuit
1536 366 1554 393 ¹
1584 368 1776 430 patrem
1787 382 1802 427 ;
1848 366 2042 415 salubre

276 457 413 502 ratus
452 468 540 516 per
581 449 746 499 omnia
785 450 848 499 ad
894 451 1270 499 conservandam
1316 467 1499 514 pacem,
1540 447 1799 509 unitatem,
1842 465 2042 498 concor·

277 536 508 599 diamque
538 533 772 588 locorum,
797 532 841 581 si
867 550 1020 582 unum
1056 538 1292 597 perpetuo
1323 537 1514 596 patrem
1538 534 1875 595 rectoremque
1907 535 2042 580 tene·

276 623 419 679 rent;
468 632 849 665 commemorans
886 615 1063 679 saepius
1097 615 1358 664 Israelitici
1398 615 1539 679 regni
1579 614 1872 678 exemplum,
1908 613 2044 678 quod

277 699 699 749 inexterminabile
742 715 933 763 semper
964 698 1145 747 exteris
1179 697 1474 757 nationibus,
1508 696 1900 760 inviolatumque
1934 713 2042 761 per-

279 783 493 843 duravit,
542 781 778 847 quamdiu
824 780 937 830 unis
999 779 1270 843 iisdemque
1330 796 1433 829 suae
1498 779 1659 844 gentis
1714 779 1973 843 regebatur
2015 796 2046 828 a

278 866 512 927 ducibus;
550 871 602 914 at
633 870 895 929 postquam
926 862 1308 927 praecedentium
1330 880 1475 912 causa
1506 867 1813 927 peccatorum
1845 861 2043 911 inimico

277 950 341 998 ab
387 949 595 997 invicem
642 952 718 996 est
764 946 1026 995 certamine
1071 946 1384 1010 diremptum,
1421 945 1570 1010 periit
1614 944 1877 1009 paulisper,
1919 949 1969 993 et
2014 961 2045 992 a

280 1048 370 1081 sua
407 1047 696 1080 concussum
734 1029 982 1079 soliditate
1018 1029 1208 1078 defecit.
1294 1028 1391 1077 Sed
1428 1032 1480 1077 et
1520 1027 1867 1092 Evangelicam
1907 1026 2044 1076 illam

279 1114 507 1163 monebat
539 1113 644 1162 sine
675 1111 1035 1161 intermissione
1058 1111 1364 1161 recolendam
1392 1127 1494 1160 esse
1524 1109 1835 1171 sententiam,
1858 1114 1870 1135 ‘
1886 1109 2013 1172 Quia
2026 1111 2046 1139 ²

278 1214 422 1246 omne
446 1212 650 1261 regnum
673 1196 724 1244 in
752 1195 908 1260 seipso
932 1194 1145 1244 divisum
1169 1192 1498 1244 desolabitur?

355 1373 374 1404 1
389 1374 429 1406 1.
466 1355 634 1421 Igitur
663 1359 776 1420 post
804 1355 909 1406 hoec
940 1355 1176 1405 revolutis
1211 1355 1458 1405 mensibus
1490 1356 1693 1417 duobus,
1716 1355 1876 1422 primo
1903 1373 2044 1407 vene-

360 1452 458 1492 [Αω.
473 1451 566 1492 689.]
624 1439 791 1488 rabilis
818 1456 874 1488 ac
905 1439 1012 1488 Deo
1039 1439 1246 1489 dilectus
1278 1439 1427 1489 abbas
1462 1439 1722 1504 Sigfridus,
1745 1441 2044 1505 pertransito

277 1524 393 1588 igne
428 1528 478 1572 et
518 1539 644 1587 aqua
676 1523 1052 1572 tribulationum
1087 1520 1445 1587 temporalium,
1480 1522 1711 1572 inductus
1756 1529 1832 1573 est
1878 1523 1934 1573 in
1968 1541 2045 1574 re-

276 1606 532 1671 frigerium
558 1606 863 1670 sempiternoe
888 1605 1082 1670 quietis,
1107 1604 1332 1654 introiit³
1355 1605 1407 1653 in
1430 1604 1631 1655 domum
1655 1605 1797 1671 regni
1820 1607 2041 1668 coelestis,

278 1689 331 1737 in
366 1689 662 1756 holocaustis
696 1695 943 1755 perpetuae
978 1688 1277 1738 laudationis
1308 1686 1516 1738 reddens
1551 1705 1640 1738 sua
1667 1693 1784 1739 vota
1814 1689 2042 1749 Domino,

278 1789 388 1838 quae
430 1773 597 1822 sedula
641 1773 878 1822 labiorum
919 1772 1214 1821 mundorum
1257 1767 1572 1821 distinctione
1619 1771 1938 1836 promiserat:
1988 1790 2044 1822 ac

277 1855 450 1905 deinde
483 1856 729 1919 adjunctis
764 1856 874 1905 aliis
910 1855 1158 1904 mensibus
1192 1858 1415 1919 quatuor,
1438 1853 1674 1903 vitiorum
1704 1854 1864 1903 victor
1887 1854 2043 1905 Bene-

276 1937 436 1987 dictus
471 1944 521 1987 et
554 1937 795 1987 virtutum
830 1943 1053 2002 patrator
1088 1936 1329 2002 egregius,
1365 1936 1526 1986 victus
1559 1935 1847 1986 infirmitate
1882 1938 2043 1988 carnis

275 2022 338 2069 ad
374 2026 590 2070 extrema
623 2021 860 2085 pervenit.
932 2020 1048 2069 Nox
1082 2020 1188 2069 ruit
1225 2018 1442 2068 hibernis
1476 2019 1638 2083 algida
1672 2019 1902 2069 flatibus:
1938 2021 2043 2071 dies

275 2103 351 2151 illi
374 2120 489 2152 mox
524 2110 691 2153 sancta
722 2103 970 2153 nascitura
1003 2109 1198 2153 aeternae
1222 2101 1483 2162 felicitatis,
1511 2102 1788 2152 serenitatis
1821 2108 1872 2152 et
1902 2104 2041 2155 lucis.

277 2185 623 2235 Convenerunt
681 2187 858 2236 frati-es
915 2186 976 2234 ad
1025 2185 1290 2245 ecclesiam,
1341 2184 1585 2233 insomnes
1639 2185 1942 2236 orationibus
1994 2193 2044 2237 et

275 2269 479 2334 psalmis
532 2270 815 2334 transigunt
867 2269 1065 2319 umbras
1123 2269 1279 2318 noctis
1305 2287 1315 2318 ε
1376 2274 1426 2318 et
1483 2274 1700 2334 paternae
1754 2269 2045 2319 decessionis

275 2352 467 2417 pondus
514 2351 746 2402 continua
792 2352 973 2401 divinae
1023 2353 1183 2402 laudis
1230 2352 1559 2402 modulatione
1607 2353 1845 2402 solantur.
1939 2353 2043 2402 Alii

275 2435 552 2484 cubiculum
589 2435 643 2483 in
688 2453 786 2500 quo
828 2453 969 2501 aeger,
1011 2435 1177 2485 animo
1215 2437 1447 2485 robustus
1488 2453 1736 2501 egressum
1783 2435 1957 2486 mortis
1993 2440 2045 2485 et

275 2518 392 2567 vitae
441 2518 727 2580 expectabat
774 2518 1063 2583 ingressum,
1106 2535 1206 2567 non
1248 2518 1492 2568 deserunt.
1581 2519 1902 2583 Evangelium
1938 2523 2044 2569 tota

274 2604 416 2650 nocte
462 2617 550 2664 pro
586 2600 766 2649 doloris
809 2601 1060 2663 levamine,
1096 2602 1225 2666 quod
1266 2607 1316 2651 et
1358 2602 1467 2651 aliis
1513 2601 1738 2651 noctibus
1779 2602 1886 2652 fieri
1930 2619 2043 2652 con-

276 2688 527 2742 sueverat„
551 2701 579 2731 a
609 2684 894 2748 presbytero
926 2684 1137 2749 legitur3
1182 2684 1430 2733 Dominici
1463 2684 1677 2748 corporis
1711 2688 1763 2734 et
1793 2685 2044 2751 sanguinis

275 2769 630 2817 sacramentum
671 2766 790 2815 hora
838 2766 1001 2816 exitus
1043 2768 1258 2817 instante
1304 2785 1396 2833 pro
1434 2767 1613 2817 viatico
1654 2767 1802 2816 datur
1818 2785 1833 2830 3
1883 2772 1934 2816 et
1974 2766 2044 2817 sic

275 2848 440 2897 anima
484 2848 572 2896 illa
619 2853 784 2898 sancta
829 2850 989 2915 longis
1037 2850 1343 2914 flagellorum
1390 2850 1607 2900 felicium
1653 2857 1852 2900 excocta
1897 2856 2045 2915 atque

275 2930 550 2980 examinata
580 2931 788 2981 flammis
816 2932 998 2982 luteam
1034 2934 1191 2983 carnis
1220 2935 1468 2983 fornacem
1501 2933 1697 2994 deserit,
1732 2940 1782 2983 et
1817 2951 2042 2999 supernae

275 3013 593 3063 beatitudinis
627 3015 782 3063 libera
818 3017 1039 3079 pervolat
1069 3018 1131 3066 ad
1162 3017 1387 3082 gloriam.
1458 3016 1611 3080 Cujus
1647 3017 1862 3082 egressui
1891 3017 2044 3067 victo·

331 3122 626 3200 :praeposuiss
655 3136 699 3166 A.
701 3135 744 3166 D.
764 3124 861 3167 688.
918 3127 1030 3167 Flor.
1183 3128 1259 3168 the
1291 3127 1413 3168 Fasti
1446 3127 1736 3177 Benedictini;
1783 3127 1869 3168 and
1897 3127 1944 3168 in
1971 3126 2044 3166 the

331 3178 504 3233 ²Quia]
533 3181 663 3221 Matt.
681 3180 754 3222 xii.
777 3190 843 3232 25.
1183 3196 1286 3235 year
1316 3194 1359 3224 A.
1361 3194 1406 3222 1).
1441 3181 1538 3231 688,
1574 3183 1668 3224 four
1699 3183 1868 3224 months
1904 3182 2043 3224 before

331 3233 557 3290 3ἰἠινοίϊῇ
588 3237 761 3290 August
786 3247 851 3285 22,
880 3236 946 3277 his
974 3236 1056 3291 day
1083 3238 1127 3278 in
1182 3238 1386 3279 Benedict
1404 3237 1584 3282 himself.
