2216 3554
299 154 396 200 202
878 148 1107 199 Historia
1140 148 1478 199 Ecclesiastica
1820 148 1951 218 [Lm.
1969 166 2046 201 111.

297 281 611 343 inveniretur,
646 283 980 344 adcurrebant,
1007 288 1057 333 et
1087 285 1213 333 flexa
1247 283 1429 332 cervice
1457 281 1535 331 vel
1570 298 1716 331 manu
1749 282 1945 348 signari,
1969 285 2049 334 vel

300 382 382 414 ore
407 366 538 414 illius
563 383 612 414 se
636 366 852 414 benedici
875 367 1183 430 gaudebant3
1221 367 1380 414 verbis
1406 382 1598 429 quoque
1627 365 1800 414 horum
1824 367 2048 416 exhorta-

298 448 440 496 toriis
465 449 723 510 diligenter
746 449 969 496 auditum
997 450 1291 513 praebebant.
1363 448 1460 497 Sed
1495 454 1544 496 et
1579 445 1749 495 diebus
1778 448 2051 498 Dominicis

299 530 361 578 ad
387 529 646 589 ecclesiam,
663 530 763 578 sive
787 531 848 578 ad
867 531 1157 579 monasteria
1181 531 1418 590 certatim,
1434 547 1531 578 non
1554 530 1800 578 reficiendi
1819 530 2049 593 corporis,

299 613 383 660 sed
408 612 637 660 audiendi
662 613 897 661 sermonis
928 613 1024 661 Dei
1055 613 1212 677 gratia
1246 613 1579 661 confluebant:
1619 617 1668 660 et
1698 612 1741 660 si
1765 612 1874 675 quis
1898 629 2050 661 sacer-

299 694 470 743 dotum
493 695 544 742 in
562 696 724 743 vicum
746 696 872 743 forte
896 695 1160 755 deveniret,
1182 712 1297 743 mox
1321 694 1601 760 congregati
1625 696 1677 742 in
1703 712 1859 743 unum
1876 695 2052 753 vicani,

299 779 502 825 verbum
527 779 643 826 vitae
675 779 736 826 ab
764 778 851 826 illo
883 783 1110 842 expetere
1139 779 1387 827 curabant.
1461 779 1594 826 Nam
1622 795 1778 842 neque
1810 779 1906 826 alia
1934 778 2053 841 ipsis

300 861 626 909 sacerdotibus
662 865 748 909 aut
783 861 966 909 clericis
995 861 1127 909 vicos
1162 861 1386 920 adeundi,
1412 878 1559 925 quam
1593 861 1901 925 praedicandi,
1930 861 2052 924 bap-

299 942 496 1003 tizandi,
522 943 740 991 infirmos
763 943 1011 1001 visitandi,
1036 948 1098 1001 et,
1123 948 1180 990 ut
1203 943 1417 992 breviter
1441 943 1613 1002 dicam,
1639 943 1825 991 animas
1850 943 2054 992 curandi

301 1043 443 1075 causa
465 1026 588 1074 fuit:
620 1025 706 1089 qui
729 1027 783 1073 in
800 1030 995 1074 tantum
1021 1030 1161 1073 erant
1178 1026 1239 1074 ab
1259 1026 1390 1073 omni
1414 1025 1632 1074 avaritiae
1655 1032 1792 1089 peste
1817 1025 2052 1090 castigati,

301 1115 358 1157 ut
394 1126 534 1157 nemo
569 1108 820 1156 territoria
856 1124 911 1155 ac
945 1107 1266 1170 possessiones
1299 1107 1360 1155 ad
1396 1108 1717 1156 construenda
1748 1108 2053 1167 monasteria,

301 1192 395 1239 nisi
421 1209 448 1239 a
472 1191 752 1255 potentibus
777 1189 939 1238 saeculi
964 1190 1196 1248 coactus¹,
1213 1190 1464 1253 acciperet.
1514 1190 1634 1251 Quae
1653 1191 1951 1238 consuetudo
1970 1207 2056 1254 per

302 1275 465 1322 omnia
482 1274 729 1337 aliquanto
750 1277 859 1336 post
876 1272 978 1321 haec
995 1269 1212 1336 tempore
1230 1272 1284 1319 in
1306 1272 1517 1322 ecclesiis
1534 1272 2053 1335 Nordanhymbrorum

302 1363 491 1406 servata
515 1362 601 1405 est.
673 1355 768 1406 Sed
792 1356 852 1404 de
875 1355 951 1404 his
976 1355 1092 1404 satis
1117 1356 1319 1406 dictum.

971 1534 1116 1585 CAP.
1151 1535 1382 1586 XXVII.

345 1657 396 1700 Ut
418 1659 623 1713 Εοῃόενσι,
643 1658 710 1699 vir
728 1662 894 1701 sanatus
913 1658 963 1700 de
981 1661 1151 1701 ‘natione
1171 1660 1409 1713 Anylorum,
1431 1660 1713 1703 monachicam
1731 1661 1778 1703 in
1796 1659 2010 1703 Hibernia

1022 1730 1153 1772 vitam
1171 1732 1349 1772 duxerit.

372 1841 566 1891 EODEM
584 1846 749 1891 autem
767 1860 894 1891 anno
911 1843 1180 1892 Dominicae
1198 1843 1544 1893 incarnationis
1563 1841 1905 1893 sexcentesimo
1920 1861 2054 1893 sexa-

386 1945 468 1973 As).
482 1938 555 1980 664.
640 1925 822 1988 gesimo
858 1932 1044 1989 quarto,
1082 1927 1207 1975 facta
1244 1933 1347 1975 erat
1384 1927 1570 1990 eclipsis
1606 1927 1720 1975 solis
1757 1927 1836 1975 die
1870 1928 2018 1976 tertio
2035 1928 2055 1956 ²

362 1997 423 2032 An
439 1998 576 2039 ³⁰¹i¹³S⁹
638 2008 815 2056 mensis
849 2008 983 2067 Maii,
1010 2009 1129 2057 hora
1163 2009 1356 2058 circiter
1390 2011 1573 2058 decima
1607 2008 1731 2058 diei:
1771 2027 1866 2074 quo
1902 2011 2050 2059 etiam

363 2047 405 2082 of
414 2048 481 2082 the
503 2057 576 2081 sun

350 2097 459 2131 takes
473 2097 600 2138 place3
643 2108 768 2138 anno
822 2092 982 2140 subita
1035 2092 1324 2155 pestilentiae
1370 2093 1476 2141 lues
1490 2093 1521 2153 ³,
1564 2093 1872 2157 depopulatis
1919 2094 2057 2157 prius

338 2147 601 2238 anffiggzggue
644 2173 937 2223 australibus
995 2175 1251 2223 Brittaniae
1312 2175 1481 2239 plagis,
1537 2175 2055 2238 Nordanhymbrorum

345 2247 600 2331 ffiffiffiugffil
643 2273 834 2320 quoque
868 2257 1167 2320 provinciam
1203 2258 1468 2321 corripiens
1483 2276 1496 2319 3
1536 2262 1680 2322 atque
1714 2259 1887 2306 acerba
1922 2259 2056 2307 clade

395 2346 562 2382 lreland.
648 2339 835 2387 diutius
862 2339 1002 2402 longe
1031 2340 1221 2404 lateque
1257 2340 1533 2402 desaeviens,
1557 2358 1780 2404 magnam
1804 2341 2057 2390 hominum

305 2421 671 2469 multitudinem
691 2421 878 2469 stravit.
923 2421 1031 2482 Qua
1049 2422 1192 2486 plaga
1210 2424 1443 2486 praefatus
1459 2423 1663 2472 Domini
1681 2425 1898 2472 sacerdos
1914 2424 2056 2472 Tuda

304 2510 474 2567 raptus
498 2509 571 2553 est
588 2506 648 2553 de
671 2506 867 2564 mund0,
885 2510 935 2553 et
954 2505 1005 2552 in
1028 2506 1325 2554 monasterio
1345 2507 1475 2570 quod
1500 2507 1682 2555 dicitur
1698 2506 2006 2570 Paegnalaech
2022 2508 2056 2566 ⁴,

360 2628 374 2652 ¹
402 2629 577 2679 coactus]
607 2630 685 2670 See
704 2643 744 2681 p.
770 2630 860 2681 185.
1206 2627 1338 2683 years’
1358 2630 1473 2682 cycle
1492 2630 1539 2670 of
1551 2629 1786 2683 Dionysius,
1808 2629 1943 2669 which
1961 2630 2057 2682 give

361 2683 376 2705 ²
405 2685 540 2736 tertio]
573 2685 661 2724 The
681 2686 830 2738 eclipse
849 2685 945 2725 took
966 2684 1079 2736 place
1099 2698 1153 2724 on
1207 2686 1280 2726 the
1312 2684 1572 2725 ‘neomenia’
1601 2685 1674 2725 the
1701 2685 1779 2735 3rd
1804 2685 1851 2725 of
1870 2685 1975 2738 May
2000 2685 2057 2736 by

304 2738 377 2778 the
395 2740 483 2779 first
503 2740 585 2792 day
597 2741 643 2779 of
656 2740 773 2793 May.
817 2741 894 2780 See
906 2740 1149 2792 Tigernach,
1207 2740 1385 2780 mistake
1405 2740 1468 2781 for
1486 2741 1559 2780 the
1582 2744 1657 2781 Ist.

305 2794 359 2833 ad
405 2809 442 2836 a.
482 2793 576 2845 664,
614 2795 824 2844 Petavius‚
865 2796 930 2836 De
972 2795 1152 2834 Ratione
1262 2796 1278 2819 ⁸
1300 2795 1543 2847 pestilentiae
1589 2795 1692 2849 lues]
1752 2794 1829 2835 See
1874 2807 1915 2847 p.
1967 2793 2057 2842 186,

305 2850 566 2902 Temporum‚
604 2850 632 2891 i.
671 2862 764 2901 543.
821 2850 957 2890 Smith
995 2851 1153 2902 conjec-
1207 2855 1304 2891 note
1325 2862 1363 2901 3.

305 2908 420 2944 tures
465 2905 560 2944 that
597 2905 714 2944 Beda
759 2905 842 2944 had
879 2905 1008 2945 heard
1047 2905 1153 2944 from
1262 2905 1278 2929 ⁴
1303 2904 1595 2958 Poeynalaech]
1622 2904 1890 2957 Peginaleah‚
1914 2903 1955 2945 S.
1975 2904 2058 2953 V.;

306 2959 602 3007 others‚—this
631 2973 716 2999 was
742 2961 840 2999 nine
865 2974 984 3012 years
1013 2960 1153 2999 before
1208 2961 1395 3013 Wagele‚
1425 2961 1466 3000 S.
1498 2961 1678 3009 Chron.;
1715 2960 1884 3011 Pagghe,
1919 2959 2054 3000 Geoff.

306 3014 373 3054 his
403 3029 497 3055 own
530 3015 809 3064 birth,—that
840 3016 875 3054 it
906 3015 1004 3055 took
1036 3015 1153 3066 place
1208 3015 1406 3064 Gaimar;
1443 3015 1663 3061 Wemalea
1701 3015 1759 3056 H.
1789 3015 1913 3054 Hunt
1926 3028 1936 3063 ;
1978 3015 2057 3054 Pe-

306 3074 351 3108 at
371 3070 445 3110 the
463 3071 692 3122 beginning
711 3069 758 3108 of
773 3069 890 3122 May,
912 3069 995 3109 and
1012 3069 1152 3108 know·
1206 3070 1371 3122 nalegh,
1393 3070 1583 3110 Durham
1610 3069 1704 3110 MS.
1752 3069 2056 3118 Unidentified,

306 3127 380 3177 ing
416 3126 511 3165 that
546 3125 583 3164 it
618 3129 731 3164 must
768 3125 874 3163 have
905 3125 1008 3163 been
1047 3128 1092 3163 at
1129 3137 1155 3163 a
1209 3125 1369 3177 though
1385 3126 1522 3165 Smith
1541 3125 1684 3165 claims
1702 3125 1738 3164 it
1763 3125 1825 3165 for
1843 3124 2057 3171 Finchale,

306 3193 401 3220 new
419 3194 555 3228 moon,
577 3179 790 3220 consulted
813 3179 884 3218 the
907 3179 1041 3218 tables
1063 3188 1154 3218 con-
1209 3194 1309 3220 near
1327 3181 1531 3221 Durham.

307 3236 495 3275 structed
514 3249 569 3275 on
588 3235 660 3276 the
679 3235 788 3275 basis
808 3234 855 3274 of
868 3235 941 3274 the
960 3234 1155 3274 nineteen
