2216 3554
270 169 388 218 xxvi
517 202 521 207 -
901 168 1143 217 Elenchus
1180 167 1421 231 Capitum.

271 307 356 333 CAP.

271 362 354 402 IX.
383 362 484 411 Quae
504 362 588 402 sint
608 365 769 402 ostensa
788 361 946 402 caelitus
967 361 1085 414 signa
1104 374 1198 401 cum
1211 359 1356 412 etipsa
1375 361 1511 398 mater
1525 357 1859 410 congregationis

434 417 546 457 illius
565 431 588 457 0
607 417 761 457 mundo
789 418 985 456 transiret

271 484 330 526 X.
359 484 424 524 Ut
452 485 506 525 ad
535 485 796 539 cymiterium
825 485 1010 537 ejusdem
1037 483 1276 524 monasterii
1304 494 1425 520 orans
1452 493 1558 520 caeca.
1584 480 1725 520 lumen
1753 494 1861 521 rece-

466 540 544 579 erit

273 607 357 648 XI.
385 554 463 649 Ui)
468 623 538 648 rex
559 609 743 702 efJiplsdem
762 608 984 662 provinciae
1011 607 1148 653 Sebbi,
1168 607 1213 645 in
1230 604 1473 645 monachica
1492 604 1625 645 vitam
1647 618 1860 645 conversa-

437 664 550 702 tione
629 664 723 703 ierit

274 730 384 771 XII.
413 731 477 771 Ut
492 732 775 784 episcopatum
789 731 1118 772 occidentalium
1134 731 1343 770 Saxonum
1363 741 1437 780 pro
1451 728 1678 768 Leutherio
1694 690 1862 775 Haeddi,

438 787 718 838 episcopatum
746 787 961 826 Hrofensis
991 785 1167 825 ecclesiae
1196 797 1270 835 pro
1297 783 1431 822 Putta
1458 783 1684 830 Guichelm,
1715 788 1759 822 et
1789 797 1864 835 pro

436 840 526 892 ipso
559 841 766 880 Gefmund
804 842 1027 893 acceperit:
1078 843 1121 879 et
1162 839 1235 891 qui
1272 842 1373 878 tunc
1418 838 1789 890 Nordanhymbrm
1791 852 1861 878 um

438 895 592 935 fuerint
620 896 798 948 episcopi

276 962 409 1003 XIII.
441 963 506 1003 Ut
539 963 693 1002 Vilfrid
732 965 942 1015 episcopus
978 961 1234 1016 provinciam
1261 922 1528 1001 Australium
1561 922 1772 1001 Saxonum
1809 962 1863 1001 ad

378 1027 380 1029 ’
438 1018 649 1057 Christum
667 1019 915 1058 converterit

275 1084 397 1126 XIV.
428 1086 491 1126 Ut
510 1087 798 1126 intercessione
818 1085 988 1126 Osualdi
1006 1085 1116 1137 regis
1138 1076 1343 1136 pestifera
1352 1083 1586 1123 mortalitas
1604 1083 1660 1124 sit
1678 1084 1844 1123 sublata

275 1153 378 1194 XV.
408 1154 472 1194 Ut
501 1155 710 1194 Caedualla
738 1169 822 1202 rex,
843 1155 1059 1195 interfecto
1086 1166 1181 1204 rege
1208 1152 1474 1192 Australium
1497 1153 1708 1192 Saxonum
1728 1153 1864 1192 AEdil-

440 1210 574 1256 valch,
590 1210 844 1262 provinciam
864 1210 977 1248 illam
997 1222 1106 1248 saeva
1125 1208 1235 1247 caede
1255 1221 1303 1247 ac
1317 1207 1634 1260 depopulatione
1653 1208 1863 1248 attriverit

275 1283 401 1323 XVI·
431 1285 496 1325 Ut
510 1286 643 1324 Vecta
662 1285 796 1324 insula
809 1285 1065 1325 Christianos
1091 1284 1247 1323 incolas
1265 1283 1503 1334 susceperit,
1519 1283 1640 1334 cujus
1657 1280 1772 1335 regii*
1783 1284 1864 1323 duo

438 1339 558 1390 pueri
578 1339 721 1379 statim
740 1343 833 1392 post
852 1343 1068 1392 acceptum
1087 1339 1294 1391 baptisma
1314 1338 1398 1378 sint
1415 1339 1654 1390 interempti

275 1413 425 1453 XVII.
454 1415 519 1454 De
547 1415 700 1468 synodo
739 1415 848 1455 facta
874 1415 920 1454 in
953 1428 1098 1467 campo
1129 1413 1396 1461 Haethfelda,
1430 1414 1678 1467 praesidente
1707 1415 1866 1455 archie-

434 1470 598 1521 piscopo
618 1470 828 1514 Theodoro
921 1478 926 1485 *

275 1536 455 1578 XVIII.
486 1538 551 1577 De
569 1539 600 1578 J
602 1539 762 1578 ohanne
784 1542 997 1578 cantatore
1024 1537 1132 1578 sedis
1158 1533 1403 1590 apostolicae,
1430 1538 1505 1590 qui
1529 1542 1695 1591 propter
1718 1538 1864 1578 docen-

438 1593 538 1632 dum
558 1593 814 1633 Brittaniam
834 1594 994 1633 venerit

275 1660 404 1700 XIX.
433 1661 497 1701 Ut
527 1661 754 1714 Edilthryd
781 1662 927 1714 regina
954 1661 1075 1713 virgo
1103 1665 1305 1714 perpetua
1332 1661 1618 1725 permanserit,
1646 1661 1764 1714 cujus
1790 1675 1867 1702 nec

439 1730 584 1768 corpus
603 1717 649 1756 in
669 1721 937 1756 monumento
958 1717 1165 1770 corrumpi
1183 1717 1370 1768 potuerit
1841 1746 1850 1755 .

274 1783 379 1824 XX.
409 1785 607 1837 Hymnus
625 1785 676 1824 de
697 1785 772 1825 illa

276 1852 405 1892 XXI.
434 1854 499 1894 Ut-
517 1854 755 1948 Theiodorizs
783 1854 995 1906 0918009οε
1014 1853 1124 1893 inter
1143 1853 1389 1906 Ecgfridum
1408 1858 1451 1894 et
1469 1854 1733 1895 AEdilredum
1750 1867 1868 1906 reges

439 1922 581 1960 pacem
616 1922 722 1948 ecerl
970 1938 978 1947 .
1160 1937 1170 1946 .

277 1975 431 2015 XXII.
459 1977 523 2070 qt
531 1977 708 2071 tvincutl'a
726 1977 944 2030 cujusdam
963 1977 1131 2030 captivi,
1151 1991 1247 2019 cum
1265 1991 1339 2030 pro
1359 1991 1408 2018 00
1427 1977 1561 2018 11118830
1581 1938 1862 2028 cantarentur,

440 2045 484 2071 so
502 2045 529 2071 u
550 2045 576 2072 a
595 2045 659 2072 sm
726 2062 735 2071 .
751 2062 761 2071 .

276 2098 457 2139 XXIII.
485 2101 552 2140 De
572 2102 661 2141 vita
681 2105 724 2141 et
743 2102 859 2141 obitu
878 2061 1021 2141 Hildae
1041 2102 1259 2142 abbatissae

276 2173 449 2215 XXIV.
483 2176 638 2225 Quod'
626 2191 672 2216 111
695 2177 943 2216 monasterio
972 2177 1062 2229 ejus
1090 2177 1216 2217 fuerit
1243 2178 1384 2227 frater,
1413 2177 1481 2217 0111
1509 2177 1664 2217 (10110111
1692 2177 1867 2217 canendi

442 2232 498 2271 sit
517 2232 717 2272 divinitus
734 2245 969 2272 concessum

277 2296 424 2338 XXV.
454 2299 597 2347 Qualis
625 2301 730 2340 visio
758 2301 923 2340 cuidam
953 2300 1044 2340 viro
1073 2301 1154 2340 Dei
1181 2301 1430 2354 apparuerit,
1458 2301 1699 2353 priusquam
1725 2314 1866 2340 mona-

442 2357 613 2394 sterium
634 2356 857 2395 Coludanae
878 2356 993 2396 urbis
1016 2360 1123 2395 esset
1141 2356 1333 2396 incendio
1352 2359 1642 2408 consumptum

277 2418 451 2463 XXVI.
481 2423 547 2463 De
565 2429 699 2464 morte
719 2424 905 2477 Ecgfridi
925 2427 968 2463 et
987 2424 1185 2464 Hlotheri
1203 2437 1349 2476 regum
1382 2453 1391 2462 .
1407 2454 1417 2462 .

278 2487 476 2530 XXVII.
505 2492 571 2532 Ut
599 2493 665 2533 vir
703 2493 875 2532 Domini
902 2493 1111 2545 Cudberct
1139 2493 1193 2532 sit
1221 2492 1434 2545 episcopus
1463 2491 1621 2532 factus:
1662 2495 1795 2544 utque
1822 2492 1868 2531 in
1916 2522 1922 2527 .

442 2548 682 2588 monachica
710 2548 846 2587 adhuc
874 2548 964 2587 vita
991 2548 1149 2600 positus
1176 2547 1327 2587 vixerit
1354 2548 1423 2586 vel
1451 2547 1636 2587 docuerit

279 2611 503 2654 XXVIII.
560 2616 625 2656 Ut
647 2616 758 2655 idem
776 2616 822 2655 in
840 2616 930 2655 vita
949 2615 1236 2656 anachoretica
1262 2618 1305 2654 et
1331 2615 1487 2654 fontem
1509 2615 1561 2654 de
1588 2618 1731 2654 arente
1754 2619 1867 2655 terra

445 2671 599 2710 orando
646 2671 900 2724 produxerit,
949 2676 991 2710 et
1028 2676 1209 2723 segetem
1245 2670 1296 2710 de
1333 2670 1474 2709 labore
1510 2683 1711 2710 manuum
1753 2671 1866 2711 ultra

431 2727 606 2777 x‚tempus
634 2726 797 2765 serendi
825 2725 1029 2778 acceperit

279 2791 455 2833 XXIX.
487 2794 552 2834 Ut
566 2794 678 2834 idem
696 2795 781 2846 jam
802 2794 1012 2846 episcopus
1025 2793 1185 2833 obitum
1197 2807 1319 2833 suum
1337 2794 1522 2846 proxime
1536 2794 1724 2834 futurum
1736 2794 1866 2834 Here-

405 2877 415 2887 .
444 2849 584 2889 bercto
603 2850 857 2889 anachoretae
876 2849 1114 2901 praedixerit
1164 2877 1173 2886 .
1190 2878 1199 2886 .

281 2914 432 2956 XXX.
461 2917 526 2958 Ut
545 2931 691 2970 corpus
714 2918 826 2956 illius
844 2921 936 2970 post
956 2916 1149 2956 undecim
1167 2930 1296 2956 annos
1319 2918 1541 2970 sepulturae
1565 2917 1621 2957 sit
1639 2916 1865 2969 corruptio-

444 2973 509 3011 nis
527 2972 712 3012 immune
736 2977 972 3024 repertum:
1001 2985 1078 3011 nec
1099 2972 1232 3011 multo
1259 2975 1352 3024 post
1377 2986 1585 3012 successor
1609 2973 1866 3025 episcopatus

444 3028 534 3080 ejus
552 3027 604 3066 de
618 3027 774 3066 mundo
793 3026 1011 3066 transierit

280 3096 454 3136 XXXI.
486 3097 550 3137 Ut
568 3096 738 3149 quidam
756 3096 808 3135 ad
827 3096 1017 3135 tumbam
1038 3095 1126 3147 ejus
1145 3095 1198 3135 sit
1218 3108 1244 3134 a
1261 3095 1441 3148 paralysi
1460 3099 1630 3136 sanatus

281 3165 485 3205 XXXII.
514 3165 580 3260 Utt
608 3165 715 3205 alter
740 3165 795 3205 ad
818 3164 1018 3260 reliquias
1046 3164 1137 3217 ejus
1162 3177 1296 3218 nuper
1314 3164 1439 3204 fuerit
1457 3165 1511 3205 ab
1530 3164 1641 3205 oculi
1667 3164 1866 3216 languore

446 3233 545 3261 cura
566 3233 615 3262 us
1137 3248 1147 3258 .
1163 3249 1173 3258 .
1354 3247 1365 3259 .
1380 3248 1390 3259 .
1569 3248 1582 3261 .
1595 3248 1607 3261 .
1789 3248 1799 3258 .
1815 3248 1826 3258 .

1921 304 2021 328 PAGB

1945 425 2018 464 231

1944 547 2022 587 233

1946 671 2025 712 234

1946 891 2025 943 236

1948 1027 2026 1068 239

1948 1095 2025 1136 24²

1951 1336 2028 1390 246

1947 1471 2025 1522 248

1951 1604 2030 1644 250

1951 1727 2028 1768 252

1952 1784 2029 1834 256

1951 1907 2028 1958 258

1952 2043 2030 2083 259

1953 2100 2024 2140 261

1953 2230 2030 2270 268

1952 2362 2027 2407 272

1952 2434 2028 2476 275

1951 2547 2029 2599 278

1951 2727 2031 2766 280

1952 2852 2029 2901 283

1951 3027 2027 3077 285

1951 3095 2028 3146 287

1953 3217 2029 3258 288
