2216 3554
853 191 1207 243 Introduction.
1809 195 1914 245 xvii

162 326 189 348 “
207 323 286 370 Ne
344 323 646 387 derelinquas
704 339 789 371 nos
849 321 1132 386 orphanos',”
1179 322 1408 386 prorupit
1466 323 1518 370 in
1576 324 1813 384 lacrimas,
1865 330 1914 374 et

160 413 368 461 multum
392 413 538 472 flevit,
558 418 615 461 et
649 418 757 476 post
791 411 962 460 horam
997 411 1142 475 coepit
1177 416 1395 475 repetere
1421 430 1529 476 quae
1570 414 1910 464 inchoaverat:

160 508 208 550 et
242 520 330 551 nos
364 503 466 551 haec
500 503 748 550 audientes
782 502 998 549 luximus
1032 518 1142 549 cum
1178 501 1276 550 illo.
1347 501 1520 550 Altera
1551 503 1659 550 vice
1695 503 1913 566 legimus,

159 593 313 641 altera
335 592 647 657 ploravimus,
664 592 762 640 imo
786 608 974 655 semper
991 608 1101 639 011111
1125 591 1244 638 fletu
1267 590 1486 653 legimus.
1540 590 1603 639 In
1628 591 1716 639 tali
1742 592 1914 640 laetitia

160 682 626 746 quinquagesimales
661 680 763 729 dies
788 696 943 743 usque
978 679 1041 727 ad
1075 679 1204 727 diem
1239 679 1497 743 praefatum
1533 680 1839 740 deduximus,
1866 686 1915 729 et

159 770 241 819 ille
273 771 479 819 multum
503 770 744 833 gaudebat
770 770 972 833 Deoque
997 769 1179 832 gratias
1213 769 1385 832 agebat
1411 769 1523 832 quia
1559 770 1627 817 sic
1659 771 1916 819 meruisset

160 859 407 908 infirmari.
479 859 742 907 Referebat
777 863 824 907 et
863 875 987 921 saepe
1023 857 1229 916 dicebat,
1257 861 1289 884 ⁴‘·
1302 857 1342 904 F
1344 858 1540 921 lagellat
1563 858 1698 907 Deus
1723 876 1914 908 omnem

158 949 312 996 filium
350 967 494 1013 quem
530 948 745 1012 recipit‚”
782 954 831 997 et
868 949 1026 996 multa
1063 947 1158 996 alia
1194 947 1253 995 de
1291 947 1469 996 Sancta
1505 948 1771 1012 Scriptura,
1810 966 1914 998 sen-

157 1038 361 1086 tent-iam
386 1056 576 1103 quoque
609 1038 774 1086 Sancti
798 1036 1069 1097 Ambrosii,
1097 1041 1125 1062 “
1142 1037 1257 1085 Non
1295 1037 1362 1085 sic
1386 1037 1504 1096 vixi,
1531 1042 1588 1085 ut
1622 1055 1700 1086 me
1735 1038 1916 1101 pudeat

157 1126 284 1175 inter
323 1145 414 1175 -vos
460 1127 653 1176 vivere:
717 1127 799 1176 sed
846 1144 933 1174 nee
980 1126 1104 1174 mori
1149 1126 1312 1184 timeo,
1363 1126 1476 1189 quia
1522 1126 1705 1174 bonum
1749 1127 1914 1178 -Deum

157 1217 428 1267 habemus.''

226 1307 308 1355 ‘'In
333 1307 440 1355 istis
465 1312 629 1356 autem
663 1307 830 1356 diebus
855 1308 950 1355 duo
975 1307 1206 1370 opuscula
1239 1306 1451 1354 multum
1486 1307 1717 1357 memoria
1748 1307 1913 1371 digna,

156 1397 370 1460 exceptis
417 1397 715 1445 ‘lectionibus
764 1414 881 1460 quas
940 1397 1210 1459 accepimus
1267 1396 1328 1443 ab
1387 1414 1442 1444 eo
1491 1400 1541 1444 et
1587 1402 1735 1445 cantu
1781 1398 1913 1446 Psal-

155 1503 360 1547 morum,
402 1488 556 1535 facere
601 1487 842 1546 studebat,
885 1485 1204 1547 Evangelium
1248 1485 1430 1532 scilicet
1471 1485 1638 1534 Sancti
1673 1485 1705 1532 J
1711 1485 1915 1533 ohannis

156 1577 208 1624 in
231 1583 443 1625 nostram
468 1575 684 1641 linguam
708 1576 768 1624 ad
792 1576 1059 1624 utilitatem
1085 1574 1290 1623 ecelesiae
1316 1574 1584 1634 convertit3
1623 1578 1671 1623 et
1693 1575 1752 1623 de
1769 1575 1915 1623 ‘libris

152 1671 370 1715 rotarum
404 1650 581 1714 Isidori
617 1665 829 1728 episcopi
867 1665 1196 1728 excerptiones
1232 1664 1477 1727 quasdam,
1517 1663 1694 1724 dicens,
1733 1665 1909 1715 “Nolo

154 1761 212 1804 ut
246 1756 388 1819 pueri
418 1756 514 1803 mei
539 1755 842 1803 mendacium
877 1755 1052 1817 legant,
1079 1760 1128 1802 et
1163 1754 1218 1801 in
1253 1754 1343 1801 1106
1379 1757 1489 1816 post
1525 1754 1716 1801 obitum
1751 1772 1914 1803 meum

135 1836 256 1894 ‘sine
298 1845 462 1893 fructu
498 1844 762 1893 laborent.”
835 1843 960 1892 Cum
998 1843 1210 1891 venisset
1248 1847 1412 1890 autem
1451 1842 1599 1891 tertia
1639 1843 1761 1891 feria
1802 1850 1916 1893 ante

154 1932 506 1982 Ascensionem
540 1934 740 1982 Domini
775 1934 921 1997 coepit
955 1932 1290 1982 vehementius
1314 1931 1554 1996 -aegrotari
1591 1932 1644 1979 in
1679 1933 1914 1994 anhelitu,

155 2031 205 2073 et
228 2025 443 2073 modicus
468 2029 632 2072 tumor
650 2023 702 2071 in
721 2024 925 2088 pedibus
949 2023 1188 2087 apparuit.
1244 2022 1426 2070 Totum
1445 2028 1608 2071 autem
1629 2022 1767 2071 illum
1786 2023 1916 2072 diem

153 2115 364 2174 docebat,
402 2120 452 2162 et
486 2114 708 2162 hilariter
744 2114 974 2174 dictabat,
1011 2119 1059 2162 et
1094 2131 1442 2177 nonnunquam
1478 2113 1606 2161 inter
1643 2114 1737 2161 alia
1772 2115 1913 2174 dixit,

153 2204 390 2252 “Discite
437 2221 546 2252 cum
592 2203 915 2263 festinatione,
964 2203 1125 2253 nescio
1173 2204 1406 2267 quamdiu
1456 2203 1729 2264 subsistam,
1775 2209 1824 2254 et
1871 2205 1914 2252 si

153 2301 264 2358 post
296 2294 540 2342 modicum
563 2294 702 2342 tollet
732 2311 808 2342 me
833 2293 1012 2342 Factor
1036 2293 1215 2341 meus.”
1286 2294 1443 2342 Nobis
1468 2300 1631 2342 autem
1656 2295 1915 2343 videbatur

156 2384 285 2448 quod
332 2401 470 2433 suum
521 2384 707 2432 exitum
748 2384 870 2432 bene
917 2384 1073 2443 sciret,
1110 2389 1159 2432 et
1206 2384 1275 2432 sic
1323 2390 1512 2432 noctem
1550 2383 1604 2431 in
1643 2385 1914 2448 gratiarum

155 2473 344 2521 actione
366 2473 574 2537 pervigil
599 2473 759 2523 duxit.

227 2566 239 2589 ‘
254 2562 323 2611 Et
356 2580 496 2611 mane
518 2562 835 2622 illucescente,
862 2562 915 2610 id
939 2567 1012 2611 est
1037 2568 1214 2627 quarta
1237 2563 1370 2623 feria,
1397 2563 1630 2627 praecepit
1655 2564 1915 2629 diligenter

155 2652 301 2701 scribi
325 2669 431 2716 quae
456 2670 753 2716 coeperamus
766 2670 779 2714 ;
830 2659 879 2702 et
903 2653 994 2701 hoc
1017 2653 1199 2701 factum
1225 2670 1376 2716 usque
1409 2654 1471 2701 ad
1508 2654 1704 2702 tertiam
1729 2654 1912 2702 horam.
1940 2687 1944 2697 .

157 2742 204 2789 A
228 2741 374 2790 tertia
408 2746 570 2790 autem
603 2743 723 2791 hora
757 2743 1111 2791 ambulavimus
1148 2760 1256 2790 cum
1285 2742 1507 2806 reliquiis
1541 2749 1831 2803 sanctorum,
1856 2748 1915 2792 ut

155 2830 452 2879 consuetudo
474 2830 604 2880 illius
638 2832 737 2880 diei
771 2833 1011 2896 poscebat.
1083 2832 1227 2881 Unus
1250 2850 1366 2880 vero
1403 2836 1506 2880 erat
1536 2850 1596 2880 ex
1628 2833 1766 2881 nobis
1804 2850 1912 2880 cum

155 2921 254 2981 illo,
293 2921 402 2985 quis
443 2915 577 2969 dixit
612 2921 699 2981 illi,
738 2926 765 2949 “
782 2920 973 2982 Adhuc,
1012 2922 1243 2985 magister
1284 2922 1607 2982 dilectissime,
1648 2922 1912 2986 capitulum

155 3028 309 3059 unum
345 3010 504 3070 deest;
543 3013 593 3058 et
614 3011 810 3060 videtur
843 3012 936 3061 tibi
971 3012 1163 3060 difficile
1200 3029 1301 3060 esse
1337 3013 1447 3076 plus
1484 3016 1533 3060 te
1569 3011 1910 3074 interrogare.'’

157 3099 238 3148 Ab
284 3099 380 3158 ille,
432 3099 640 3147 “Facile
687 3099 800 3159 est‚'’
848 3101 1044 3165 inquit;
1109 3104 1136 3127 “
1155 3101 1318 3165 accipe
1366 3105 1509 3149 tuum
1563 3102 1813 3160 calamum,
1864 3105 1913 3149 et

156 3194 389 3253 tempera,
426 3192 476 3237 et
513 3189 797 3252 festinanter
837 3191 990 3240 scribe
1006 3208 1019 3252 ;
1037 3191 1063 3211 '’
1125 3192 1253 3256 quod
1291 3192 1374 3240 ille
1417 3192 1543 3240 fecit.
1615 3190 1694 3238 Ad
1734 3207 1911 3238 nonam

157 3286 320 3330 autem
355 3280 524 3330 horam
559 3279 686 3329 dixit
720 3279 854 3342 mihi,
900 3282 1176 3344 “Quaedam
1219 3282 1438 3346 preciosa
1474 3281 1525 3328 in
1566 3296 1674 3328 mea
1707 3280 1911 3343 capsella
