2216 3554
258 214 318 258 14
828 205 1056 255 Historia
1088 204 1423 253 Ecclesiastica
1821 199 1952 268 [Lm.
1968 215 2002 248 1.

254 363 411 394 annus
435 346 496 394 ab
520 344 846 393 incarnatione
871 344 1072 392 Domini
1095 341 1492 407 quadragesimus
1518 346 1711 389 sextus:
1739 357 1837 403 quo
1856 339 2002 387 etiam

253 429 410 478 anno¹
445 429 595 476 fames
630 427 916 491 gravissima
949 444 1037 490 per
1073 426 1262 489 Syriam
1297 426 1426 474 facta
1461 427 1547 483 est,
1576 440 1682 486 quae
1712 422 1765 469 in
1797 422 2003 469 Actibus

253 509 599 575 Apostolorum
622 526 710 573 per
737 509 1023 573 prophetam
1051 506 1284 571 Agabum
1311 506 1545 570 praedicta
1568 522 1668 553 esse
1694 506 2003 552 memoratur.

318 619 396 654 and
427 618 516 652 ves·
597 590 676 639 Ab
700 591 868 639 eodem
893 590 1098 639 Claudio
1122 590 1447 653 Vespasianus
1463 590 1494 648 ²,
1521 588 1604 652 qui
1622 594 1733 651 post
1759 588 2005 635 Neronem

319 669 511 711 pasianus.
594 673 869 737 imperavit,
909 673 961 721 in
1015 671 1306 721 Brittaniam
1359 671 1547 730 missus,
1603 671 1751 719 etiam
1802 670 2007 717 Vectam

255 758 466 807 insulam
509 756 763 804 Brittaniae
805 755 1077 818 proximam
1123 771 1152 802 a
1197 753 1411 814 meridie,
1458 753 1786 801 Romanorum
1828 751 2006 798 ditioni

256 839 563 904 subjugavit3
603 855 710 901 quae
746 837 892 885 habet
909 837 926 863 ³
960 837 1022 885 ab
1049 837 1234 885 oriente
1266 837 1318 883 in
1343 852 1562 884 occasum
1586 835 1793 898 triginta
1817 832 2008 881 circiter

257 923 393 971 milia
415 938 657 986 passuum,
684 921 744 968 ab
773 924 940 968 austro
977 919 1027 967 in
1062 920 1260 967 boream
1295 918 1563 976 duodecim,
1601 917 1653 964 in
1690 916 2004 965 orientalibus

258 1005 357 1055 suis
393 1003 612 1068 partibus
647 1002 772 1049 mari
809 1018 892 1050 sex
927 1001 1133 1061 milium,
1160 1001 1212 1048 in
1237 1000 1611 1048 occidentalibus
1636 1000 1787 1047 trium
1812 1016 1840 1046 a
1864 998 2006 1047 meri-

257 1088 401 1135 diano
438 1085 696 1134 Brittaniae
732 1084 875 1132 litore
911 1084 1109 1131 distans.
1198 1083 1468 1132 Succedens
1515 1086 1679 1130 autem
1715 1081 1918 1130 Claudio
1955 1081 2007 1128 in

257 1169 517 1232 imperium
551 1168 699 1226 Nero,
736 1166 859 1214 nihil
895 1165 1091 1214 omnino
1119 1165 1171 1212 in
1208 1181 1260 1212 re
1296 1164 1495 1212 militari
1535 1181 1678 1212 ausus
1703 1167 1790 1211 est.
1861 1163 2007 1212 Unde

258 1252 388 1300 inter
422 1251 516 1299 alia
551 1249 759 1298 Romani
795 1248 931 1312 regni
968 1247 1258 1295 detrimenta
1293 1246 1548 1293 innumera
1573 1245 1863 1293 Brittaniam
1886 1263 2008 1309 pene

259 1333 452 1382 amisit:
491 1348 601 1379 nam
638 1332 734 1379 duo
770 1330 858 1378 sub
894 1346 948 1378 eo
983 1328 1283 1377 nobilissima
1318 1328 1529 1392 oppida⁴
1564 1327 1668 1375 illic
1692 1333 1833 1391 capta
1864 1332 2010 1392 atque

258 1417 486 1465 subversa
509 1418 633 1462 sunt.
1648 1395 1654 1406 ’

1035 1507 1173 1558 CAP.
1211 1508 1304 1559 IV.

371 1622 422 1663 Ut
450 1621 603 1663 Lucius
632 1621 926 1661 Brittanorum
953 1633 1024 1661 rea:
1051 1619 1187 1661 missis
1217 1619 1275 1660 ad
1294 1619 1555 1660 Eleutherum
1580 1634 1740 1673 papam
1770 1622 1911 1663 literis

792 1689 1086 1730 Christianum
1115 1701 1155 1728 se
1174 1688 1273 1740 fieri
1298 1689 1478 1741 petierit.

329 1790 487 1840 ANNO
507 1790 524 1817 ⁵
572 1790 633 1838 ab
685 1783 1014 1836 incarnatione
1063 1787 1262 1836 Domini
1309 1788 1569 1837 centesimo
1611 1789 2011 1853 quinquagesimo

323 1866 500 1951 ΜΙὲἓΞὲἒ
515 1925 539 1949 a
600 1872 737 1916 sexto
756 1868 773 1894 ⁶
803 1867 996 1915 Marcus
1011 1867 1029 1894 ⁷
1060 1864 1344 1914 Antoninus
1367 1867 1541 1929 Verus,
1567 1867 1783 1916 decimus
1809 1874 2010 1932 quartus

325 1964 530 2000 Christian.
605 1951 664 1998 ab
687 1950 914 2014 Augusto
945 1966 1152 2012 regnum
1188 1966 1300 1998 cum
1333 1949 1537 1998 Aurelio
1575 1951 1840 1999 Commodo
1864 1952 2012 2001 fratre

262 2032 503 2096 suscepit:
564 2048 771 2096 quorum
817 2032 1118 2096 temporibus
1137 2032 1154 2059 ⁸
1206 2048 1317 2080 cum
1362 2032 1653 2082 Eleutherus
1699 2035 1778 2083 vir
1818 2039 2013 2083 sanctus

319 2155 334 2178 ¹
365 2168 441 2206 quo
471 2156 596 2194 etiam
627 2154 752 2205 anno]
805 2155 972 2195 Orosius
1010 2155 1109 2194 here
1164 2155 1237 2195 sed
1265 2155 1384 2207 copia
1409 2156 1715 2206 negotiatorum
1741 2160 1783 2196 et
1812 2170 2012 2197 commea-

265 2211 424 2250 follows
443 2210 659 2257 Eusebius,
683 2210 797 2249 Hist.
818 2210 929 2251 Eccl.
950 2210 993 2248 ii.
1015 2211 1053 2249 8.
1164 2215 1286 2250 tuum
1306 2211 1489 2250 maxime
1508 2209 1692 2251 celebre?

320 2264 336 2287 ²
364 2264 662 2316 Vespasianus]
699 2264 926 2316 Eutropius
952 2265 1109 2304 follows
1220 2266 1236 2289 ⁵
1267 2265 1386 2305 Anno
1435 2296 1446 2308 .
1496 2295 1505 2305 .

266 2319 499 2365 Suetonius,
537 2318 631 2358 who
664 2332 757 2370 says
794 2319 888 2358 that
927 2318 979 2359 he
1015 2333 1109 2358 con·
1166 2320 1348 2360 Orosius.

265 2374 422 2426 quered
461 2374 588 2413 ‘duas
625 2374 900 2413 validissimas
943 2376 1112 2426 gentes!
1223 2375 1239 2399 ⁶
1266 2376 1472 2415 centesimo
1511 2377 1846 2428 quinquayesimo
1882 2375 2012 2428 sexto]

265 2429 396 2481 Vesp.
417 2441 457 2479 4.
515 2430 604 2467 Are
628 2429 746 2468 these
771 2429 844 2468 the
865 2428 1003 2481 Belgae
1030 2429 1113 2468 and
1167 2429 1284 2469 Beda
1320 2430 1364 2468 in
1409 2429 1476 2470 his
1522 2431 1698 2483 History
1736 2432 1893 2471 follows
1940 2431 2015 2471 the

267 2483 520 2524 Dmnnoniiz
540 2482 719 2534 Wright,
735 2497 772 2535 p.
790 2495 854 2524 22.
880 2483 1115 2535 Vespasian
1169 2485 1416 2536 chronology
1435 2485 1482 2524 of
1502 2485 1670 2525 Orosius
1683 2500 1693 2534 ;
1726 2486 1772 2525 in
1797 2486 1863 2526 his
1887 2486 2014 2526 Ohro·

268 2551 352 2579 was
372 2539 536 2590 serving
560 2538 605 2576 in
633 2538 797 2577 Britain
823 2537 975 2590 during
993 2539 1114 2578 Olau—
1169 2539 1289 2585 niele,
1319 2539 1456 2578 where
1486 2540 1570 2579 this
1600 2541 1696 2580 date
1730 2541 1766 2580 is
1799 2552 1887 2580 A.D.
1923 2541 2014 2587 180,

269 2592 373 2633 dius'
403 2592 622 2645 campaign
648 2593 778 2640 there,
803 2603 892 2634 ΑΛ).
919 2604 996 2645 43;
1026 2593 1113 2633 also
1169 2594 1265 2633 that
1285 2593 1332 2632 of
1345 2594 1562 2636 Eusebius.
1594 2595 1638 2636 S.
1694 2595 1784 2635 The
1809 2595 1899 2635 real
1918 2596 2015 2636 date

270 2658 361 2688 ΑΛ).
382 2655 449 2699 47,
470 2648 597 2687 Clint.
619 2647 668 2688 F.
688 2648 741 2688 R.
1170 2649 1204 2687 is
1224 2659 1310 2687 AJ).
1335 2647 1426 2688 161.

324 2702 340 2726 ⁸
367 2716 455 2754 quae
480 2702 596 2743 habet
626 2731 637 2742 .
668 2732 678 2743 .
710 2732 719 2741 .
750 2702 930 2754 distans]
966 2701 1115 2742 Beda's
1224 2702 1240 2725 ⁷
1269 2704 1440 2744 Marcus
1470 2735 1479 2744 .

271 2770 378 2798 own.
435 2757 512 2796 See
534 2756 728 2801 Kemble‚
749 2756 776 2796 i.
801 2758 865 2806 83,
890 2769 978 2797 101.

1552 2296 1563 2306 .
1607 2265 1796 2319 suscepit]
1887 2267 2014 2306 From

1510 2735 1519 2744 .
1551 2735 1561 2744 .
1580 2706 1738 2758 fratre]
1781 2705 1911 2745 Their
1936 2705 2016 2744 full

1171 2771 1313 2798 names
1332 2772 1441 2798 were
1466 2759 1529 2799 M.
1551 2760 1753 2800 Aurelius
1772 2760 2015 2800 Antoninus

325 2810 342 2835 ⁴
369 2812 452 2852 duo
477 2812 550 2852 sub
579 2825 623 2852 eo
651 2811 910 2852 'nobilissima
940 2812 1115 2864 oppida]

271 2867 362 2907 The
391 2879 502 2906 same
529 2866 706 2906 number
731 2867 766 2906 is
792 2866 916 2918 given
941 2867 999 2918 by
1018 2866 1119 2906 Sue-

271 2921 426 2968 tonius,
465 2921 595 2967 Nero,
623 2933 698 2974 393
741 2921 824 2960 and
853 2921 1111 2973 Xiphffinus,

273 2977 364 3017 lxii.
389 2988 426 3015 1.
480 2976 568 3016 But
593 2976 776 3023 Tacitus,
802 2976 916 3016 Ann.
942 2976 1027 3016 xiv.
1050 2987 1115 3026 31,

276 3043 343 3082 33,
386 3031 534 3083 speaks
577 3031 626 3070 of
665 3030 738 3070 the
784 3030 1038 3070 destruction
1076 3029 1129 3069 of

274 3087 382 3126 three
410 3089 542 3126 towns
574 3086 631 3138 by
660 3085 893 3134 Boudicea3
931 3085 1119 3125 Camulo-

276 3141 447 3188 dunum,
469 3154 494 3179 a
514 3145 525 3162 ⁶
538 3139 719 3185 colonia;
735 3140 745 3156 ’
774 3140 1075 3186 Verulamium,
1093 3154 1119 3179 a

280 3199 291 3216 ‘
299 3194 567 3247 municipium
577 3209 587 3241 ;
597 3194 607 3211 ’
637 3194 721 3235 and
734 3195 996 3245 Londinium,
1010 3198 1021 3215 ‘
1029 3208 1118 3247 cog-

276 3254 471 3290 nomento
486 3250 653 3303 quidem
668 3249 835 3290 coloniae
846 3263 929 3290 non
943 3249 1116 3303 insigne,

1171 2813 1324 2870 Verus,
1335 2814 1566 2866 commonly
1577 2815 1709 2854 called
1725 2815 1786 2855 M.
1803 2815 2014 2860 Aurelius,

1172 2867 1256 2907 and
1289 2867 1337 2907 L.
1368 2868 1561 2909 Ceionius
1596 2869 1734 2908 AElius
1767 2869 2015 2910 Commodus

1170 2922 1307 2961 Verus
1334 2922 1588 2973 Antoninus,
1623 2925 1856 2976 commonly
1882 2923 2015 2963 called

1171 2977 1220 3016 L.
1249 2976 1389 3016 Verus
1402 2992 1414 3027 3
1461 2978 1562 3017 both
1592 2979 1664 3018 the
1705 2978 1884 3032 adopted
1922 2991 2016 3017 sons

1171 3030 1262 3071 and»
1274 3045 1499 3072 successors
1517 3033 1563 3073 of
1577 3035 1625 3073 T.
1643 3034 1884 3074 Antoninus
1899 3033 2014 3072 Pius.

1173 3085 1353 3137 Hussey.

1227 3141 1252 3164 8·
1270 3154 1441 3192 quorum
1470 3141 1733 3194 temporibus]
1777 3142 1896 3195 They
1927 3156 2014 3182 suc-

1173 3195 1326 3235 ceeded
1350 3206 1438 3236 A.D.
1461 3197 1551 3243 161,
1575 3198 1656 3237 and
1685 3197 1735 3236 L.
1754 3197 1893 3237 Verus
1920 3197 2017 3237 died

1173 3260 1261 3293 ΑΔ),
1282 3249 1372 3305 169.
1401 3251 1583 3293 Clinton.
1620 3252 1708 3292 But
1725 3251 1796 3292 the
1810 3252 1901 3294 first
1919 3252 2017 3293 date

2214 653 2216 658 .
2206 359 2216 598 m———ss—z-...fiu
