<?xml version="1.0" encoding="UTF-8"?>
<!DOCTYPE html PUBLIC "-//W3C//DTD XHTML 1.0 Transitional//EN"
    "http://www.w3.org/TR/xhtml1/DTD/xhtml1-transitional.dtd">
<html xmlns="http://www.w3.org/1999/xhtml" xml:lang="en" lang="en">
 <head>
  <title>
</title>
<meta http-equiv="Content-Type" content="text/html;charset=utf-8" />
  <meta name='ocr-system' content='tesseract 3.04.00' />
  <meta name='ocr-capabilities' content='ocr_page ocr_carea ocr_par ocr_line ocrx_word'/>
</head>
<body>
  <div class='ocr_page' id='page_1' title='image "./historiaecclesia00bedeuoft_0132.png"; bbox 0 0 2216 3554; ppageno 0'>
   <div class='ocr_carea' id='block_1_1' title="bbox 355 201 2088 272">
    <p class='ocr_par' dir='ltr' id='par_1_1' title="bbox 355 201 2088 272">
     <span class='ocr_line' id='line_1_1' title="bbox 355 201 2088 272; baseline 0 -18"><span class='ocrx_word' id='word_1_1' title='bbox 355 210 450 255; x_wconf 93' lang='lat'>100</span> <span class='ocrx_word' id='word_1_2' title='bbox 924 204 1152 254; x_wconf 70' lang='lat' dir='ltr'>Historia</span> <span class='ocrx_word' id='word_1_3' title='bbox 1186 205 1523 254; x_wconf 71' lang='lat' dir='ltr'>Ecclesiastioa</span> <span class='ocrx_word' id='word_1_4' title='bbox 1878 201 2015 272; x_wconf 87' lang='lat' dir='ltr'>[LIB.</span> <span class='ocrx_word' id='word_1_5' title='bbox 2030 219 2088 254; x_wconf 91' lang='lat'>11.</span> 
     </span>
    </p>
   </div>
   <div class='ocr_carea' id='block_1_2' title="bbox 299 334 2092 1960">
    <p class='ocr_par' dir='ltr' id='par_1_2' title="bbox 343 334 2092 1221">
     <span class='ocr_line' id='line_1_2' title="bbox 348 334 2083 399; baseline -0.001 -13"><span class='ocrx_word' id='word_1_6' title='bbox 348 342 517 386; x_wconf 90' lang='lat' dir='ltr'>tonum</span> <span class='ocrx_word' id='word_1_7' title='bbox 547 336 742 395; x_wconf 88' lang='lat' dir='ltr'>insulas,</span> <span class='ocrx_word' id='word_1_8' title='bbox 773 351 882 399; x_wconf 84' lang='lat' dir='ltr'>quae</span> <span class='ocrx_word' id='word_1_9' title='bbox 911 334 1040 384; x_wconf 88' lang='lat' dir='ltr'>inter</span> <span class='ocrx_word' id='word_1_10' title='bbox 1071 336 1354 384; x_wconf 85' lang='lat' dir='ltr'>Hiberniam</span> <span class='ocrx_word' id='word_1_11' title='bbox 1387 339 1436 384; x_wconf 89' lang='lat' dir='ltr'>et</span> <span class='ocrx_word' id='word_1_12' title='bbox 1473 334 1770 383; x_wconf 72' lang='lat' dir='ltr'>Brittaniam</span> <span class='ocrx_word' id='word_1_13' title='bbox 1808 335 1914 384; x_wconf 86' lang='lat' dir='ltr'>sitae</span> <span class='ocrx_word' id='word_1_14' title='bbox 1952 341 2083 394; x_wconf 87' lang='lat' dir='ltr'>sunt,</span> 
     </span>
     <span class='ocr_line' id='line_1_3' title="bbox 349 416 2087 483; baseline -0.002 -16"><span class='ocrx_word' id='word_1_15' title='bbox 349 419 618 483; x_wconf 91' lang='lat' dir='ltr'>Anglorum</span> <span class='ocrx_word' id='word_1_16' title='bbox 643 417 847 481; x_wconf 87' lang='lat' dir='ltr'>subjecit</span> <span class='ocrx_word' id='word_1_17' title='bbox 871 416 1102 481; x_wconf 91' lang='lat' dir='ltr'>imperio;</span> <span class='ocrx_word' id='word_1_18' title='bbox 1139 424 1303 467; x_wconf 88' lang='lat' dir='ltr'>sextus</span> <span class='ocrx_word' id='word_1_19' title='bbox 1329 416 1514 465; x_wconf 85' lang='lat' dir='ltr'>Osuald</span> <span class='ocrx_word' id='word_1_20' title='bbox 1538 421 1587 464; x_wconf 91' lang='lat' dir='ltr'>et</span> <span class='ocrx_word' id='word_1_21' title='bbox 1619 416 1722 480; x_wconf 89' lang='lat' dir='ltr'>ipse</span> <span class='ocrx_word' id='word_1_22' title='bbox 1746 417 2087 480; x_wconf 86' lang='lat' dir='ltr'>Nordanhym-</span> 
     </span>
     <span class='ocr_line' id='line_1_4' title="bbox 347 499 2084 562; baseline -0.001 -13"><span class='ocrx_word' id='word_1_23' title='bbox 347 503 547 550; x_wconf 88' lang='lat' dir='ltr'><strong>brorum</strong></span> <span class='ocrx_word' id='word_1_24' title='bbox 594 518 677 548; x_wconf 87' lang='lat' dir='ltr'>rex</span> <span class='ocrx_word' id='word_1_25' title='bbox 727 499 1181 555; x_wconf 85' lang='lat' dir='ltr'>Christianissimus‚</span> <span class='ocrx_word' id='word_1_26' title='bbox 1217 500 1404 548; x_wconf 85' lang='lat' dir='ltr'>hisdem</span> <span class='ocrx_word' id='word_1_27' title='bbox 1438 499 1616 546; x_wconf 88' lang='lat' dir='ltr'>finibus</span> <span class='ocrx_word' id='word_1_28' title='bbox 1656 515 1860 562; x_wconf 87' lang='lat' dir='ltr'>regnum</span> <span class='ocrx_word' id='word_1_29' title='bbox 1896 499 2084 560; x_wconf 68' lang='lat' dir='ltr'>tenuitj,</span> 
     </span>
     <span class='ocr_line' id='line_1_5' title="bbox 348 580 2089 647; baseline -0.001 -16"><span class='ocrx_word' id='word_1_30' title='bbox 348 583 582 647; x_wconf 88' lang='lat' dir='ltr'>septimus</span> <span class='ocrx_word' id='word_1_31' title='bbox 625 582 781 631; x_wconf 89' lang='lat' dir='ltr'>Osuiu</span> <span class='ocrx_word' id='word_1_32' title='bbox 818 583 969 630; x_wconf 84' lang='lat' dir='ltr'>frater</span> <span class='ocrx_word' id='word_1_33' title='bbox 1004 583 1121 646; x_wconf 90' lang='lat' dir='ltr'>ejus,</span> <span class='ocrx_word' id='word_1_34' title='bbox 1153 581 1419 645; x_wconf 74' lang='lat' dir='ltr'>aequalibus</span> <span class='ocrx_word' id='word_1_35' title='bbox 1461 597 1583 644; x_wconf 91' lang='lat' dir='ltr'>pene</span> <span class='ocrx_word' id='word_1_36' title='bbox 1623 580 1843 628; x_wconf 88' lang='lat' dir='ltr'>terminis</span> <span class='ocrx_word' id='word_1_37' title='bbox 1883 598 2089 644; x_wconf 90' lang='lat' dir='ltr'>regnum</span> 
     </span>
     <span class='ocr_line' id='line_1_6' title="bbox 348 662 2091 728; baseline -0.002 -14"><span class='ocrx_word' id='word_1_38' title='bbox 348 666 582 714; x_wconf 92' lang='lat' dir='ltr'>nonnullo</span> <span class='ocrx_word' id='word_1_39' title='bbox 619 670 837 728; x_wconf 89' lang='lat' dir='ltr'>tempore</span> <span class='ocrx_word' id='word_1_40' title='bbox 876 681 1110 723; x_wconf 83' lang='lat' dir='ltr'>coercens,</span> <span class='ocrx_word' id='word_1_41' title='bbox 1137 664 1386 712; x_wconf 85' lang='lat' dir='ltr'>Pictorum</span> <span class='ocrx_word' id='word_1_42' title='bbox 1418 680 1607 726; x_wconf 91' lang='lat' dir='ltr'>quoque</span> <span class='ocrx_word' id='word_1_43' title='bbox 1637 668 1780 726; x_wconf 86' lang='lat' dir='ltr'>atque</span> <span class='ocrx_word' id='word_1_44' title='bbox 1813 662 2091 711; x_wconf 72' lang='lat' dir='ltr'>Scottorum</span> 
     </span>
     <span class='ocr_line' id='line_1_7' title="bbox 347 745 2090 811; baseline -0.002 -15"><span class='ocrx_word' id='word_1_45' title='bbox 347 754 529 811; x_wconf 81' lang='lat' dir='ltr'>gentes,</span> <span class='ocrx_word' id='word_1_46' title='bbox 560 764 667 811; x_wconf 82' lang='lat' dir='ltr'>quae</span> <span class='ocrx_word' id='word_1_47' title='bbox 707 747 1105 810; x_wconf 77' lang='lat' dir='ltr'>septentrionales</span> <span class='ocrx_word' id='word_1_48' title='bbox 1130 745 1387 794; x_wconf 84' lang='lat' dir='ltr'>Brittaniae</span> <span class='ocrx_word' id='word_1_49' title='bbox 1424 745 1544 793; x_wconf 88' lang='lat' dir='ltr'>fines</span> <span class='ocrx_word' id='word_1_50' title='bbox 1579 749 1764 799; x_wconf 90' lang='lat' dir='ltr'>tenent,</span> <span class='ocrx_word' id='word_1_51' title='bbox 1789 745 1998 792; x_wconf 84' lang='lat' dir='ltr'>maxima</span> <span class='ocrx_word' id='word_1_52' title='bbox 2029 761 2090 793; x_wconf 85' lang='lat' dir='ltr'>ex</span> 
     </span>
     <span class='ocr_line' id='line_1_8' title="bbox 345 827 2088 898; baseline -0.002 -20"><span class='ocrx_word' id='word_1_53' title='bbox 345 836 484 893; x_wconf 84' lang='lat' dir='ltr'>parte</span> <span class='ocrx_word' id='word_1_54' title='bbox 520 829 810 894; x_wconf 87' lang='lat' dir='ltr'>perdomuit,</span> <span class='ocrx_word' id='word_1_55' title='bbox 850 845 905 877; x_wconf 90' lang='lat' dir='ltr'>ac</span> <span class='ocrx_word' id='word_1_56' title='bbox 951 828 1235 898; x_wconf 71' lang='lat' dir='ltr'>tributarias</span> <span class='ocrx_word' id='word_1_57' title='bbox 1271 828 1400 876; x_wconf 85' lang='lat' dir='ltr'>feeit.</span> <span class='ocrx_word' id='word_1_58' title='bbox 1472 827 1568 876; x_wconf 82' lang='lat' dir='ltr'>Sed</span> <span class='ocrx_word' id='word_1_59' title='bbox 1614 828 1717 875; x_wconf 86' lang='lat' dir='ltr'>haec</span> <span class='ocrx_word' id='word_1_60' title='bbox 1761 827 2088 890; x_wconf 88' lang='lat' dir='ltr'>postmodum.</span> 
     </span>
     <span class='ocr_line' id='line_1_9' title="bbox 345 909 2092 974; baseline -0.001 -14"><span class='ocrx_word' id='word_1_61' title='bbox 345 914 621 962; x_wconf 83' lang='lat' dir='ltr'>Defunctus</span> <span class='ocrx_word' id='word_1_62' title='bbox 653 929 765 960; x_wconf 92' lang='lat' dir='ltr'>vero</span> <span class='ocrx_word' id='word_1_63' title='bbox 798 915 872 960; x_wconf 90' lang='lat' dir='ltr'>est</span> <span class='ocrx_word' id='word_1_64' title='bbox 904 929 992 960; x_wconf 86' lang='lat' dir='ltr'>rex</span> <span class='ocrx_word' id='word_1_65' title='bbox 1016 911 1285 959; x_wconf 88' lang='lat' dir='ltr'>AEdilberct</span> <span class='ocrx_word' id='word_1_66' title='bbox 1320 910 1399 958; x_wconf 91' lang='lat' dir='ltr'>die</span> <span class='ocrx_word' id='word_1_67' title='bbox 1430 909 1666 974; x_wconf 86' lang='lat' dir='ltr'>vigesima</span> <span class='ocrx_word' id='word_1_68' title='bbox 1703 915 1877 973; x_wconf 85' lang='lat' dir='ltr'>quarta</span> <span class='ocrx_word' id='word_1_69' title='bbox 1914 909 2092 958; x_wconf 84' lang='lat' dir='ltr'>mensis</span> 
     </span>
     <span class='ocr_line' id='line_1_10' title="bbox 346 992 2091 1058; baseline -0.002 -14"><span class='ocrx_word' id='word_1_70' title='bbox 346 995 616 1055; x_wconf 86' lang='lat' dir='ltr'>Februarii,</span> <span class='ocrx_word' id='word_1_71' title='bbox 648 1000 759 1058; x_wconf 89' lang='lat' dir='ltr'>post</span> <span class='ocrx_word' id='word_1_72' title='bbox 794 993 974 1058; x_wconf 83' lang='lat' dir='ltr'>viginti</span> <span class='ocrx_word' id='word_1_73' title='bbox 1005 999 1054 1042; x_wconf 92' lang='lat' dir='ltr'>et</span> <span class='ocrx_word' id='word_1_74' title='bbox 1086 993 1270 1042; x_wconf 80' lang='grc'>1111111111</span> <span class='ocrx_word' id='word_1_75' title='bbox 1295 1009 1446 1041; x_wconf 87' lang='lat' dir='ltr'>annos</span> <span class='ocrx_word' id='word_1_76' title='bbox 1477 996 1682 1056; x_wconf 77' lang='lat' dir='ltr'>acceptae</span> <span class='ocrx_word' id='word_1_77' title='bbox 1713 992 1836 1051; x_wconf 88' lang='lat' dir='ltr'>fidei,</span> <span class='ocrx_word' id='word_1_78' title='bbox 1864 995 2008 1055; x_wconf 88' lang='lat' dir='ltr'>atque</span> <span class='ocrx_word' id='word_1_79' title='bbox 2039 992 2091 1040; x_wconf 91' lang='lat' dir='ltr'>in</span> 
     </span>
     <span class='ocr_line' id='line_1_11' title="bbox 343 1074 2089 1142; baseline -0.003 -15"><span class='ocrx_word' id='word_1_80' title='bbox 343 1079 536 1142; x_wconf 90' lang='lat' dir='ltr'>porticu</span> <span class='ocrx_word' id='word_1_81' title='bbox 570 1076 724 1126; x_wconf 86' lang='lat' dir='ltr'>sancti</span> <span class='ocrx_word' id='word_1_82' title='bbox 756 1077 1006 1135; x_wconf 56' lang='lat' dir='ltr'>Martiniss,</span> <span class='ocrx_word' id='word_1_83' title='bbox 1030 1076 1161 1123; x_wconf 89' lang='lat' dir='ltr'>intra</span> <span class='ocrx_word' id='word_1_84' title='bbox 1192 1075 1441 1123; x_wconf 87' lang='lat' dir='ltr'>ecclesiam</span> <span class='ocrx_word' id='word_1_85' title='bbox 1472 1077 1727 1123; x_wconf 85' lang='lat' dir='ltr'>beatorum</span> <span class='ocrx_word' id='word_1_86' title='bbox 1759 1074 2089 1138; x_wconf 88' lang='lat' dir='ltr'>apostolorum</span> 
     </span>
     <span class='ocr_line' id='line_1_12' title="bbox 346 1157 1905 1221; baseline -0.003 -12"><span class='ocrx_word' id='word_1_87' title='bbox 346 1161 479 1209; x_wconf 86' lang='lat' dir='ltr'>Petri</span> <span class='ocrx_word' id='word_1_88' title='bbox 502 1166 550 1209; x_wconf 91' lang='lat' dir='ltr'>et</span> <span class='ocrx_word' id='word_1_89' title='bbox 575 1159 714 1207; x_wconf 84' lang='lat' dir='ltr'>Pauli</span> <span class='ocrx_word' id='word_1_90' title='bbox 738 1158 968 1221; x_wconf 87' lang='lat' dir='ltr'>sepultus,</span> <span class='ocrx_word' id='word_1_91' title='bbox 997 1158 1082 1205; x_wconf 91' lang='lat' dir='ltr'>ubi</span> <span class='ocrx_word' id='word_1_92' title='bbox 1107 1161 1156 1204; x_wconf 91' lang='lat' dir='ltr'>et</span> <span class='ocrx_word' id='word_1_93' title='bbox 1179 1157 1383 1217; x_wconf 79' lang='lat' dir='ltr'>Berctae</span> <span class='ocrx_word' id='word_1_94' title='bbox 1407 1157 1576 1221; x_wconf 91' lang='lat' dir='ltr'>regina</span> <span class='ocrx_word' id='word_1_95' title='bbox 1599 1157 1793 1205; x_wconf 87' lang='lat' dir='ltr'>condita</span> <span class='ocrx_word' id='word_1_96' title='bbox 1818 1162 1905 1205; x_wconf 90' lang='lat' dir='ltr'>est.</span> 
     </span>
    </p>

    <p class='ocr_par' dir='ltr' id='par_1_3' title="bbox 299 1238 2091 1881">
     <span class='ocr_line' id='line_1_13' title="bbox 411 1238 2088 1303; baseline -0.002 -13"><span class='ocrx_word' id='word_1_97' title='bbox 411 1242 509 1303; x_wconf 75' lang='lat' dir='ltr'>Qui</span> <span class='ocrx_word' id='word_1_98' title='bbox 541 1242 668 1289; x_wconf 88' lang='lat' dir='ltr'>inter</span> <span class='ocrx_word' id='word_1_99' title='bbox 691 1246 863 1288; x_wconf 78' lang='lat' dir='ltr'>caetera</span> <span class='ocrx_word' id='word_1_100' title='bbox 894 1241 1032 1297; x_wconf 87' lang='lat' dir='ltr'>bona,</span> <span class='ocrx_word' id='word_1_101' title='bbox 1059 1257 1167 1303; x_wconf 90' lang='lat' dir='ltr'>quae</span> <span class='ocrx_word' id='word_1_102' title='bbox 1190 1239 1324 1302; x_wconf 87' lang='lat' dir='ltr'>genti</span> <span class='ocrx_word' id='word_1_103' title='bbox 1358 1257 1456 1288; x_wconf 86' lang='lat' dir='ltr'>suae</span> <span class='ocrx_word' id='word_1_104' title='bbox 1480 1239 1771 1288; x_wconf 86' lang='lat' dir='ltr'>consulendo</span> <span class='ocrx_word' id='word_1_105' title='bbox 1802 1238 2088 1298; x_wconf 87' lang='lat' dir='ltr'>conferebat,</span> 
     </span>
     <span class='ocr_line' id='line_1_14' title="bbox 344 1322 2090 1386; baseline -0.002 -13"><span class='ocrx_word' id='word_1_106' title='bbox 344 1323 735 1373; x_wconf 65' lang='lat' dir='ltr'>etiamdeoretass</span> <span class='ocrx_word' id='word_1_107' title='bbox 752 1322 836 1370; x_wconf 82' lang='grc'><strong>’1111</strong></span> <span class='ocrx_word' id='word_1_108' title='bbox 857 1322 1168 1386; x_wconf 82' lang='lat' dir='ltr'>judiciorum,</span> <span class='ocrx_word' id='word_1_109' title='bbox 1188 1324 1331 1384; x_wconf 84' lang='lat' dir='ltr'>juxta</span> <span class='ocrx_word' id='word_1_110' title='bbox 1362 1322 1584 1385; x_wconf 85' lang='lat' dir='ltr'>exempla</span> <span class='ocrx_word' id='word_1_111' title='bbox 1608 1322 1954 1380; x_wconf 86' lang='lat' dir='ltr'>Romanorum,</span> <span class='ocrx_word' id='word_1_112' title='bbox 1980 1338 2090 1369; x_wconf 91' lang='lat' dir='ltr'>cum</span> 
     </span>
     <span class='ocr_line' id='line_1_15' title="bbox 299 1386 2090 1468; baseline -0.001 -14"><span class='ocrx_word' id='word_1_113' title='bbox 299 1386 310 1400; x_wconf 49' lang='lat'><strong><em>⁶</em></strong></span> <span class='ocrx_word' id='word_1_114' title='bbox 343 1405 542 1454; x_wconf 89' lang='lat' dir='ltr'>consilio</span> <span class='ocrx_word' id='word_1_115' title='bbox 577 1404 899 1468; x_wconf 79' lang='lat' dir='ltr'>sapientium⁴</span> <span class='ocrx_word' id='word_1_116' title='bbox 930 1403 1212 1463; x_wconf 86' lang='lat' dir='ltr'>constituit;</span> <span class='ocrx_word' id='word_1_117' title='bbox 1251 1420 1360 1467; x_wconf 84' lang='lat' dir='ltr'>quae</span> <span class='ocrx_word' id='word_1_118' title='bbox 1394 1402 1666 1466; x_wconf 89' lang='lat' dir='ltr'>conscripta</span> <span class='ocrx_word' id='word_1_119' title='bbox 1691 1401 1963 1467; x_wconf 90' lang='lat' dir='ltr'>Anglorum</span> <span class='ocrx_word' id='word_1_120' title='bbox 1994 1420 2090 1452; x_wconf 86' lang='lat' dir='ltr'>ser-</span> 
     </span>
     <span class='ocr_line' id='line_1_16' title="bbox 343 1485 2091 1550; baseline 0.001 -15"><span class='ocrx_word' id='word_1_121' title='bbox 343 1505 485 1536; x_wconf 89' lang='lat' dir='ltr'>mone</span> <span class='ocrx_word' id='word_1_122' title='bbox 529 1487 760 1536; x_wconf 88' lang='lat' dir='ltr'>hactenus</span> <span class='ocrx_word' id='word_1_123' title='bbox 806 1487 1061 1546; x_wconf 84' lang='lat' dir='ltr'>habentur,</span> <span class='ocrx_word' id='word_1_124' title='bbox 1099 1490 1149 1534; x_wconf 92' lang='lat' dir='ltr'>et</span> <span class='ocrx_word' id='word_1_125' title='bbox 1195 1486 1516 1534; x_wconf 85' lang='lat' dir='ltr'>observantur</span> <span class='ocrx_word' id='word_1_126' title='bbox 1563 1485 1624 1533; x_wconf 85' lang='lat' dir='ltr'>ab</span> <span class='ocrx_word' id='word_1_127' title='bbox 1674 1502 1760 1533; x_wconf 88' lang='lat' dir='ltr'>ea:</span> <span class='ocrx_word' id='word_1_128' title='bbox 1821 1486 1873 1533; x_wconf 91' lang='lat' dir='ltr'>in</span> <span class='ocrx_word' id='word_1_129' title='bbox 1916 1486 2091 1550; x_wconf 84' lang='lat' dir='ltr'>quibus</span> 
     </span>
     <span class='ocr_line' id='line_1_17' title="bbox 341 1567 2091 1634; baseline -0.001 -18"><span class='ocrx_word' id='word_1_130' title='bbox 341 1570 570 1634; x_wconf 84' lang='lat' dir='ltr'>primitus</span> <span class='ocrx_word' id='word_1_131' title='bbox 593 1569 767 1633; x_wconf 83' lang='lat' dir='ltr'>posuit,</span> <span class='ocrx_word' id='word_1_132' title='bbox 787 1568 995 1632; x_wconf 84' lang='lat' dir='ltr'>qualiter</span> <span class='ocrx_word' id='word_1_133' title='bbox 1020 1567 1070 1616; x_wconf 91' lang='lat' dir='ltr'>id</span> <span class='ocrx_word' id='word_1_134' title='bbox 1095 1568 1350 1616; x_wconf 90' lang='lat' dir='ltr'>emendare</span> <span class='ocrx_word' id='word_1_135' title='bbox 1374 1567 1584 1626; x_wconf 77' lang='lat' dir='ltr'>deberet,</span> <span class='ocrx_word' id='word_1_136' title='bbox 1612 1567 1696 1631; x_wconf 92' lang='lat' dir='ltr'>qui</span> <span class='ocrx_word' id='word_1_137' title='bbox 1719 1567 1903 1631; x_wconf 87' lang='lat' dir='ltr'>aliquid</span> <span class='ocrx_word' id='word_1_138' title='bbox 1928 1583 2091 1616; x_wconf 89' lang='lat' dir='ltr'>rerum</span> 
     </span>
     <span class='ocr_line' id='line_1_18' title="bbox 341 1648 2090 1714; baseline -0.002 -14"><span class='ocrx_word' id='word_1_139' title='bbox 341 1654 418 1700; x_wconf 86' lang='lat' dir='ltr'>vel</span> <span class='ocrx_word' id='word_1_140' title='bbox 454 1653 678 1711; x_wconf 74' lang='lat' dir='ltr'>ecclesiae,</span> <span class='ocrx_word' id='word_1_141' title='bbox 713 1652 791 1700; x_wconf 88' lang='lat' dir='ltr'>vel</span> <span class='ocrx_word' id='word_1_142' title='bbox 839 1651 1065 1714; x_wconf 86' lang='lat' dir='ltr'>episcopi,</span> <span class='ocrx_word' id='word_1_143' title='bbox 1101 1651 1179 1699; x_wconf 87' lang='lat' dir='ltr'>vel</span> <span class='ocrx_word' id='word_1_144' title='bbox 1226 1651 1521 1714; x_wconf 84' lang='lat' dir='ltr'>reliquorum</span> <span class='ocrx_word' id='word_1_145' title='bbox 1568 1649 1794 1698; x_wconf 90' lang='lat' dir='ltr'>ordinum</span> <span class='ocrx_word' id='word_1_146' title='bbox 1828 1648 1974 1698; x_wconf 58' lang='lat' dir='ltr'>furto‘</span> <span class='ocrx_word' id='word_1_147' title='bbox 2004 1666 2090 1697; x_wconf 83' lang='lat' dir='ltr'>au-</span> 
     </span>
     <span class='ocr_line' id='line_1_19' title="bbox 341 1731 2091 1796; baseline 0.001 -16"><span class='ocrx_word' id='word_1_148' title='bbox 341 1736 520 1783; x_wconf 86' lang='lat' dir='ltr'>ferret:</span> <span class='ocrx_word' id='word_1_149' title='bbox 550 1735 722 1783; x_wconf 86' lang='lat' dir='ltr'>..volens</span> <span class='ocrx_word' id='word_1_150' title='bbox 755 1733 936 1782; x_wconf 86' lang='lat' dir='ltr'>scilicet</span> <span class='ocrx_word' id='word_1_151' title='bbox 959 1733 1219 1781; x_wconf 85' lang='lat' dir='ltr'>tuitionem</span> <span class='ocrx_word' id='word_1_152' title='bbox 1250 1733 1335 1793; x_wconf 89' lang='lat' dir='ltr'>eis,</span> <span class='ocrx_word' id='word_1_153' title='bbox 1360 1749 1479 1796; x_wconf 89' lang='lat' dir='ltr'>quos</span> <span class='ocrx_word' id='word_1_154' title='bbox 1503 1737 1551 1781; x_wconf 92' lang='lat' dir='ltr'>et</span> <span class='ocrx_word' id='word_1_155' title='bbox 1584 1748 1791 1796; x_wconf 92' lang='lat' dir='ltr'>quorum</span> <span class='ocrx_word' id='word_1_156' title='bbox 1822 1731 2091 1781; x_wconf 82' lang='lat' dir='ltr'>doctrinam</span> 
     </span>
     <span class='ocr_line' id='line_1_20' title="bbox 341 1820 2030 1881; baseline -0.005 -16"><span class='ocrx_word' id='word_1_157' title='bbox 341 1821 629 1881; x_wconf 83' lang='lat' dir='ltr'>susceperat,</span> <span class='ocrx_word' id='word_1_158' title='bbox 654 1820 900 1880; x_wconf 78' lang='lat' dir='ltr'>praestare.</span> <span class='ocrx_word' id='word_1_159' title='bbox 2026 1869 2030 1873; x_wconf 26' lang='lat'>¹</span> 
     </span>
    </p>

    <p class='ocr_par' dir='ltr' id='par_1_4' title="bbox 410 1895 2088 1960">
     <span class='ocr_line' id='line_1_21' title="bbox 410 1895 2088 1960; baseline -0.001 -13"><span class='ocrx_word' id='word_1_160' title='bbox 410 1900 532 1948; x_wconf 87' lang='lat' dir='ltr'>Erat</span> <span class='ocrx_word' id='word_1_161' title='bbox 556 1906 721 1947; x_wconf 89' lang='lat' dir='ltr'>autem</span> <span class='ocrx_word' id='word_1_162' title='bbox 754 1899 883 1946; x_wconf 90' lang='lat' dir='ltr'>idem</span> <span class='ocrx_word' id='word_1_163' title='bbox 905 1897 1175 1945; x_wconf 88' lang='lat' dir='ltr'>AEdilberct</span> <span class='ocrx_word' id='word_1_164' title='bbox 1197 1895 1325 1944; x_wconf 87' lang='lat' dir='ltr'>filius</span> <span class='ocrx_word' id='word_1_165' title='bbox 1345 1895 1607 1956; x_wconf 88' lang='lat' dir='ltr'>Irminrici‚</span> <span class='ocrx_word' id='word_1_166' title='bbox 1623 1896 1764 1960; x_wconf 86' lang='lat' dir='ltr'>cujus</span> <span class='ocrx_word' id='word_1_167' title='bbox 1789 1900 1929 1960; x_wconf 85' lang='lat' dir='ltr'>pater</span> <span class='ocrx_word' id='word_1_168' title='bbox 1951 1895 2088 1957; x_wconf 87' lang='lat' dir='ltr'>Octa,</span> 
     </span>
    </p>
   </div>
   <div class='ocr_carea' id='block_1_3' title="bbox 345 1978 2179 2049">
    <p class='ocr_par' dir='ltr' id='par_1_5' title="bbox 345 1978 2179 2049">
     <span class='ocr_line' id='line_1_22' title="bbox 345 1978 2179 2049; baseline -0.002 -19"><span class='ocrx_word' id='word_1_169' title='bbox 345 1983 644 2046; x_wconf 58' lang='lat' dir='ltr'>cujusfflater</span> <span class='ocrx_word' id='word_1_170' title='bbox 676 1981 824 2039; x_wconf 83' lang='lat' dir='ltr'>(Eric,</span> <span class='ocrx_word' id='word_1_171' title='bbox 849 1985 1166 2043; x_wconf 87' lang='lat' dir='ltr'>cognomento</span> <span class='ocrx_word' id='word_1_172' title='bbox 1199 1978 1326 2038; x_wconf 86' lang='lat' dir='ltr'>Oisc,</span> <span class='ocrx_word' id='word_1_173' title='bbox 1357 1995 1511 2049; x_wconf 26' lang='lat' dir='ltr'>atquo</span> <span class='ocrx_word' id='word_1_174' title='bbox 1544 1996 1681 2042; x_wconf 89' lang='lat' dir='ltr'>reges</span> <span class='ocrx_word' id='word_1_175' title='bbox 1715 1979 2090 2028; x_wconf 82' lang='lat' dir='ltr'>Cantuariorum</span> <span class='ocrx_word' id='word_1_176' title='bbox 2175 1984 2179 1990; x_wconf 77' lang='grc'><em>’</em></span> 
     </span>
    </p>
   </div>
   <div class='ocr_carea' id='block_1_4' title="bbox 341 2061 2089 2208">
    <p class='ocr_par' dir='ltr' id='par_1_6' title="bbox 341 2061 2089 2208">
     <span class='ocr_line' id='line_1_23' title="bbox 341 2061 2089 2126; baseline -0.001 -14"><span class='ocrx_word' id='word_1_177' title='bbox 341 2064 496 2112; x_wconf 90' lang='lat' dir='ltr'>solent</span> <span class='ocrx_word' id='word_1_178' title='bbox 528 2063 811 2126; x_wconf 79' lang='lat' dir='ltr'>Oiscingas5</span> <span class='ocrx_word' id='word_1_179' title='bbox 835 2062 1185 2125; x_wconf 83' lang='lat' dir='ltr'>cognominare.</span> <span class='ocrx_word' id='word_1_180' title='bbox 1259 2061 1411 2124; x_wconf 82' lang='lat' dir='ltr'>Cujus</span> <span class='ocrx_word' id='word_1_181' title='bbox 1441 2067 1581 2125; x_wconf 87' lang='lat' dir='ltr'>pater</span> <span class='ocrx_word' id='word_1_182' title='bbox 1606 2061 1834 2124; x_wconf 84' lang='lat' dir='ltr'>Hengist,</span> <span class='ocrx_word' id='word_1_183' title='bbox 1861 2062 1947 2125; x_wconf 90' lang='lat' dir='ltr'>qui</span> <span class='ocrx_word' id='word_1_184' title='bbox 1979 2079 2089 2111; x_wconf 88' lang='lat' dir='ltr'>cum</span> 
     </span>
     <span class='ocr_line' id='line_1_24' title="bbox 341 2142 2088 2208; baseline 0 -15"><span class='ocrx_word' id='word_1_185' title='bbox 341 2147 442 2193; x_wconf 90' lang='lat' dir='ltr'>filio</span> <span class='ocrx_word' id='word_1_186' title='bbox 466 2163 551 2194; x_wconf 89' lang='lat' dir='ltr'>suo</span> <span class='ocrx_word' id='word_1_187' title='bbox 571 2145 684 2193; x_wconf 86' lang='lat' dir='ltr'>Oisc</span> <span class='ocrx_word' id='word_1_188' title='bbox 707 2144 940 2193; x_wconf 88' lang='lat' dir='ltr'>invitatus</span> <span class='ocrx_word' id='word_1_189' title='bbox 963 2161 992 2191; x_wconf 86' lang='lat' dir='ltr'>a</span> <span class='ocrx_word' id='word_1_190' title='bbox 1010 2143 1315 2207; x_wconf 86' lang='lat' dir='ltr'>Vurtigerno</span> <span class='ocrx_word' id='word_1_191' title='bbox 1334 2142 1636 2192; x_wconf 85' lang='lat' dir='ltr'>Brittaniam</span> <span class='ocrx_word' id='word_1_192' title='bbox 1659 2143 1849 2208; x_wconf 87' lang='lat' dir='ltr'>primus</span> <span class='ocrx_word' id='word_1_193' title='bbox 1867 2143 2088 2205; x_wconf 88' lang='lat' dir='ltr'>intravit,</span> 
     </span>
    </p>
   </div>
   <div class='ocr_carea' id='block_1_5' title="bbox 341 2227 2084 2374">
    <p class='ocr_par' dir='ltr' id='par_1_7' title="bbox 341 2227 2084 2374">
     <span class='ocr_line' id='line_1_25' title="bbox 341 2227 893 2292; baseline -0.004 -16"><span class='ocrx_word' id='word_1_194' title='bbox 341 2234 398 2277; x_wconf 91' lang='lat' dir='ltr'>ut</span> <span class='ocrx_word' id='word_1_195' title='bbox 419 2245 566 2292; x_wconf 85' lang='lat' dir='ltr'>supra</span> <span class='ocrx_word' id='word_1_196' title='bbox 580 2229 597 2255; x_wconf 65' lang='grc' dir='ltr'><strong>ὅ</strong></span> <span class='ocrx_word' id='word_1_197' title='bbox 620 2227 893 2276; x_wconf 83' lang='lat' dir='ltr'>retulimus.</span> 
     </span>
     <span class='ocr_line' id='line_1_26' title="bbox 408 2308 2084 2374; baseline -0.001 -15"><span class='ocrx_word' id='word_1_198' title='bbox 408 2311 479 2359; x_wconf 92' lang='lat' dir='ltr'>At</span> <span class='ocrx_word' id='word_1_199' title='bbox 513 2328 626 2360; x_wconf 87' lang='lat' dir='ltr'>vero</span> <span class='ocrx_word' id='word_1_200' title='bbox 661 2315 772 2374; x_wconf 89' lang='lat' dir='ltr'>post</span> <span class='ocrx_word' id='word_1_201' title='bbox 811 2314 1017 2358; x_wconf 92' lang='lat' dir='ltr'>mortem</span> <span class='ocrx_word' id='word_1_202' title='bbox 1052 2308 1358 2368; x_wconf 86' lang='lat' dir='ltr'>AEdilbercti‚</span> <span class='ocrx_word' id='word_1_203' title='bbox 1395 2326 1506 2357; x_wconf 92' lang='lat' dir='ltr'>cum</span> <span class='ocrx_word' id='word_1_204' title='bbox 1547 2308 1678 2357; x_wconf 90' lang='lat' dir='ltr'>filius</span> <span class='ocrx_word' id='word_1_205' title='bbox 1724 2309 1826 2373; x_wconf 88' lang='lat' dir='ltr'>ejus</span> <span class='ocrx_word' id='word_1_206' title='bbox 1862 2308 2084 2358; x_wconf 82' lang='lat' dir='ltr'>Eadbald</span> 
     </span>
    </p>
   </div>
   <div class='ocr_carea' id='block_1_6' title="bbox 1241 2433 2090 2870">
    <p class='ocr_par' dir='ltr' id='par_1_8' title="bbox 1241 2433 2090 2706">
     <span class='ocr_line' id='line_1_27' title="bbox 1243 2433 2090 2486; baseline 0 -13"><span class='ocrx_word' id='word_1_207' title='bbox 1243 2434 1288 2473; x_wconf 86' lang='lat' dir='ltr'>in</span> <span class='ocrx_word' id='word_1_208' title='bbox 1316 2433 1512 2486; x_wconf 84' lang='lat' dir='ltr'>Thorpe’s</span> <span class='ocrx_word' id='word_1_209' title='bbox 1544 2434 1730 2475; x_wconf 87' lang='lat' dir='ltr'>Ancient</span> <span class='ocrx_word' id='word_1_210' title='bbox 1757 2434 1879 2474; x_wconf 82' lang='lat' dir='ltr'>Laws</span> <span class='ocrx_word' id='word_1_211' title='bbox 1906 2434 1990 2474; x_wconf 83' lang='lat' dir='ltr'>and</span> <span class='ocrx_word' id='word_1_212' title='bbox 2017 2434 2090 2473; x_wconf 91' lang='lat' dir='ltr'>In-</span> 
     </span>
     <span class='ocr_line' id='line_1_28' title="bbox 1243 2489 2090 2541; baseline 0.001 -14"><span class='ocrx_word' id='word_1_213' title='bbox 1243 2489 1411 2529; x_wconf 86' lang='lat' dir='ltr'>stitutes</span> <span class='ocrx_word' id='word_1_214' title='bbox 1430 2490 1478 2528; x_wconf 89' lang='lat' dir='ltr'>of</span> <span class='ocrx_word' id='word_1_215' title='bbox 1491 2489 1698 2541; x_wconf 82' lang='lat' dir='ltr'>England.</span> <span class='ocrx_word' id='word_1_216' title='bbox 1746 2489 1848 2529; x_wconf 79' lang='lat' dir='ltr'>This</span> <span class='ocrx_word' id='word_1_217' title='bbox 1865 2489 1901 2528; x_wconf 89' lang='lat' dir='ltr'>is</span> <span class='ocrx_word' id='word_1_218' title='bbox 1920 2503 1946 2529; x_wconf 80' lang='lat' dir='ltr'>a</span> <span class='ocrx_word' id='word_1_219' title='bbox 1965 2489 2090 2528; x_wconf 86' lang='lat' dir='ltr'>strik-</span> 
     </span>
     <span class='ocr_line' id='line_1_29' title="bbox 1243 2543 2087 2596; baseline 0 -13"><span class='ocrx_word' id='word_1_220' title='bbox 1243 2544 1316 2596; x_wconf 87' lang='lat' dir='ltr'>ing</span> <span class='ocrx_word' id='word_1_221' title='bbox 1352 2543 1474 2596; x_wconf 83' lang='lat' dir='ltr'>proof</span> <span class='ocrx_word' id='word_1_222' title='bbox 1500 2544 1595 2583; x_wconf 86' lang='lat' dir='ltr'>that</span> <span class='ocrx_word' id='word_1_223' title='bbox 1631 2545 1794 2584; x_wconf 88' lang='lat' dir='ltr'>Roman</span> <span class='ocrx_word' id='word_1_224' title='bbox 1833 2544 2087 2584; x_wconf 82' lang='lat' dir='ltr'>civilization</span> 
     </span>
     <span class='ocr_line' id='line_1_30' title="bbox 1241 2599 2089 2650; baseline 0 -12"><span class='ocrx_word' id='word_1_225' title='bbox 1241 2612 1356 2638; x_wconf 88' lang='lat' dir='ltr'>came</span> <span class='ocrx_word' id='word_1_226' title='bbox 1374 2600 1463 2638; x_wconf 89' lang='lat' dir='ltr'>into</span> <span class='ocrx_word' id='word_1_227' title='bbox 1482 2599 1672 2650; x_wconf 85' lang='lat' dir='ltr'>England</span> <span class='ocrx_word' id='word_1_228' title='bbox 1692 2603 1738 2639; x_wconf 83' lang='lat' dir='ltr'>at</span> <span class='ocrx_word' id='word_1_229' title='bbox 1765 2599 1838 2638; x_wconf 92' lang='lat' dir='ltr'>the</span> <span class='ocrx_word' id='word_1_230' title='bbox 1857 2612 1968 2639; x_wconf 85' lang='lat' dir='ltr'>same</span> <span class='ocrx_word' id='word_1_231' title='bbox 1986 2599 2089 2638; x_wconf 87' lang='lat' dir='ltr'>time</span> 
     </span>
     <span class='ocr_line' id='line_1_31' title="bbox 1242 2654 1948 2706; baseline 0 -13"><span class='ocrx_word' id='word_1_232' title='bbox 1242 2654 1346 2693; x_wconf 87' lang='lat' dir='ltr'>with</span> <span class='ocrx_word' id='word_1_233' title='bbox 1365 2654 1527 2693; x_wconf 83' lang='lat' dir='ltr'>Roman</span> <span class='ocrx_word' id='word_1_234' title='bbox 1547 2654 1829 2706; x_wconf 81' lang='lat' dir='ltr'>Christianity.</span> <span class='ocrx_word' id='word_1_235' title='bbox 1888 2654 1948 2693; x_wconf 87' lang='lat' dir='ltr'>H.</span> 
     </span>
    </p>

    <p class='ocr_par' dir='ltr' id='par_1_9' title="bbox 1241 2707 2089 2870">
     <span class='ocr_line' id='line_1_32' title="bbox 1297 2707 2089 2760; baseline -0.001 -11"><span class='ocrx_word' id='word_1_236' title='bbox 1297 2709 1313 2732; x_wconf 76' lang='lat'><strong>⁴</strong></span> <span class='ocrx_word' id='word_1_237' title='bbox 1341 2723 1432 2749; x_wconf 81' lang='lat' dir='ltr'>cum</span> <span class='ocrx_word' id='word_1_238' title='bbox 1469 2709 1639 2749; x_wconf 70' lang='lat' dir='ltr'>oonsilio</span> <span class='ocrx_word' id='word_1_239' title='bbox 1676 2707 1945 2760; x_wconf 73' lang='lat' dir='ltr'>sapientiam]</span> <span class='ocrx_word' id='word_1_240' title='bbox 1998 2707 2089 2748; x_wconf 80' lang='lat' dir='ltr'>The</span> 
     </span>
     <span class='ocr_line' id='line_1_33' title="bbox 1241 2763 2087 2815; baseline 0 -13"><span class='ocrx_word' id='word_1_241' title='bbox 1241 2764 1332 2802; x_wconf 88' lang='lat' dir='ltr'>first</span> <span class='ocrx_word' id='word_1_242' title='bbox 1369 2763 1598 2803; x_wconf 85' lang='lat' dir='ltr'>indication</span> <span class='ocrx_word' id='word_1_243' title='bbox 1635 2764 1682 2803; x_wconf 90' lang='lat' dir='ltr'>of</span> <span class='ocrx_word' id='word_1_244' title='bbox 1708 2778 1733 2804; x_wconf 85' lang='lat' dir='ltr'>a</span> <span class='ocrx_word' id='word_1_245' title='bbox 1765 2764 2087 2815; x_wconf 78' lang='lat' dir='ltr'>witena-gemot.</span> 
     </span>
     <span class='ocr_line' id='line_1_34' title="bbox 1242 2817 1841 2870; baseline 0 -12"><span class='ocrx_word' id='word_1_246' title='bbox 1242 2818 1434 2866; x_wconf 89' lang='lat' dir='ltr'>Kemble,</span> <span class='ocrx_word' id='word_1_247' title='bbox 1456 2818 1499 2858; x_wconf 88' lang='lat' dir='ltr'>ii.</span> <span class='ocrx_word' id='word_1_248' title='bbox 1522 2830 1613 2869; x_wconf 87' lang='lat'>205,</span> <span class='ocrx_word' id='word_1_249' title='bbox 1636 2817 1727 2864; x_wconf 82' lang='lat'>206,</span> <span class='ocrx_word' id='word_1_250' title='bbox 1751 2829 1841 2870; x_wconf 85' lang='lat'>24-1.</span> 
     </span>
    </p>
   </div>
   <div class='ocr_carea' id='block_1_7' title="bbox 340 2434 1189 2871">
    <p class='ocr_par' dir='ltr' id='par_1_10' title="bbox 340 2434 1189 2641">
     <span class='ocr_line' id='line_1_35' title="bbox 395 2434 1187 2488; baseline -0.004 -12"><span class='ocrx_word' id='word_1_251' title='bbox 395 2436 410 2459; x_wconf 83' lang='lat'>¹</span> <span class='ocrx_word' id='word_1_252' title='bbox 438 2437 591 2487; x_wconf 70' lang='lat' dir='ltr'>viffl&#39;nti</span> <span class='ocrx_word' id='word_1_253' title='bbox 609 2442 646 2476; x_wconf 83' lang='lat' dir='ltr'>et</span> <span class='ocrx_word' id='word_1_254' title='bbox 659 2435 803 2488; x_wconf 78' lang='lat' dir='ltr'>unum]</span> <span class='ocrx_word' id='word_1_255' title='bbox 835 2436 956 2475; x_wconf 90' lang='lat' dir='ltr'>More</span> <span class='ocrx_word' id='word_1_256' title='bbox 975 2434 1187 2486; x_wconf 88' lang='lat' dir='ltr'>correctly‚</span> 
     </span>
     <span class='ocr_line' id='line_1_36' title="bbox 341 2489 1189 2544; baseline -0.004 -13"><span class='ocrx_word' id='word_1_257' title='bbox 341 2494 596 2542; x_wconf 83' lang='lat' dir='ltr'>twenty-one</span> <span class='ocrx_word' id='word_1_258' title='bbox 633 2504 752 2544; x_wconf 89' lang='lat' dir='ltr'>years</span> <span class='ocrx_word' id='word_1_259' title='bbox 786 2491 893 2530; x_wconf 86' lang='lat' dir='ltr'>after</span> <span class='ocrx_word' id='word_1_260' title='bbox 919 2489 992 2529; x_wconf 89' lang='lat' dir='ltr'>the</span> <span class='ocrx_word' id='word_1_261' title='bbox 1020 2490 1189 2529; x_wconf 88' lang='lat' dir='ltr'>mission</span> 
     </span>
     <span class='ocr_line' id='line_1_37' title="bbox 341 2546 1189 2596; baseline -0.004 -11"><span class='ocrx_word' id='word_1_262' title='bbox 341 2547 432 2586; x_wconf 87' lang='lat' dir='ltr'>first</span> <span class='ocrx_word' id='word_1_263' title='bbox 467 2546 636 2592; x_wconf 82' lang='lat' dir='ltr'>started,</span> <span class='ocrx_word' id='word_1_264' title='bbox 671 2546 698 2584; x_wconf 87' lang='lat' dir='ltr'>i.</span> <span class='ocrx_word' id='word_1_265' title='bbox 737 2558 808 2596; x_wconf 80' lang='lat'>233</span> <span class='ocrx_word' id='word_1_266' title='bbox 846 2546 1042 2584; x_wconf 88' lang='lat' dir='ltr'>nineteen</span> <span class='ocrx_word' id='word_1_267' title='bbox 1069 2557 1189 2596; x_wconf 83' lang='lat' dir='ltr'>years</span> 
     </span>
     <span class='ocr_line' id='line_1_38' title="bbox 340 2601 804 2641; baseline -0.002 0"><span class='ocrx_word' id='word_1_268' title='bbox 340 2602 449 2641; x_wconf 73' lang='lat' dir='ltr'>after</span> <span class='ocrx_word' id='word_1_269' title='bbox 466 2601 531 2640; x_wconf 87' lang='lat' dir='ltr'>his</span> <span class='ocrx_word' id='word_1_270' title='bbox 552 2601 804 2640; x_wconf 86' lang='lat' dir='ltr'>conversion.</span> 
     </span>
    </p>

    <p class='ocr_par' dir='ltr' id='par_1_11' title="bbox 341 2653 1189 2871">
     <span class='ocr_line' id='line_1_39' title="bbox 396 2653 1189 2706; baseline -0.001 -12"><span class='ocrx_word' id='word_1_271' title='bbox 396 2655 412 2677; x_wconf 84' lang='lat'><strong>²</strong></span> <span class='ocrx_word' id='word_1_272' title='bbox 430 2657 651 2706; x_wconf 60' lang='lat' dir='ltr'>inpertiam.</span> <span class='ocrx_word' id='word_1_273' title='bbox 661 2656 793 2695; x_wconf 75' lang='lat' dir='ltr'>sancti</span> <span class='ocrx_word' id='word_1_274' title='bbox 806 2653 1011 2706; x_wconf 76' lang='lat' dir='ltr'>Martini]</span> <span class='ocrx_word' id='word_1_275' title='bbox 1044 2654 1097 2693; x_wconf 89' lang='lat' dir='ltr'>In</span> <span class='ocrx_word' id='word_1_276' title='bbox 1117 2654 1189 2693; x_wconf 88' lang='lat' dir='ltr'>the</span> 
     </span>
     <span class='ocr_line' id='line_1_40' title="bbox 341 2709 1188 2762; baseline -0.002 -12"><span class='ocrx_word' id='word_1_277' title='bbox 341 2714 541 2762; x_wconf 85' lang='lat' dir='ltr'>transept,</span> <span class='ocrx_word' id='word_1_278' title='bbox 570 2711 702 2749; x_wconf 88' lang='lat' dir='ltr'>called</span> <span class='ocrx_word' id='word_1_279' title='bbox 729 2710 790 2749; x_wconf 84' lang='lat' dir='ltr'>St.</span> <span class='ocrx_word' id='word_1_280' title='bbox 811 2710 1018 2757; x_wconf 86' lang='lat' dir='ltr'>Martin’s,</span> <span class='ocrx_word' id='word_1_281' title='bbox 1048 2709 1095 2748; x_wconf 88' lang='lat' dir='ltr'>of</span> <span class='ocrx_word' id='word_1_282' title='bbox 1117 2709 1188 2748; x_wconf 85' lang='lat' dir='ltr'>the</span> 
     </span>
     <span class='ocr_line' id='line_1_41' title="bbox 341 2764 1188 2812; baseline -0.002 -8"><span class='ocrx_word' id='word_1_283' title='bbox 341 2765 496 2805; x_wconf 89' lang='lat' dir='ltr'>church</span> <span class='ocrx_word' id='word_1_284' title='bbox 525 2765 572 2804; x_wconf 85' lang='lat' dir='ltr'>of</span> <span class='ocrx_word' id='word_1_285' title='bbox 595 2765 664 2804; x_wconf 80' lang='lat' dir='ltr'>SS.</span> <span class='ocrx_word' id='word_1_286' title='bbox 685 2765 810 2804; x_wconf 85' lang='lat' dir='ltr'>Peter</span> <span class='ocrx_word' id='word_1_287' title='bbox 832 2764 914 2803; x_wconf 87' lang='lat' dir='ltr'>and</span> <span class='ocrx_word' id='word_1_288' title='bbox 942 2764 1078 2812; x_wconf 81' lang='lat' dir='ltr'>Paul;</span> <span class='ocrx_word' id='word_1_289' title='bbox 1115 2767 1188 2803; x_wconf 90' lang='lat' dir='ltr'>not</span> 
     </span>
     <span class='ocr_line' id='line_1_42' title="bbox 341 2819 1187 2871; baseline -0.001 -13"><span class='ocrx_word' id='word_1_290' title='bbox 341 2820 386 2859; x_wconf 90' lang='lat' dir='ltr'>in</span> <span class='ocrx_word' id='word_1_291' title='bbox 419 2821 481 2860; x_wconf 86' lang='lat' dir='ltr'>St.</span> <span class='ocrx_word' id='word_1_292' title='bbox 504 2820 700 2859; x_wconf 85' lang='lat' dir='ltr'>Martin&#39;s</span> <span class='ocrx_word' id='word_1_293' title='bbox 734 2819 901 2864; x_wconf 85' lang='lat' dir='ltr'>church,</span> <span class='ocrx_word' id='word_1_294' title='bbox 940 2832 985 2858; x_wconf 84' lang='lat' dir='ltr'>as</span> <span class='ocrx_word' id='word_1_295' title='bbox 1017 2819 1187 2871; x_wconf 83' lang='lat' dir='ltr'>Stanley</span> 
     </span>
    </p>
   </div>
   <div class='ocr_carea' id='block_1_8' title="bbox 340 2873 1188 3309">
    <p class='ocr_par' dir='ltr' id='par_1_12' title="bbox 340 2873 1187 3198">
     <span class='ocr_line' id='line_1_43' title="bbox 340 2873 1186 2926; baseline -0.001 -12"><span class='ocrx_word' id='word_1_296' title='bbox 340 2888 472 2914; x_wconf 86' lang='lat' dir='ltr'>seems</span> <span class='ocrx_word' id='word_1_297' title='bbox 499 2878 544 2913; x_wconf 90' lang='lat' dir='ltr'>to</span> <span class='ocrx_word' id='word_1_298' title='bbox 573 2887 658 2925; x_wconf 86' lang='lat' dir='ltr'>say,</span> <span class='ocrx_word' id='word_1_299' title='bbox 689 2888 729 2926; x_wconf 93' lang='lat' dir='ltr'>p.</span> <span class='ocrx_word' id='word_1_300' title='bbox 757 2873 817 2913; x_wconf 87' lang='lat'>26.</span> <span class='ocrx_word' id='word_1_301' title='bbox 875 2874 935 2912; x_wconf 89' lang='lat' dir='ltr'>To</span> <span class='ocrx_word' id='word_1_302' title='bbox 962 2874 1047 2912; x_wconf 86' lang='lat' dir='ltr'>this</span> <span class='ocrx_word' id='word_1_303' title='bbox 1076 2886 1186 2913; x_wconf 86' lang='lat' dir='ltr'>same</span> 
     </span>
     <span class='ocr_line' id='line_1_44' title="bbox 340 2928 1184 2981; baseline -0.004 -12"><span class='ocrx_word' id='word_1_304' title='bbox 340 2932 530 2981; x_wconf 80' lang='lat' dir='ltr'>transept</span> <span class='ocrx_word' id='word_1_305' title='bbox 562 2929 634 2968; x_wconf 81' lang='lat' dir='ltr'>the</span> <span class='ocrx_word' id='word_1_306' title='bbox 664 2929 790 2967; x_wconf 89' lang='lat' dir='ltr'>bones</span> <span class='ocrx_word' id='word_1_307' title='bbox 818 2928 919 2967; x_wconf 86' lang='lat' dir='ltr'>both</span> <span class='ocrx_word' id='word_1_308' title='bbox 954 2929 999 2967; x_wconf 87' lang='lat' dir='ltr'>of</span> <span class='ocrx_word' id='word_1_309' title='bbox 1030 2928 1184 2967; x_wconf 89' lang='lat' dir='ltr'>Berhte</span> 
     </span>
     <span class='ocr_line' id='line_1_45' title="bbox 342 2983 1187 3024; baseline -0.002 0"><span class='ocrx_word' id='word_1_310' title='bbox 342 2984 426 3024; x_wconf 82' lang='lat' dir='ltr'>and</span> <span class='ocrx_word' id='word_1_311' title='bbox 444 2985 488 3022; x_wconf 86' lang='lat' dir='ltr'>of</span> <span class='ocrx_word' id='word_1_312' title='bbox 514 2983 726 3022; x_wconf 87' lang='lat' dir='ltr'>Luidhard</span> <span class='ocrx_word' id='word_1_313' title='bbox 758 2983 840 3022; x_wconf 86' lang='lat' dir='ltr'>had</span> <span class='ocrx_word' id='word_1_314' title='bbox 866 2983 969 3022; x_wconf 91' lang='lat' dir='ltr'>been</span> <span class='ocrx_word' id='word_1_315' title='bbox 996 2983 1187 3022; x_wconf 88' lang='lat' dir='ltr'>removed</span> 
     </span>
     <span class='ocr_line' id='line_1_46' title="bbox 343 3037 1187 3078; baseline -0.004 0"><span class='ocrx_word' id='word_1_316' title='bbox 343 3053 398 3078; x_wconf 85' lang='lat' dir='ltr'>on</span> <span class='ocrx_word' id='word_1_317' title='bbox 427 3039 501 3078; x_wconf 87' lang='lat' dir='ltr'>the</span> <span class='ocrx_word' id='word_1_318' title='bbox 533 3038 812 3078; x_wconf 88' lang='lat' dir='ltr'>consecration</span> <span class='ocrx_word' id='word_1_319' title='bbox 845 3038 891 3076; x_wconf 86' lang='lat' dir='ltr'>of</span> <span class='ocrx_word' id='word_1_320' title='bbox 918 3038 991 3075; x_wconf 88' lang='lat' dir='ltr'>the</span> <span class='ocrx_word' id='word_1_321' title='bbox 1021 3037 1187 3076; x_wconf 86' lang='lat' dir='ltr'>church.</span> 
     </span>
     <span class='ocr_line' id='line_1_47' title="bbox 342 3092 1187 3145; baseline 0 -14"><span class='ocrx_word' id='word_1_322' title='bbox 342 3094 496 3141; x_wconf 84' lang='lat' dir='ltr'>Thorn,</span> <span class='ocrx_word' id='word_1_323' title='bbox 515 3107 557 3145; x_wconf 88' lang='lat' dir='ltr'>p.</span> <span class='ocrx_word' id='word_1_324' title='bbox 580 3092 696 3145; x_wconf 85' lang='lat'>1767.</span> <span class='ocrx_word' id='word_1_325' title='bbox 751 3092 1016 3142; x_wconf 83' lang='lat' dir='ltr'>Augustinus</span> <span class='ocrx_word' id='word_1_326' title='bbox 1044 3092 1114 3143; x_wconf 83' lang='lat' dir='ltr'>lay</span> <span class='ocrx_word' id='word_1_327' title='bbox 1142 3093 1187 3131; x_wconf 91' lang='lat' dir='ltr'>in</span> 
     </span>
     <span class='ocr_line' id='line_1_48' title="bbox 341 3147 1126 3198; baseline -0.001 -11"><span class='ocrx_word' id='word_1_328' title='bbox 341 3148 415 3188; x_wconf 85' lang='lat' dir='ltr'>the</span> <span class='ocrx_word' id='word_1_329' title='bbox 434 3148 557 3187; x_wconf 91' lang='lat' dir='ltr'>north</span> <span class='ocrx_word' id='word_1_330' title='bbox 578 3151 777 3198; x_wconf 85' lang='lat' dir='ltr'>transept.</span> <span class='ocrx_word' id='word_1_331' title='bbox 833 3147 978 3197; x_wconf 82' lang='lat' dir='ltr'>Supra,</span> <span class='ocrx_word' id='word_1_332' title='bbox 1000 3159 1040 3197; x_wconf 88' lang='lat' dir='ltr'>p.</span> <span class='ocrx_word' id='word_1_333' title='bbox 1060 3156 1126 3197; x_wconf 87' lang='lat'>95.</span> 
     </span>
    </p>

    <p class='ocr_par' dir='ltr' id='par_1_13' title="bbox 343 3199 1188 3309">
     <span class='ocr_line' id='line_1_49' title="bbox 399 3199 1188 3255; baseline -0.005 -12"><span class='ocrx_word' id='word_1_334' title='bbox 399 3204 413 3227; x_wconf 78' lang='lat'>³</span> <span class='ocrx_word' id='word_1_335' title='bbox 441 3203 616 3255; x_wconf 80' lang='lat' dir='ltr'>decreta]</span> <span class='ocrx_word' id='word_1_336' title='bbox 660 3203 790 3241; x_wconf 89' lang='lat' dir='ltr'>These</span> <span class='ocrx_word' id='word_1_337' title='bbox 813 3199 1003 3246; x_wconf 87' lang='lat' dir='ltr'>‘dooms,&#39;</span> <span class='ocrx_word' id='word_1_338' title='bbox 1022 3214 1068 3240; x_wconf 89' lang='lat' dir='ltr'>as</span> <span class='ocrx_word' id='word_1_339' title='bbox 1088 3201 1188 3252; x_wconf 84' lang='lat' dir='ltr'>they</span> 
     </span>
     <span class='ocr_line' id='line_1_50' title="bbox 343 3255 1188 3309; baseline -0.004 -12"><span class='ocrx_word' id='word_1_340' title='bbox 343 3270 416 3297; x_wconf 85' lang='lat' dir='ltr'>are</span> <span class='ocrx_word' id='word_1_341' title='bbox 445 3257 587 3307; x_wconf 85' lang='lat' dir='ltr'>called,</span> <span class='ocrx_word' id='word_1_342' title='bbox 620 3270 690 3297; x_wconf 86' lang='lat' dir='ltr'>are</span> <span class='ocrx_word' id='word_1_343' title='bbox 713 3256 936 3309; x_wconf 73' lang='lat' dir='ltr'>,published</span> <span class='ocrx_word' id='word_1_344' title='bbox 968 3259 1014 3295; x_wconf 86' lang='lat' dir='ltr'>at</span> <span class='ocrx_word' id='word_1_345' title='bbox 1043 3255 1188 3308; x_wconf 85' lang='lat' dir='ltr'>length</span> 
     </span>
    </p>
   </div>
   <div class='ocr_carea' id='block_1_9' title="bbox 1240 2871 2094 3310">
    <p class='ocr_par' dir='ltr' id='par_1_14' title="bbox 1240 2871 2094 3255">
     <span class='ocr_line' id='line_1_51' title="bbox 1294 2871 2094 2925; baseline -0.004 -12"><span class='ocrx_word' id='word_1_346' title='bbox 1294 2873 1309 2896; x_wconf 93' lang='lat'>⁵</span> <span class='ocrx_word' id='word_1_347' title='bbox 1341 2873 1571 2925; x_wconf 72' lang='lat' dir='ltr'>oiscinqas]</span> <span class='ocrx_word' id='word_1_348' title='bbox 1647 2874 1762 2923; x_wconf 83' lang='lat' dir='ltr'>AEsc,</span> <span class='ocrx_word' id='word_1_349' title='bbox 1808 2873 1881 2912; x_wconf 84' lang='lat' dir='ltr'>the</span> <span class='ocrx_word' id='word_1_350' title='bbox 1927 2885 2001 2912; x_wconf 83' lang='lat' dir='ltr'>son</span> <span class='ocrx_word' id='word_1_351' title='bbox 2048 2871 2094 2911; x_wconf 86' lang='lat' dir='ltr'>of</span> 
     </span>
     <span class='ocr_line' id='line_1_52' title="bbox 1240 2926 2087 2980; baseline -0.001 -13"><span class='ocrx_word' id='word_1_352' title='bbox 1240 2928 1430 2980; x_wconf 82' lang='lat' dir='ltr'>Hengest</span> <span class='ocrx_word' id='word_1_353' title='bbox 1460 2930 1533 2979; x_wconf 83' lang='lat' dir='ltr'>(an</span> <span class='ocrx_word' id='word_1_354' title='bbox 1553 2933 1563 2948; x_wconf 90' lang='lat'>‘</span> <span class='ocrx_word' id='word_1_355' title='bbox 1576 2927 1784 2974; x_wconf 85' lang='lat' dir='ltr'>ash-tree‚’</span> <span class='ocrx_word' id='word_1_356' title='bbox 1814 2941 1871 2976; x_wconf 86' lang='lat' dir='ltr'>or,</span> <span class='ocrx_word' id='word_1_357' title='bbox 1892 2926 2087 2973; x_wconf 89' lang='lat' dir='ltr'>Kemble,</span> 
     </span>
     <span class='ocr_line' id='line_1_53' title="bbox 1242 2982 2088 3089; baseline -0.001 -13"><span class='ocrx_word' id='word_1_358' title='bbox 1242 2983 1602 3089; x_wconf 45' lang='lat' dir='ltr'>ihgffskingbzlzli·</span> <span class='ocrx_word' id='word_1_359' title='bbox 1620 2982 2088 3088; x_wconf 42' lang='lat' dir='ltr'>ioffglvei&#39;aiiiislyngfl&#39;nffl</span> 
     </span>
     <span class='ocr_line' id='line_1_54' title="bbox 1243 3091 2088 3144; baseline -0.002 -13"><span class='ocrx_word' id='word_1_360' title='bbox 1243 3092 1468 3144; x_wconf 84' lang='lat' dir='ltr'>Kentings.</span> <span class='ocrx_word' id='word_1_361' title='bbox 1526 3092 1592 3131; x_wconf 88' lang='lat' dir='ltr'>On</span> <span class='ocrx_word' id='word_1_362' title='bbox 1628 3093 1701 3132; x_wconf 87' lang='lat' dir='ltr'>the</span> <span class='ocrx_word' id='word_1_363' title='bbox 1739 3092 1901 3143; x_wconf 84' lang='lat' dir='ltr'>subject</span> <span class='ocrx_word' id='word_1_364' title='bbox 1938 3091 1985 3130; x_wconf 89' lang='lat' dir='ltr'>of</span> <span class='ocrx_word' id='word_1_365' title='bbox 2014 3091 2088 3130; x_wconf 88' lang='lat' dir='ltr'>the</span> 
     </span>
     <span class='ocr_line' id='line_1_55' title="bbox 1242 3143 2089 3200; baseline -0.001 -14"><span class='ocrx_word' id='word_1_366' title='bbox 1242 3147 1379 3186; x_wconf 84' lang='lat' dir='ltr'>Saxon</span> <span class='ocrx_word' id='word_1_367' title='bbox 1442 3147 1711 3200; x_wconf 87' lang='lat' dir='ltr'>patronymie‚</span> <span class='ocrx_word' id='word_1_368' title='bbox 1773 3160 1840 3186; x_wconf 88' lang='lat' dir='ltr'>see</span> <span class='ocrx_word' id='word_1_369' title='bbox 1903 3143 2089 3199; x_wconf 82' lang='lat' dir='ltr'>Taylor&#39;s</span> 
     </span>
     <span class='ocr_line' id='line_1_56' title="bbox 1242 3201 1846 3255; baseline 0.002 -15"><span class='ocrx_word' id='word_1_370' title='bbox 1242 3202 1393 3241; x_wconf 86' lang='lat' dir='ltr'>Words</span> <span class='ocrx_word' id='word_1_371' title='bbox 1411 3202 1495 3241; x_wconf 87' lang='lat' dir='ltr'>and</span> <span class='ocrx_word' id='word_1_372' title='bbox 1514 3202 1669 3249; x_wconf 80' lang='lat' dir='ltr'>Places,</span> <span class='ocrx_word' id='word_1_373' title='bbox 1690 3215 1730 3255; x_wconf 89' lang='lat' dir='ltr'>p.</span> <span class='ocrx_word' id='word_1_374' title='bbox 1755 3201 1846 3251; x_wconf 85' lang='lat'>136.</span> 
     </span>
    </p>

    <p class='ocr_par' dir='ltr' id='par_1_15' title="bbox 1297 3257 1673 3310">
     <span class='ocr_line' id='line_1_57' title="bbox 1297 3257 1673 3310; baseline 0 -13"><span class='ocrx_word' id='word_1_375' title='bbox 1297 3257 1313 3280; x_wconf 78' lang='lat'><strong>⁶</strong></span> <span class='ocrx_word' id='word_1_376' title='bbox 1340 3258 1486 3310; x_wconf 77' lang='lat' dir='ltr'>supra]</span> <span class='ocrx_word' id='word_1_377' title='bbox 1536 3257 1587 3298; x_wconf 89' lang='lat' dir='ltr'>P.</span> <span class='ocrx_word' id='word_1_378' title='bbox 1608 3266 1673 3308; x_wconf 83' lang='lat'>37.</span> 
     </span>
    </p>
   </div>
   <div class='ocr_carea' id='block_1_10' title="bbox 2178 1636 2216 3401">
    <p class='ocr_par' dir='ltr' id='par_1_16' title="bbox 2178 1636 2216 3401">
     <span class='ocr_line' id='line_1_58' title="bbox 2178 1636 2216 3401; baseline 0 0"><span class='ocrx_word' id='word_1_379' title='bbox 2178 1636 2216 3401; x_wconf 95' lang='lat' dir='ltr'> </span> 
     </span>
    </p>
   </div>
  </div>
 </body>
</html>
