2216 3554
74 199 194 249 CAP.
212 195 304 266 vr]
702 197 865 248 Gentis
899 196 1182 260 Anylorwm.
1725 200 1819 246 103

813 434 953 484 CAP.
991 434 1076 483 VI.

95 573 145 614 Ut
164 577 364 627 correptus
382 572 433 614 ab
452 574 628 625 apostolo
646 573 766 614 Petro
785 572 1037 614 Laurentius
1055 570 1338 612 AEodbazdam
1358 583 1488 623 reqcm
1509 570 1568 610 ad
1590 569 1799 611 Christum

157 643 403 689 converterit,
414 643 484 694 qui
503 641 816 683 mox-Mellitum
834 647 871 682 et
881 641 918 682 J
914 645 1049 682 ustum
1068 642 1127 682 ad
1144 640 1460 693 praedicandum
1479 639 1734 680 revocaverit.

144 756 266 805 CUM
302 768 414 805 vero
452 760 500 804 et
534 753 831 804 Laurentius
867 754 1114 828 Mellitum
1150 754 1190 804 J
1191 758 1448 817 ustumque
1483 757 1732 801 secuturus
1769 771 1824 801 ac

76 838 365 887 Brittaniam
406 843 529 885 esset
569 837 839 897 relicturus,
873 837 1022 901 jussit
1061 837 1167 901 ipsa
1213 835 1307 884 sibi
1347 841 1487 884 nocte
1535 835 1586 883 in
1628 835 1824 884 ecclesia

75 922 324 969 beatorum
366 921 692 984 apostolorum
732 920 866 969 Petri
902 924 953 969 et
994 920 1134 969 Pauli
1174 919 1234 968 de
1276 935 1372 982 qua
1408 918 1688 983 frequenter
1720 920 1823 981 jam

76 1003 302 1063 diximus,
345 1007 552 1051 stratum
593 1002 767 1067 parari,
808 1003 862 1051 in
903 1020 999 1067 quo
1041 1020 1151 1051 cum
1193 1006 1305 1066 post
1345 1002 1524 1049 multas
1564 1018 1728 1065 preces
1769 1018 1824 1049 ac

75 1085 307 1148 lacrymas
330 1085 391 1132 ad
416 1085 681 1134 Dominum
707 1102 797 1149 pro
830 1090 963 1134 statu
991 1085 1202 1134 ecclesiae
1220 1085 1372 1143 fusas,
1399 1085 1460 1132 ad
1485 1084 1825 1147 quiescendum

75 1167 291 1215 membra
331 1167 568 1231 posuisset
609 1173 755 1232 atque
793 1168 1124 1228 obdormisset,
1164 1167 1393 1232 apparuit
1433 1167 1478 1215 ei
1518 1166 1824 1215 beatissimus

75 1250 403 1312 apostolorum
440 1251 676 1314 princepS,
718 1256 767 1299 et
805 1251 959 1299 multo
996 1251 1139 1298 illum
1179 1257 1395 1313 tempore
1436 1253 1630 1298 secretae
1672 1249 1825 1297 noctis

74 1332 274 1395 flagellis
303 1334 563 1381 artioribus
594 1334 814 1393 afficiens,
841 1333 1179 1382 sciscitabatur
1211 1333 1475 1397 apostolica
1507 1332 1824 1392 districtione,

76 1432 223 1477 quare
263 1432 457 1478 gregem
497 1433 642 1480 quem
682 1416 775 1464 sibi
821 1416 925 1480 ipse
965 1416 1250 1474 crediderat,
1286 1415 1594 1480 relinqueret,
1631 1415 1709 1463 vel
1748 1415 1826 1463 cui

75 1504 321 1559 pastorum
357 1515 469 1547 oves
507 1498 689 1548 Christi
725 1498 779 1546 in
816 1498 977 1547 medio
1011 1499 1239 1562 luporum
1275 1498 1457 1561 positas
1498 1497 1684 1561 fugiens
1724 1497 1827 1561 ipse

74 1579 354 1628 dimitteret.
440 1580 549 1628 ‘An
589 1579 716 1640 mei,’
755 1581 932 1645 inquit,
976 1586 988 1608 ‘
1006 1581 1188 1630 oblitus
1235 1597 1285 1629 es
1332 1580 1556 1644 exempli,
1606 1580 1691 1644 qui
1735 1597 1826 1644 pro

74 1662 289 1725 parvulis
329 1662 525 1722 Christi,
565 1680 687 1727 quos
725 1664 846 1711 mihi
887 1664 940 1711 in
977 1663 1213 1712 indicium
1259 1680 1357 1711 suae
1392 1663 1664 1711 dilectionis
1700 1681 1827 1712 com-

75 1744 398 1804 mendaverat,
431 1745 636 1805 vincula,
673 1747 886 1806 verbera,
925 1763 1150 1806 carceres,
1184 1745 1499 1805 adflictiones,
1532 1746 1687 1809 ipsam
1718 1762 1828 1809 pos-

73 1830 230 1874 tremo
263 1833 479 1887 mortem,
506 1832 711 1876 mortem
743 1834 908 1877 autem
937 1828 1107 1887 crucis,
1140 1828 1200 1876 ab
1236 1826 1512 1875 infidelibus
1537 1835 1585 1876 et
1618 1828 1827 1877 inimicis

75 1907 256 1956 Christi
287 1908 388 1972 ipse
412 1926 523 1957 cum
547 1910 742 1958 Christo
770 1910 1068 1958 coronandus
1098 1909 1314 1973 pertuli‘l
1331 1909 1343 1928 '
1415 1909 1511 1957 His
1539 1910 1670 1959 beati
1695 1911 1828 1959 Petri

74 1991 274 2054 flagellis
324 1992 469 2041 simul
522 1998 571 2041 et
624 1993 1043 2041 exhortationibus
1094 1992 1337 2041 animatus
1389 1992 1596 2041 famulus
1643 1993 1829 2042 Christi

74 2073 377 2133 Laurentius,
392 2091 505 2122 mox
524 2091 663 2124 mane
686 2075 814 2124 facto
833 2074 969 2124 venit
986 2075 1048 2123 ad
1066 2091 1243 2138 regem,
1265 2079 1314 2122 et
1338 2079 1519 2123 retecto
1538 2075 1828 2124 vestimento

75 2156 267 2221 quantis
302 2162 427 2205 esset
461 2157 741 2206 verberibus
776 2159 1011 2207 laceratus
1050 2156 1278 2207 ostendit.
1348 2156 1448 2217 Qui
1489 2158 1697 2206 multum
1738 2159 1829 2206 mi-

56 2245 222 2298 ratus,
259 2245 309 2288 et
354 2239 604 2303 inquirens
646 2240 754 2303 quis
800 2246 937 2289 tanto
977 2239 1084 2289 viro
1130 2239 1253 2287 tales
1301 2255 1445 2288 ausus
1493 2245 1618 2288 esset
1664 2241 1829 2304 plagas

75 2322 318 2385 infligere:
354 2328 411 2370 ut
435 2322 622 2371 audivit
641 2323 757 2386 quia
775 2340 874 2371 suae
899 2339 1041 2372 causa
1066 2321 1236 2370 salutis
1255 2321 1507 2385 episcopus
1527 2323 1586 2371 ab
1611 2323 1828 2387 apostolo

76 2405 260 2453 Christi
311 2411 449 2454 tanta
504 2410 630 2454 esset
680 2412 924 2455 tormenta
975 2406 1236 2469 plagasque
1288 2420 1554 2467 perpessus,
1603 2405 1831 2454 extimuit

76 2487 319 2548 multum3
380 2494 527 2552 atque
586 2489 993 2537 anathematizato
1052 2487 1185 2535 omni
1243 2486 1486 2534 idolatriae
1542 2527 1773 2564 Laurentius

77 2569 224 2628 cultu,
278 2569 496 2618 abdicato
549 2570 790 2619 connubio
839 2587 938 2619 non
985 2568 1218 2632 legitimo,
1273 2569 1487 2632 suscepit
1573 2580 1748 2614 eonverts

77 2650 219 2698 fidem
238 2651 434 2712 Christi,
454 2658 502 2700 et
519 2651 807 2716 baptizatus,
823 2650 1034 2700 ecclesiae
1052 2650 1196 2698 rebus
1212 2649 1227 2676 ¹
1252 2654 1490 2713 quantum
1567 2627 1752 2666 Eadba1d‚

76 2733 243 2793 valuit,
279 2733 331 2782 in
366 2734 588 2782 omnibus
622 2733 869 2782 consulere
907 2750 963 2782 ac
1003 2733 1167 2781 favere
1214 2731 1418 2780 curavit.
1502 2729 1642 2779 Misit
1682 2730 1830 2778 etiam

78 2813 301 2876 Galliam,
350 2822 399 2864 et
444 2816 687 2865 revocavit
734 2815 980 2864 Mellitum
1027 2832 1082 2864 ac
1129 2813 1342 2873 Justum,
1391 2830 1565 2877 eosque
1613 2813 1674 2861 ad
1720 2829 1830 2860 suas

77 2897 296 2946 ecclesias
329 2898 479 2946 libere
514 2897 837 2946 instituendas
871 2897 1030 2946 redire
1062 2896 1323 2961 praecepit:
1362 2896 1446 2960 qui
1477 2902 1586 2960 post
1615 2912 1795 2943 annum
1813 2896 1829 2921 2

134 3034 147 3058 ¹
174 3034 346 3075 eccle-sice
383 3032 519 3086 rebus]
595 3033 832 3086 According
880 3037 924 3074 to
980 3034 1042 3074 for
1078 3032 1153 3074 the
1189 3033 1405 3087 expiation
1447 3034 1494 3074 of
1524 3034 1588 3073 his
1631 3030 1826 3071 unbelief.

78 3088 232 3136 Thorn,
256 3103 297 3142 p.
322 3090 439 3141 1768,
466 3090 519 3128 he
547 3103 652 3141 gave
679 3089 752 3128 the
779 3101 926 3128 manor
979 3090 1091 3130 Stev.

79 3144 125 3182 of
165 3144 396 3184 Nodburne
435 3149 478 3183 to
519 3156 546 3183 a
587 3144 742 3183 church
790 3143 925 3183 which
1035 3144 1050 3167 ²
1075 3150 1165 3196 post
1185 3144 1360 3197 annum]
1401 3143 1537 3183 There
1562 3154 1632 3180 are
1656 3154 1710 3180 no
1729 3139 1829 3179 data

81 3197 134 3236 he
182 3198 263 3238 had
308 3199 418 3239 built
461 3199 507 3237 in
548 3199 811 3251 Canterbury
842 3198 925 3238 and
979 3198 1041 3238 for
1058 3199 1251 3251 deciding
1277 3200 1348 3238 the
1378 3198 1476 3238 date
1506 3197 1640 3237 either
1659 3198 1700 3235 01
1719 3195 1830 3234 their

82 3251 295 3293 dedicated
351 3258 396 3294 to
450 3253 523 3293 the
576 3253 728 3306 virgin
786 3253 924 3306 Mary,
980 3253 1102 3307 ssight
1119 3267 1165 3294 οι·
1182 3259 1338 3294 return.
