2216 3554
139 204 260 253 CAP.
276 201 378 271 HL]
765 201 929 252 Gentis
963 201 1003 250 A
1011 200 1255 266 nylorum.
1789 205 1847 253 21
1859 206 1886 250 7

137 335 284 383 dorus
331 335 625 399 ubicumque
670 334 862 397 longius
908 334 1004 382 iter
1043 332 1263 392 instaret,
1305 332 1538 396 equitare,
1581 335 1889 400 multumque

137 417 440 477 renitentem,
484 418 645 466 studio
686 422 737 466 et
773 434 936 464 amore
976 416 1048 479 pii
1088 415 1281 475 laboris,
1319 415 1424 478 ipse
1460 433 1572 464 eum
1610 435 1758 465 manu
1802 437 1889 468 sua

137 499 320 548 levavit
349 500 402 547 in
433 517 621 562 equum,
652 499 766 563 quia
800 498 1032 546 nimirum
1065 501 1286 545 sanctum
1320 514 1420 545 esse
1453 498 1612 546 virum
1637 501 1887 562 comperit,

138 586 283 644 atque
307 599 427 645 equo
450 582 560 631 vehi
585 599 680 645 quo
709 586 829 630 esset
862 597 1066 638 necesse,
1093 580 1336 643 compulit.
1411 580 1700 644 Susceptum
1725 581 1889 646 itaque

138 663 469 727 episcopatum
492 664 651 727 gentis
674 663 966 712 Merciorum
987 662 1131 710 simul
1157 669 1205 711 et
1230 662 1623 710 Lindisfarorum
1639 664 1655 690 ¹
1681 664 1887 723 Ceadda,

135 745 277 809 juxta
311 746 528 810 exempla
562 751 757 810 patrum
792 746 1117 809 antiquorum,
1148 744 1201 792 in
1236 762 1411 807 magna
1446 746 1561 794 vitae
1596 746 1890 808 perfectione

138 828 474 876 administrare
511 829 723 878 curavit:
767 828 846 877 cui
886 828 1033 877 etiam
1074 845 1161 876 rex
1198 827 1431 877 Vulfheri
1467 829 1667 876 donavit
1706 834 1890 877 terram

140 910 494 973 quinquaginta
517 911 827 972 familiarum,
853 912 914 960 ad
936 910 1314 960 construendum
1340 911 1687 959 monasterium
1711 911 1762 958 in
1785 912 1891 960 loco

139 992 224 1055 qui
257 993 434 1040 dicitur
455 993 697 1042 Aclbaruae
713 996 744 1054 ²,
769 995 822 1042 id
858 999 943 1054 est,
970 993 1049 1041 Ad
1079 993 1280 1052 Nemus,
1305 992 1356 1040 in
1390 993 1637 1056 provincia
1662 994 1891 1053 Lindissi,

138 1074 192 1120 in
233 1091 328 1138 quo
370 1092 520 1139 usque
560 1076 703 1125 hodie
742 1076 973 1125 instituta
1013 1077 1074 1125 ab
1112 1075 1216 1139 ipso
1258 1075 1494 1139 regul-aris
1535 1076 1651 1127 vitae
1689 1076 1892 1140 vestigia

137 1163 433 1219 permanent.

207 1238 399 1288 Habuit
422 1245 586 1290 autem
618 1243 779 1291 sedem
809 1241 1126 1306 episcopalem
1150 1241 1201 1288 in
1224 1241 1326 1289 loco
1352 1240 1439 1304 qui
1465 1246 1663 1290 vocatur
1687 1242 1891 1305 Lyccid-

138 1322 258 1371 felth
273 1324 304 1382 ⁸,
341 1323 393 1371 in
441 1343 536 1388 quo
577 1330 627 1374 et
663 1326 915 1374 defunctus
955 1342 1011 1373 ac
1052 1325 1268 1388 sepultus
1308 1329 1414 1384 est3
1462 1324 1550 1372 ubi
1598 1333 1849 1370 'ofLichfie1d.

138 1421 290 1468 usque
324 1406 466 1454 hodie
503 1409 811 1472 sequentium
854 1424 1045 1472 quoque
1085 1406 1347 1471 provinciae
1389 1405 1519 1454 illius
1558 1407 1892 1470 episcoporum

137 1489 271 1536 sedes
304 1495 391 1539 est.
462 1490 663 1539 Fecerat
697 1509 813 1540 vero
848 1491 942 1539 sibi
974 1489 1271 1538 mansionem
1295 1506 1393 1537 non
1425 1489 1569 1553 longe
1605 1490 1664 1538 ab
1694 1490 1892 1538 ecclesia

138 1571 444 1620 remotiorem
461 1590 474 1632 3
517 1574 570 1620 in
608 1591 704 1637 qua
739 1574 970 1623 secretius
1006 1590 1115 1621 cum
1151 1572 1332 1635 paucis,
1366 1571 1415 1618 id
1452 1577 1539 1631 est,
1572 1575 1754 1635 septem
1790 1572 1893 1621 sive

139 1658 248 1700 octo
271 1653 514 1715 fratribus,
536 1657 724 1719 quoties
748 1675 776 1705 a
799 1657 962 1704 labore
987 1659 1036 1703 et
1060 1654 1331 1702 ministerio
1356 1653 1493 1702 verbi
1517 1654 1733 1713 vacabat,
1754 1671 1893 1703 orare

137 1751 193 1782 ac
227 1735 382 1799 legere
418 1738 614 1787 solebat.
688 1739 785 1800 Qui
817 1755 926 1786 cum
961 1738 1013 1785 in
1042 1737 1128 1785 illa
1162 1735 1412 1800 provincia
1445 1736 1633 1784 duobus
1667 1737 1807 1785 annis
1838 1755 1894 1786 ac

137 1817 338 1867 dimidio
372 1821 618 1869 ecclesiam
649 1821 994 1886 gloriosissime
1026 1820 1241 1878 rexisset,
1276 1818 1431 1866 adfuit
1465 1835 1672 1882 superno
1702 1820 1893 1884 dispen-

136 1905 274 1948 sante
309 1901 496 1964 judicio
537 1909 745 1967 tempus,
783 1905 844 1952 de
886 1921 980 1967 quo
1023 1902 1275 1966 loquitur4
1323 1901 1667 1950 Ecclesiastes:
1731 1906 1742 1927 ‘
1765 1902 1894 1963 Quia

136 1986 330 2046 tempus
377 1984 604 2033 mittendi
653 1986 849 2050 lapides,
894 1992 943 2034 et
983 1989 1178 2048 tempus
1225 1983 1512 2047 colligendi!
1602 1983 1894 2047 Supervenit

136 2083 344 2130 namque
378 2068 535 2117 clades
571 2070 806 2118 divinitus
845 2069 1005 2129 missa,
1045 2085 1154 2133 quse
1189 2085 1276 2131 per
1306 2071 1515 2114 mortem
1551 2068 1723 2127 carnis,
1757 2068 1894 2117 vivos

137 2149 344 2199 ecclesiae
373 2151 554 2214 lapides
583 2153 642 2201 de
669 2153 876 2201 terrenis
913 2153 1107 2201 sedibus
1137 2152 1197 2199 ad
1230 2150 1487 2199 aedificium
1517 2151 1705 2200 caeleste
1732 2156 1891 2201 trans—

137 2230 300 2280 ferret.
387 2233 608 2298 Cumque
647 2235 871 2298 plurimis
912 2235 972 2284 de
1019 2234 1217 2283 ecclesia
1255 2233 1468 2296 ejusdem
1510 2235 1893 2284 reverentissimi

138 2314 372 2363 antistitis
394 2316 454 2364 de
478 2334 620 2366 carne
644 2319 914 2378 subtractis,
941 2318 1128 2367 veniret
1158 2317 1279 2365 hora
1307 2316 1459 2380 ipsius
1490 2323 1546 2365 ut
1627 2366 1811 2402 Oeadda’s

138 2396 366 2445 transiret
390 2415 449 2445 ex
480 2399 570 2447 hoc
601 2401 782 2448 mundo
813 2401 875 2449 ad
908 2400 1202 2460 Dominum3
1240 2400 1447 2463 contigit
1470 2400 1550 2448 die
1591 2418 1710 2453 vision
1727 2418 1855 2453 before

139 2479 344 2544 quadam
371 2486 428 2527 ut
457 2480 508 2528 in
540 2482 740 2545 praefata
768 2483 1015 2531 mansione
1039 2483 1162 2531 forte
1184 2483 1290 2546 ipse
1313 2500 1424 2531 cum
1448 2500 1547 2531 uno
1610 2467 1671 2502 his
1696 2468 1825 2504 death.

138 2565 331 2610 tantum
353 2562 519 2622 fratre,
539 2564 617 2612 cui
634 2565 923 2614 vocabulum
942 2569 1047 2614 erat
1072 2565 1223 2613 Ouiui
1237 2565 1269 2623 ⁵,
1289 2570 1680 2622 commoraretur,
1702 2562 1893 2612 caeteris

138 2646 241 2707 ejus
288 2643 428 2692 sociis
473 2662 562 2708 pro
601 2663 742 2696 causa
781 2652 1057 2711 opportuna
1097 2648 1155 2696 ad
1201 2647 1447 2696 ecclesiam
1484 2647 1703 2696 reversis.
1773 2646 1894 2694 Erat

138 2732 301 2774 autem
337 2727 464 2775 idem
500 2727 649 2776 Ouini
685 2730 943 2778 monachus
977 2730 1139 2794 magni
1170 2730 1348 2789 meriti,
1378 2735 1426 2778 et
1460 2747 1585 2794 pura
1620 2728 1893 2777 intentione

139 2825 358 2872 supernae
409 2811 744 2861 retributionis
796 2814 1031 2861 mundum
1078 2813 1429 2881 derelinquens,
1477 2813 1753 2877 dignusque
1807 2828 1894 2875 per

193 2925 207 2948 ¹
230 2926 590 2977 Isindisfarorum]
601 2928 981 2982 Scep.127‚note3.
1092 2927 1109 2952 ⁴
1137 2929 1335 2982 loquitur]
1367 2930 1480 2970 Eccl.
1499 2930 1560 2969 iii.
1587 2940 1624 2980 5.

194 2979 210 3002 ²
237 2981 467 3034 Adbaruae]
536 2983 792 3030 AEtbearwe,
859 2985 901 3025 S.
925 2985 981 3025 V.
1096 2984 1112 3007 ³
1142 2985 1288 3037 Ouim‘]
1321 2985 1399 3025 See
1427 2986 1526 3024 Act.
1549 2985 1617 3024 SS.
1643 2981 1827 3022 Benedd.
1849 2982 1891 3021 ii.

140 3035 276 3074 Smith
294 3036 548 3087 conjectures
560 3038 653 3077 that
665 3038 749 3078 this
764 3039 798 3079 is
811 3039 985 3079 Barton-
1045 3038 1134 3090 746,
1183 3041 1247 3080 for
1293 3040 1540 3092 particulars
1597 3039 1644 3077 of
1684 3038 1748 3076 his
1804 3035 1891 3075 life.

140 3091 415 3130 on·Humber.
471 3093 711 3142 Stevenson,
741 3107 854 3133 more
892 3107 982 3146 pro-
1038 3095 1068 3134 J
1072 3108 1206 3135 erome
1234 3095 1395 3141 Porter,
1424 3095 1466 3134 in
1497 3094 1563 3133 his
1592 3093 1718 3132 Lives
1747 3090 1795 3130 of
1816 3091 1890 3130 the

140 3144 279 3196 bably,
331 3146 514 3194 Banow,
560 3160 661 3187 near
709 3148 890 3199 Goxhin,
938 3150 984 3189 in
1037 3149 1190 3196 Saffits,
1229 3149 1399 3190 informs
1438 3163 1486 3189 us
1531 3149 1625 3188 that
1670 3161 1696 3186 a
1733 3145 1890 3185 church

141 3198 438 3240 Lincolnshire.
1042 3218 1127 3244 was
1146 3205 1364 3246 dedicated
1382 3209 1426 3245 to
1446 3203 1558 3244 Ouin
1576 3203 1621 3242 in
1636 3201 1892 3242 Gloucester.

194 3254 212 3279 ³
237 3254 517 3309 hycomfelm]
538 3255 754 3299 Lichfiem.
1044 3259 1157 3301 stev.
1200 3281 1210 3286 -‡
