2216 3554
192 213 313 261 CAP.
340 209 469 279 ΧΠ]
827 210 992 259 Gentis
1025 206 1315 272 Anylorum.
1879 214 1941 258 33

193 363 330 393 mora
376 343 526 408 pestis
571 347 734 391 secuta
771 345 872 400 est;
921 340 1004 388 sed
1045 343 1095 387 et
1135 339 1337 402 plurimi
1385 338 1598 402 ejusdem
1638 340 1773 388 urbis
1816 343 1943 389 muri

194 445 302 476 cum
339 425 692 490 quinquaginta
723 429 905 487 septem
938 422 1156 470 turribus
1189 427 1500 481 corruerunt;
1550 422 1715 470 multis
1752 439 1943 486 quoque

193 510 477 558 civitatibus
535 507 770 570 conlapsis
826 506 978 553 fames
1036 509 1086 552 et
1149 520 1313 551 aerum
1371 503 1570 568 pestifer
1629 505 1748 552 odor
1806 505 1945 567 plura

195 592 445 640 hominum
480 590 617 638 milia
644 590 1069 654 jumentorumque
1104 585 1298 635 delevit.

895 788 1036 840 CAP.
1078 789 1222 838 XIV.
1234 789 1252 816 1

198 915 248 956 Ut
269 917 481 957 Brettones
499 915 619 967 fame
639 914 810 967 famosa
838 916 978 963 coacti,
1011 914 1207 954 barbaros
1240 914 1325 954 suis
1358 926 1379 953 e
1399 912 1556 963 finibus
1579 914 1846 964 pepulerint;
1878 928 1947 956 nec

301 998 428 1034 mora,
443 985 619 1036 fraqam
638 984 770 1036 eopia,
789 983 969 1030 luxuria,
989 983 1237 1036 pestilentia,
1259 988 1295 1023 et
1314 983 1604 1023 exterminium
1621 983 1753 1035 yemis
1771 989 1947 1023 secutum.

299 1053 366 1094 sit.

262 1151 495 1199 INTEREA
537 1152 796 1200 Brettones
836 1152 987 1200 fames
1026 1168 1113 1199 sua
1150 1151 1352 1214 praefata
1387 1150 1543 1215 magis
1578 1151 1830 1216 magisque
1866 1152 1948 1199 ad-

194 1233 371 1292 ficiens,
407 1252 463 1283 ac
498 1235 677 1282 famam
714 1252 812 1283 suae-
847 1233 1046 1283 malitiae
1080 1234 1286 1298 posteris
1307 1234 1606 1282 diuturnam
1670 1253 1750 1289 The
1765 1255 1920 1289 Britons

194 1316 482 1380 relinquens,
539 1317 718 1364 multos
774 1333 941 1364 eorum
1003 1316 1161 1379 coegit
1206 1316 1361 1364 victas
1418 1315 1606 1363 infestis
1699 1305 1899 1389 iggirfffflg

194 1401 502 1464 praedonibus
536 1401 650 1449 dare
686 1418 873 1460 manus,
909 1400 1029 1448 allos
1052 1417 1165 1448 vero
1193 1417 1458 1464 nunquam,
1485 1400 1604 1463 quin
1725 1404 1878 1439 Saxons.

195 1483 360 1546 potius
384 1483 675 1531 confidentes
699 1484 751 1531 in
775 1483 1015 1531 Divinum
1046 1483 1131 1531 ubi
1163 1483 1429 1530 humanum
1456 1483 1669 1531 cessabat
1692 1482 1946 1542 auxilium,

195 1566 255 1613 de
290 1565 409 1628 ipsis
445 1566 691 1614 montibus
728 1566 969 1628 speluncis
1010 1582 1064 1614 ac
1107 1565 1311 1614 saltibus
1352 1565 1580 1613 continue
1619 1566 1945 1614 rebellabant:

195 1652 245 1695 et
278 1653 386 1695 tum
419 1648 632 1711 primum
657 1648 867 1696 inimicis
899 1648 985 1711 qui
1012 1666 1100 1711 per
1123 1648 1303 1696 multos
1339 1664 1488 1695 annos
1520 1648 1706 1711 praedas
1738 1648 1788 1695 in
1818 1655 1948 1696 terra

194 1730 414 1792 agebant,
440 1734 622 1793 strages
653 1731 766 1779 dare
800 1735 1059 1794 coeperunt.
1130 1731 1471 1779 Revertuntur
1495 1747 1608 1793 ergo
1641 1731 1949 1794 impudentes

192 1817 486 1875 grassatores
511 1813 720 1861 Hiberni
735 1816 751 1841 2
776 1814 962 1874 domus,
979 1817 1089 1877 post
1113 1830 1211 1861 non
1234 1813 1432 1876 longum
1456 1816 1649 1875 tempus
1674 1814 1945 1874 reversuri3

194 1894 321 1942 Picti
356 1895 407 1941 in
442 1899 659 1943 extrema
699 1901 838 1958 parte
873 1895 1041 1943 insulae
1075 1901 1194 1943 tunc
1229 1894 1443 1958 primum
1468 1899 1516 1942 et
1551 1895 1779 1958 deinceps
1814 1896 1949 1961 quie-

193 1980 382 2038 verunt,
422 1977 606 2039 praedas
647 1984 811 2026 tamen
847 1994 1199 2041 nonnunquam
1241 1977 1416 2025 exinde
1453 1982 1501 2024 et
1539 1977 1854 2026 contritiones
1890 1979 1950 2026 de

195 2059 484 2107 Brettonum
518 2063 663 2123 gente
699 2077 840 2123 agere
870 2077 968 2107 non
1005 2064 1264 2108 cessarunt.
1339 2059 1567 2108 Cessante
1603 2065 1765 2108 autem
1789 2066 1947 2109 vasta-

193 2142 325 2191 tione
362 2142 540 2201 hostili,
580 2142 732 2190 tantis
770 2143 970 2206 frugum
1006 2142 1157 2206 copiis
1196 2142 1357 2190 insula
1399 2148 1606 2205 quantas
1646 2143 1783 2190 nulla
1817 2148 1947 2191 retro

193 2228 310 2272 aetas
345 2225 580 2284 meminit,
607 2225 798 2273 affluere
828 2226 998 2289 coepit:
1050 2243 1160 2274 eum
1193 2225 1370 2288 quibus
1405 2230 1455 2273 et
1489 2225 1686 2273 luxuria
1721 2214 1946 2286 crescere,

194 2314 244 2355 et
278 2307 401 2357 hanc
436 2308 666 2356 continuo
702 2308 920 2356 omnium
955 2308 1059 2356 lues
1086 2294 1333 2357 vscelerum
1375 2307 1597 2355 comitari
1643 2309 1950 2368 adceleravit,

193 2389 449 2438 crudelitas
472 2391 727 2454 praecipue,
753 2396 802 2439 et
826 2391 992 2439 odium
1016 2390 1237 2439 veritatis
1261 2407 1493 2454 amorque
1517 2390 1770 2450 mendacii,
1796 2391 1867 2439 ita
1891 2398 1948 2440 ut

192 2472 342 2535 siquis
366 2489 532 2520 eorum
556 2473 736 2532 mitior,
763 2478 812 2521 et
835 2474 1033 2522 veritati
1057 2474 1363 2538 aliquatenus
1387 2473 1586 2537 propior
1610 2474 1873 2533 videretur,
1894 2475 1946 2521 in

191 2554 322 2603 hunc
357 2555 494 2618 quasi
530 2555 788 2604 Brittaniae
824 2557 1171 2617 subversorem,
1202 2557 1421 2605 omnium
1464 2556 1574 2604 odia
1612 2542 1807 2620 telaque
1843 2557 1947 2605 sine

193 2638 413 2700 respectu
448 2644 893 2702 contorquerentur.
965 2639 1034 2688 Et
1073 2657 1170 2688 non
1205 2640 1363 2688 solum
1404 2639 1506 2687 haec
1547 2641 1798 2688 saeculares
1835 2640 1945 2698 viri,

194 2720 277 2769 sed
302 2719 449 2768 etiam
474 2719 575 2782 ipse
598 2728 718 2785 grex
741 2722 940 2769 Domini
972 2724 1167 2787 ejusque
1196 2728 1414 2786 pastores
1438 2728 1665 2787 egerunt3
1706 2722 1943 2782 ebrietati,

194 2801 507 2861 animositati,
542 2802 711 2866 litigio,
749 2804 1058 2866 contentioni,
1094 2806 1308 2866 invidiae,
1350 2805 1632 2870 caeterisque
1673 2805 1946 2869 hujusmodi

250 2939 264 2965 ¹
291 2941 397 2981 CAP.
430 2940 577 2992 XIV.]
648 2940 750 2980 This
793 2940 966 2995 chapter
1003 2942 1039 2982 is
1095 2943 1220 2983 while
1250 2944 1368 2983 those
1389 2943 1483 2984 who
1511 2943 1595 2983 had
1622 2942 1944 2996 transmigrated

195 2994 374 3048 adapted
408 2995 491 3035 and
526 2995 748 3036 shortened
785 2996 890 3036 from
926 2997 1039 3038 Gild.
1095 3002 1140 3038 to
1171 2999 1244 3038 the
1274 3003 1441 3051 present
1476 2999 1676 3038 Scotland
1708 3013 1778 3038 are
1814 2998 1944 3037 called

195 3050 430 3090 xvii—xxiii.
1098 3053 1221 3093 Picti.
1300 3054 1387 3094 But
1433 3055 1505 3093 the
1552 3067 1653 3106 very
1690 3053 1861 3103 reading
1907 3051 1943 3089 is

251 3105 268 3127 ²
287 3105 482 3151 Hiberni,
496 3105 627 3156 Picti]
644 3104 780 3145 Smith
791 3105 936 3146 thinks
948 3107 1043 3147 that
1099 3109 1322 3158 doubtful;
1362 3109 1483 3149 while
1513 3109 1558 3147 in
1596 3110 1669 3147 the
1699 3119 1869 3159 passage
1901 3106 1949 3145 of

196 3159 546 3212 byHibernihere
559 3174 629 3200 are
643 3164 783 3199 meant
795 3161 914 3201 those
927 3162 1038 3202 Seoti
1096 3163 1241 3203 Gildas
1274 3164 1382 3203 from
1415 3164 1549 3203 which
1582 3163 1616 3202 it
1645 3164 1681 3201 is
1711 3162 1837 3200 taken
1871 3160 1943 3199 the

196 3215 289 3254 who
308 3215 520 3254 remained
535 3215 579 3254 in
602 3215 916 3261 Ireland‚allied
935 3218 1039 3257 with
1096 3219 1267 3271 reading
1291 3219 1326 3258 is
1359 3225 1368 3241 ‘
1382 3222 1634 3272 grassatores
1663 3217 1716 3256 ad
1750 3215 1944 3255 hibernas

195 3269 306 3310 their
341 3270 537 3311 brethren
582 3283 717 3311 across
764 3270 835 3311 the
881 3276 1040 3323 water3
1096 3273 1264 3315 domos?

1051 3357 1086 3391 D
