2216 3554
183 146 304 196 CAP.
324 145 434 216 xx]
747 133 753 139 ¹
818 148 985 199 Gentis
1018 147 1307 213 Anylorum.
1842 153 1941 199 257

319 281 522 331 Femina
555 281 694 346 virgo
729 281 859 346 parit
893 280 1066 329 mundi
1100 280 1277 329 devota
1309 284 1580 344 parentem,

387 365 535 414 Porta
570 365 727 414 Maria
763 364 870 424 Dei,
906 363 1088 411 femina
1122 363 1262 427 virgo
1297 363 1440 427 parit.

329 449 525 497 Gaudet
558 447 711 497 amica
746 447 928 507 cohors,
964 446 1025 494 de
1059 445 1250 510 virgine
1290 452 1448 495 matre
1486 445 1755 495 Tonantis:

385 532 683 597 Virginitate
720 529 904 578 micans
939 529 1120 591 gaudet
1153 528 1308 578 amica
1343 529 1527 578 cohors.

318 615 484 678 Hujus
519 615 672 663 honor
705 611 875 677 genuit
909 616 1040 659 casto
1076 611 1136 659 de
1171 610 1387 675 germine
1422 611 1598 675 plures,

386 697 643 761 Virgineos
678 696 819 744 flores
853 695 1001 757 hujus
1036 693 1191 742 honor
1225 693 1410 759 genuit.

314 780 523 845 Ignibus
556 784 666 828 usta
700 778 812 827 feris
847 779 986 844 virgo
1023 795 1123 827 non
1158 783 1312 826 cessat
1347 774 1558 840 Agatha,

385 862 578 911 Eulalia
612 867 661 911 et
696 862 878 926 perfert
911 862 1105 926 ignibus
1142 865 1252 909 usta
1287 859 1418 908 feris.

318 944 464 994 Casta
498 946 623 993 feras
659 951 855 1009 superat
889 944 1065 994 mentis
1098 960 1188 1008 pro
1224 942 1432 991 culmine
1467 941 1626 1002 Tecla,

384 1027 658 1092 Euphemia
693 1045 827 1077 sacra
862 1033 993 1077 casta
1028 1028 1156 1076 feras
1193 1032 1405 1089 superat.

321 1109 461 1158 Laeta
496 1111 623 1159 ridet
657 1110 843 1174 gladios
878 1111 1007 1159 ferro
1042 1109 1289 1158 robustior
1324 1106 1509 1173 Agnes,

387 1192 583 1241 Caecilia
618 1193 820 1242 infestos
855 1194 969 1242 laeta
1003 1192 1132 1240 ridet
1166 1191 1372 1257 gladios,

319 1273 508 1323 Multus
543 1277 597 1324 in
630 1277 748 1325 orbe
774 1276 916 1340 >viget
949 1293 1037 1340 per
1074 1274 1235 1324 sobria
1269 1274 1415 1323 corda
1449 1271 1742 1337 triumphus,

384 1357 677 1407 Sobrietatis
711 1376 849 1407 amor
883 1359 1071 1407 multus
1106 1358 1158 1406 in
1193 1358 1309 1407 orbe
1344 1357 1492 1420 viget.

315 1440 500 1491 Nostra
535 1459 727 1506 quoque
763 1441 957 1505 egregia
987 1441 1089 1506 jam
1124 1444 1349 1504 tempora
1383 1441 1523 1504 virgo
1557 1437 1752 1488 beavit:

382 1524 697 1588 AEdilthryda
731 1524 858 1574 nitet
892 1529 1058 1573 nostra
1093 1540 1282 1588 quoquc
1318 1523 1525 1587 egregia.

316 1605 441 1655 Orta
473 1610 612 1671 patre
649 1607 839 1665 eximio,
877 1606 1030 1670 regali
1065 1612 1114 1655 et
1151 1610 1407 1655 stemmate
1443 1606 1600 1655 clara:

380 1689 607 1737 Nobilior
642 1689 840 1737 domino
877 1693 967 1749 est,
1002 1692 1111 1737 orta
1145 1691 1286 1752 patre
1322 1689 1516 1738 eximio.

312 1772 528 1835 Percipit
561 1771 674 1821 inde
710 1773 855 1820 decus
889 1772 1084 1836 reginae,
1114 1776 1164 1821 et
1200 1777 1391 1835 sceptra
1426 1772 1517 1820 sub
1553 1772 1712 1834 astris,

379 1855 497 1904 Plus
533 1872 680 1919 super
713 1861 844 1904 astra
879 1871 1096 1915 manens,
1133 1854 1342 1918 percipit
1378 1854 1490 1903 inde
1525 1855 1683 1903 decus
1745 1864 1748 1866 ’

313 1937 448 2000 Quid
483 1938 610 2002 petis
647 1938 774 1987 alma
809 1938 989 1996 virum,
1019 1954 1195 2002 sponso
1224 1938 1327 2002 jam
1363 1936 1527 1985 dedita
1563 1939 1787 1986 summo‘ss

382 2022 597 2086 Sponsus
634 2022 771 2071 adest
808 2021 1046 2081 Christus,
1086 2019 1204 2084 quid
1241 2020 1369 2084 petis
1405 2020 1530 2068 alma
1568 2020 1758 2068 virum‘.l

311 2104 463 2169 Regis
497 2109 554 2153 ut
589 2105 788 2153 aetherei
822 2108 1030 2153 matrem
1061 2106 1164 2167 jam
1199 2103 1339 2152 credo
1377 2103 1626 2167 sequaris:

379 2188 457 2236 Tu
491 2205 686 2252 quoque
722 2188 786 2236 sis
821 2193 978 2236 mater
1012 2172 1141 2251 regis
1176 2193 1233 2235 ut
1276 2187 1490 2235 aetherei.

312 2270 500 2335 Sponsa
534 2271 695 2319 dicata
729 2270 836 2319 Deo
872 2271 948 2319 bis
983 2287 1069 2319 sex
1105 2274 1396 2335 regnaverat
1430 2269 1584 2329 annis,

380 2353 540 2418 Inque
575 2354 866 2403 monasterio
902 2357 977 2403 est
1011 2370 1187 2417 sponsa
1221 2353 1381 2402 dicata
1416 2352 1539 2401 Deo.

311 2436 438 2485 Tota
472 2441 657 2485 sacrata
691 2437 804 2500 polo
841 2436 980 2485 celsis
1015 2436 1102 2484 ubi
1136 2435 1304 2484 floruit
1339 2435 1474 2494 actis,

381 2518 617 2567 Reddidit
651 2523 798 2583 atque
833 2519 1047 2568 animam
1082 2524 1188 2567 tota
1222 2522 1411 2569 sacrata
1444 2518 1569 2582 polo.

313 2601 533 2666 Virginis
567 2602 696 2650 alma
730 2619 842 2651 caro
877 2607 951 2651 est
985 2601 1231 2650 tumulata
1264 2601 1339 2649 bis
1376 2607 1483 2650 octo
1519 2601 1836 2661 Novembres,

383 2685 491 2733 Nec
526 2689 669 2749 putet
702 2684 754 2733 in
788 2685 978 2734 tumulo
1013 2684 1222 2749 virginis
1258 2684 1387 2733 alma
1422 2701 1545 2733 caro.

314 2767 521 2828 Christe,
557 2767 633 2816 tui
668 2770 743 2816 est
776 2767 952 2832 operis,
989 2766 1106 2832 quia
1139 2767 1289 2815 vestis
1324 2772 1374 2816 et
1409 2767 1516 2830 ipsa
1551 2767 1772 2832 sepulcro

381 2849 624 2899 Inviolata
658 2850 810 2899 nitet:
861 2850 1068 2910 Christe,
1103 2850 1181 2899 tui
1217 2853 1291 2898 est
1326 2850 1501 2914 operis.

314 2932 475 2982 Ydros
510 2936 561 2981 et
594 2936 701 2981 ater
735 2932 841 2981 abit
875 2949 1021 2981 sacrae
1057 2950 1145 2997 pro
1180 2931 1331 2981 vestis
1364 2933 1561 2993 honore,

385 3015 547 3064 Morbi
583 3015 863 3080 diffugiunt,
899 3015 1045 3080 ydros
1081 3019 1132 3064 ct
1166 3020 1272 3065 ater
1306 3015 1424 3065 abit.

315 3099 461 3148 Zelus
496 3098 550 3146 in
583 3098 721 3148 hoste
756 3099 880 3148 furit
914 3098 1158 3162 quondam
1193 3099 1279 3163 qui
1313 3098 1499 3149 vicerat
1533 3097 1721 3144 Evam:

383 3181 538 3246 Virgo
574 3181 848 3246 triumphat
882 3198 1045 3242 ovans,
1082 3182 1214 3230 zelus
1249 3182 1302 3230 in
1336 3182 1476 3230 hoste
1510 3179 1646 3227 furit.

315 3264 495 3331 Aspice
529 3269 688 3331 nupta
724 3266 845 3326 Dec,
884 3282 993 3332 quae
1029 3264 1096 3314 sit
1130 3263 1226 3316 tibi
1259 3264 1418 3331 gloria
1451 3261 1624 3312 terris:

1039 3361 1067 3399 8
