2216 3554
278 166 400 215 xviii
965 161 1319 211 Introduction.

276 298 442 356 habe0‚
467 297 518 345 id
554 302 638 356 est,
674 296 904 360 piperem,
941 295 1109 353 oraria,
1136 300 1185 342 et
1219 292 1442 350 incensa3
1492 289 1577 338 sed
1613 304 1751 336 curre
1774 287 2021 348 velociter,

278 390 328 435 et
383 386 686 449 presbyteros
744 384 898 432 nostri
945 382 1222 431 monasterii
1272 379 1428 428 adduc
1485 377 1547 425 ad
1593 393 1684 435 me,
1732 380 1791 424 ut
1836 382 1886 424 et
1933 392 2024 438 ego

280 475 562 523 munuscula
619 473 782 537 qualia
841 473 976 521 Deus
1034 471 1233 520 donavit
1290 469 1386 516 illis
1444 466 1752 514 distribuam.
1838 465 2029 514 Divites

278 568 441 612 autem
465 563 516 610 in
539 563 627 611 hoc
659 562 832 611 saeculo
865 578 1055 620 aurum,
1080 563 1351 621 argentum,
1378 562 1426 604 et
1460 555 1555 603 alia
1579 572 1782 619 quaeque
1813 555 2028 618 preciosa

280 654 395 702 dare
419 652 615 700 student
637 669 646 698 :
684 668 772 714 ego
797 654 960 698 autem
987 666 1095 698 cum
1121 648 1274 695 multa
1299 645 1501 693 caritate
1525 648 1575 692 et
1597 644 1776 708 gaudio
1795 644 2031 692 fratribus

282 742 399 790 meis
434 741 559 789 dabo
584 739 712 803 quod
738 740 869 787 Deus
900 736 1169 797 dederat;”
1215 741 1264 784 et
1295 735 1386 782 hoc
1418 751 1529 782 cum
1551 739 1760 782 tremore
1783 734 1889 782 feci.
1955 731 2031 781 Et

280 831 514 878 allocutus
550 833 623 877 est
652 844 1041 891 unumquemque
1077 842 1276 873 monens
1305 829 1355 872 et
1379 824 1632 871 obsecrans
1664 840 1754 886 pro
1779 840 1834 872 eo
1860 822 2030 871 missas

281 924 330 967 et
355 917 593 966 orationes
617 917 799 965 facere:
839 917 967 980 quod
993 911 1065 963 illi
1088 915 1297 963 libenter
1321 912 1695 976 spoponderunt.

352 1007 635 1069 ‘Lugebant
682 1009 846 1054 autem
893 1012 940 1052 et
981 1004 1160 1052 flebant
1198 1018 1377 1061 omnes,
1418 1001 1626 1048 maxime
1667 1001 1797 1064 quod
1839 1000 2031 1048 dixerat

283 1095 398 1158 quia
434 1095 646 1157 amplius
687 1094 857 1142 faciem
901 1110 1034 1142 suam
1075 1092 1127 1140 in
1167 1092 1258 1140 hoc
1297 1090 1473 1140 saeculo
1514 1107 1611 1139 non
1652 1094 1810 1138 essent
1846 1090 2028 1150 visuri3

282 1184 558 1248 gaudebant
603 1188 764 1247 autem
811 1183 926 1246 quia
972 1182 1111 1241 dixit,
1161 1187 1187 1207 “
1205 1182 1414 1244 Tempus
1470 1184 1555 1239 est,
1603 1185 1660 1227 ut
1707 1185 1923 1227 revertar
1968 1180 2032 1227 ad

282 1273 426 1332 Eum,
476 1273 559 1335 qui
606 1289 682 1320 me
729 1272 855 1330 fecit,
904 1271 988 1335 qui
1029 1288 1106 1319 me
1152 1271 1345 1330 creavit,
1388 1270 1472 1333 qui
1510 1286 1588 1317 me
1629 1286 1691 1317 ex
1737 1268 1890 1317 nihilo
1937 1269 2033 1316 for-

283 1362 447 1409 mavit.
518 1361 730 1408 Multum
777 1365 967 1423 tempus
1013 1359 1131 1418 vixi,
1174 1358 1296 1406 bene
1344 1358 1465 1405 mihi
1512 1357 1622 1420 pius
1668 1358 1831 1406 Judex
1877 1357 2034 1406 vitam

284 1466 439 1498 meam
486 1449 730 1512 praevidit,
768 1453 961 1512 tempus
1006 1448 1315 1496 resolutionis
1362 1465 1480 1496 meae
1522 1448 1688 1506 instat,
1730 1447 1845 1511 quia
1891 1446 2033 1509 cupio

282 1538 481 1587 dissolvi
517 1544 566 1586 et
601 1555 702 1586 esse
743 1555 854 1586 cum
891 1538 1087 1586 Christo
1108 1555 1118 1586 ε
1138 1538 1164 1559 ”
1223 1538 1290 1585 sic
1332 1541 1381 1585 et
1421 1538 1575 1586 multa
1609 1537 1707 1586 alia
1741 1537 1944 1592 locutus,
1981 1535 2033 1583 in

283 1628 455 1677 laetitia
479 1628 606 1676 diem
631 1646 783 1692 usque
812 1629 874 1677 ad
897 1646 1145 1692 vesperam
1170 1628 1326 1676 duxit.
1392 1627 1466 1676 Et
1489 1614 1722 1691 praefatus
1744 1613 1867 1690 Puer
1891 1625 2033 1685 dixit,

285 1718 503 1766 “Adhuc
543 1735 640 1766 una
687 1717 939 1777 sententia,
986 1718 1216 1781 magister
1255 1717 1442 1777 dilecte,
1483 1735 1579 1765 non
1627 1723 1700 1765 est
1747 1715 2032 1778 descripta.''

284 1807 360 1856 At
400 1807 574 1870 inquit,
612 1807 823 1856 “Scribe
864 1808 1002 1856 cito.’'
1074 1807 1189 1855 Post
1230 1807 1473 1854 modicum
1509 1806 1636 1855 dixit
1670 1823 1802 1870 puer,
1841 1810 1868 1832 ‘⁴
1886 1805 2034 1853 Modo

284 1898 526 1945 sententia
560 1896 800 1959 descripta
835 1895 953 1944 est.”
1023 1895 1096 1945 At
1131 1897 1228 1956 ille,
1265 1896 1486 1956 “Bcne,''
1523 1895 1699 1960 inquit,
1736 1895 2035 1944 “veritatem

285 1986 470 2045 dixisti,
497 1990 880 2034 consummatum
906 1989 990 2035 est.
1062 1986 1242 2049 Accipe
1273 2003 1434 2034 meum
1457 1991 1601 2050 caput
1634 1986 1685 2033 in
1713 2002 1886 2033 manus
1909 1990 2034 2043 tuas,

287 2075 404 2139 quia
438 2075 647 2123 multum
679 2091 756 2122 me
779 2075 986 2123 delectat
1019 2075 1183 2123 sedere
1209 2092 1268 2122 ex
1293 2076 1494 2123 adverso
1519 2075 1622 2123 loco
1646 2078 1811 2123 sancto
1836 2091 1958 2132 meo,
1983 2074 2036 2121 in

286 2180 382 2227 quo
423 2181 560 2212 orare
605 2164 830 2223 solebam,
871 2169 928 2211 ut
975 2169 1024 2212 et
1070 2181 1159 2227 ego
1206 2165 1374 2212 sedens
1412 2165 1606 2212 Patrem
1654 2180 1815 2211 meum
1856 2164 2035 2227 possim

285 2253 554 2302 invocare.’'
626 2253 693 2300 Et
717 2253 784 2300 sic
809 2253 860 2300 in
884 2253 1161 2316 pavimento
1193 2271 1291 2302 suae
1325 2255 1511 2313 casulae,
1538 2255 1798 2302 decantans
1825 2253 2037 2302 “Gloria

287 2341 427 2390 Patri
473 2347 522 2390 et
568 2341 695 2389 Filio
743 2347 791 2390 et
839 2342 1045 2405 Spiritui
1095 2342 1315 2402 Sanct0,”
1359 2361 1468 2391 cum
1516 2343 1755 2407 Spiritum
1803 2343 2036 2392 Sanctum

287 2431 594 2490 nominasset,
644 2431 870 2494 spiritum
917 2448 942 2479 e
1002 2448 1197 2495 corpore
1257 2433 1500 2481 exhalavit
1545 2433 1806 2494 ultimum3
1874 2439 1922 2482 et
1969 2432 2037 2481 sic

288 2538 439 2584 regna
473 2519 704 2584 migravit
740 2520 802 2568 ad
837 2520 1058 2568 caelestia.

359 2614 371 2634 ‘
389 2609 568 2657 Omnes
613 2614 776 2656 autem
819 2609 902 2672 qui
944 2609 1142 2658 audiere
1176 2610 1254 2658 vel
1288 2610 1453 2659 videre
1487 2609 1618 2659 beati
1653 2611 1806 2675 patris
1848 2611 2037 2660 obitum

289 2715 540 2761 nunquam
579 2714 629 2745 se
664 2698 841 2746 vidisse
877 2699 1033 2747 ullum
1068 2699 1218 2747 alium
1255 2704 1355 2747 tam
1392 2717 1565 2764 magna
1601 2701 1856 2750 devotione
1892 2708 2038 2765 atque

289 2786 646 2851 tranquillitate
702 2786 855 2835 vitam
913 2787 1075 2836 finisse
1133 2788 1369 2838 dicebant.
1459 2790 1599 2851 Quia,
1658 2791 1783 2839 sicut
1840 2791 2036 2851 audisti,

291 2894 539 2942 quousque
573 2876 736 2925 anima
770 2877 820 2924 in
857 2894 1053 2940 corpore
1077 2878 1184 2938 fuit,
1211 2877 1378 2928 Gloria
1403 2879 1538 2928 Patri
1562 2886 1610 2929 et
1642 2881 1736 2928 alia
1764 2881 2038 2944 spiritualia

292 2967 514 3031 quaedam
549 2966 735 3026 cecinit,
760 2972 809 3015 et
843 2967 1067 3030 expansis
1102 2968 1325 3015 manibus
1361 2969 1464 3016 Deo
1487 2969 1600 3018 vivo
1636 2974 1685 3018 et
1707 2987 1819 3019 vero
1854 2969 2038 3034 gratias

292 3073 432 3120 agere
490 3073 588 3105 non
645 3057 871 3105 cessabat.
960 3055 1093 3105 Scito
1150 3060 1325 3116 autem,
1386 3058 1535 3107 frater
1591 3058 1849 3119 carissime,
1908 3060 2038 3123 quod

292 3146 446 3194 multa
479 3163 672 3194 narrare
699 3145 879 3210 possim
904 3146 963 3194 de
995 3162 1066 3206 e0,
1091 3145 1173 3194 sed
1197 3146 1485 3196 brevitatem
1514 3149 1749 3197 sermonis
1773 3148 2037 3197 ineruditio

293 3237 474 3300 linguae
496 3235 642 3286 facit?
