2216 3554
342 201 405 246 84
919 193 1146 243 Historia
1182 194 1519 244 Ecclesiastica
1875 188 2087 260 [LIB.11.

338 325 702 391 stantinopolim
726 325 1062 389 apocrisiarius
1081 326 1096 353 ¹
1134 326 1193 374 ab
1225 326 1486 390 apostolica
1510 325 1620 373 sede
1645 323 1857 372 directus
1881 329 1968 382 est,
1993 341 2092 372 non

337 409 577 459 tamenin
611 413 803 458 terreno
839 412 1148 457 conversatus
1182 409 1363 473 palatio
1398 407 1701 472 propositum
1735 408 1851 455 vitae
1887 407 2091 455 caelestis

337 492 611 540 intermisit.
683 491 815 538 Nam
835 492 1071 554 quosdam
1095 492 1306 540 fratrum
1336 508 1396 539 ex
1425 489 1717 538 monasterio
1742 506 1841 548 suo,
1872 490 1957 552 qui
1981 484 2092 537 esim

336 575 494 640 gratia
517 591 760 637 germanae
785 573 999 622 caritatis
1023 574 1084 621 ad
1107 574 1291 636 regiam
1315 575 1483 621 urbem
1503 573 1520 600 ²
1558 572 1712 620 secuti
1737 577 1862 630 sunt,
1887 571 1941 618 in
1963 574 2092 618 tuta-

336 663 556 706 mentum
580 656 725 720 coepit
753 656 1069 705 observantiae
1092 657 1331 720 regularis
1355 657 1530 705 habere
1551 672 1563 715 ;
1601 655 1823 703 videlicet
1845 659 1901 701 ut
1926 670 2092 701 eorum

336 756 526 802 semper
561 738 792 802 exemplo,
818 738 942 788 sicut
977 738 1081 801 ipse
1117 738 1301 798 scribit,
1330 739 1392 787 ad
1422 737 1653 787 orationis
1684 737 1931 800 placidum
1958 736 2091 794 litus,

336 822 474 886 quasi
519 822 740 870 anchorae
779 821 894 869 fune
940 820 1330 884 restringeretur,
1375 838 1484 869 cum
1531 819 1802 869 incessabili
1844 835 2092 867 causarum

335 905 638 954 saecularium
685 903 899 967 impulsu
947 903 1221 962 fluctuaret,
1273 920 1645 966 concussamque
1695 901 1860 951 saeculi
1907 900 2093 949 actibus

336 993 549 1035 mentem
576 986 706 1034 inter
730 1003 810 1034 eos
840 985 1057 1049 quotidie
1088 1003 1176 1049 per
1206 986 1433 1034 studiosae
1457 985 1680 1034 lectionis
1705 986 1951 1033 roboraret
1975 983 2093 1031 allo-

335 1070 516 1133 quium.
591 1067 789 1116 Horum
824 1084 939 1131 ergo
976 1067 1216 1115 consortio
1251 1085 1350 1115 non
1386 1067 1543 1115 solum
1578 1084 1607 1115 a
1640 1067 1844 1115 terrenis
1880 1069 1953 1114 est
1987 1082 2092 1113 mu-

334 1153 466 1201 nitus
495 1151 783 1211 incursibus,
813 1167 985 1198 verum
1014 1150 1162 1198 etiam
1198 1150 1260 1198 ad
1296 1149 1498 1199 caelestis
1533 1150 1647 1199 vitae
1676 1149 1906 1198 exercitia
1938 1148 2093 1212 magis

335 1234 582 1297 magisque
606 1249 876 1282 succensus.

403 1316 533 1363 Nam
552 1315 735 1363 hortati
753 1318 871 1362 sunt
889 1331 1013 1374 eum,
1034 1319 1091 1363 ut
1109 1314 1290 1362 librum
1308 1315 1438 1363 beati
1457 1315 1496 1364 J
1498 1315 1557 1363 ob
1573 1313 1590 1341 ⁸
1613 1315 1801 1379 magnis
1819 1315 2093 1363 involutum

335 1397 724 1456 obscuritatibus,
750 1397 955 1460 mystica
980 1397 1385 1461 interpretatione
1408 1397 1671 1446 discuteret
1691 1415 1701 1446 z
1739 1414 1895 1461 neque
1918 1414 2094 1460 negare

331 1481 493 1544 potuit
526 1497 661 1543 »opus
708 1480 838 1543 quod
886 1479 978 1527 sibi
1024 1480 1270 1528 fraternus
1318 1497 1454 1528 amor
1500 1480 1667 1528 multis
1714 1480 1833 1529 utile
1873 1480 2093 1527 futurum

333 1562 624 1626 imponebat.
699 1562 794 1611 Sed
830 1563 1053 1610 eumdem
1089 1562 1284 1622 librum,
1315 1563 1553 1626 quomodo
1570 1563 1714 1626 juxta
1737 1562 1928 1611 literam
1952 1562 2094 1610 intel-

332 1645 572 1708 ligendus,
605 1638 814 1708 qualiter
841 1645 904 1693 ad
935 1644 1120 1693 Christi
1156 1650 1205 1693 et
1234 1645 1445 1694 ecclesiae
1474 1649 1773 1693 sacramenta
1800 1644 2093 1704 referenduS,

333 1745 429 1791 quo
447 1744 586 1776 sensu
602 1727 866 1791 unicuique
881 1727 1098 1775 fidelium
1125 1727 1188 1775 sit
1211 1727 1463 1791 aptandus,
1481 1744 1570 1791 per
1592 1727 1798 1791 triginta
1816 1731 1864 1776 et
1883 1727 2094 1790 quinque

332 1811 480 1858 libros
517 1810 836 1874 expositionis
872 1810 1093 1858 miranda
1127 1810 1314 1859 ratione
1349 1811 1615 1874 perdocuit.
1687 1810 1833 1871 Quod
1866 1810 2095 1859 videlicet

333 1911 453 1956 opus
478 1894 529 1940 in
552 1893 686 1956 regia
711 1892 908 1956 quidem
934 1894 1053 1941 urbe
1083 1892 1420 1957 apocrisiarius
1449 1892 1709 1952 inchoavit,
1736 1893 1904 1942 Romae
1929 1896 2093 1941 autem

415 1995 500 2023 mn.
516 1998 589 2030 591.
666 1975 769 2038 jam
792 1974 1012 2039 pontifex
1036 1975 1199 2023 vfactus
1223 1975 1450 2038 explevit.
1523 1974 1621 2035 Qui
1656 1993 1766 2023 cum
1801 1981 1925 2023 esset
1961 1976 2095 2039 regia

331 2059 383 2106 in
408 2059 527 2106 urbe
555 2057 756 2121 positus,
781 2062 1058 2107 nascentem
1090 2058 1160 2106 ibi
1194 2075 1370 2107 novam
1403 2059 1627 2107 haeresim
1662 2060 1722 2107 de
1758 2065 1890 2108 statu
1914 2065 2092 2108 nostrae

331 2139 695 2189 resurrectionis
709 2141 740 2199 ³,
766 2158 876 2188 cum
901 2140 1005 2204 ipso
1031 2158 1092 2189 ex
1116 2158 1211 2205 quo
1236 2147 1344 2190 orta
1368 2146 1441 2190 est
1464 2141 1621 2201 initio,
1642 2143 1845 2204 juvante
1870 2158 1918 2190 se
1936 2142 2094 2205 gratia

332 2223 580 2271 catholicae
604 2224 841 2284 veritatis,
866 2224 1072 2273 attrivit.
1134 2224 1384 2288 Siquidem
1413 2224 1694 2289 Eutychius,
1722 2226 1934 2289 ejusdem
1958 2226 2094 2274 urbis
2118 2247 2122 2253 ³

332 2306 598 2369 episcopus,
636 2307 991 2370 dogmatizabat
1027 2324 1200 2371 corpus
1236 2314 1460 2357 nostrum
1508 2308 1559 2356 in
1601 2308 1687 2356 illa
1728 2308 2093 2358 resurrectionis

330 2387 485 2452 gloria
508 2388 832 2452 impalpabile,
858 2390 1017 2438 ventis
1042 2396 1248 2454 ae'reque
1285 2390 1510 2439 subtilius
1540 2407 1640 2439 esse
1675 2390 1925 2439 futurum:
1964 2391 2094 2455 quod

331 2470 413 2518 ille
437 2471 653 2531 audiens,
679 2475 728 2520 et
757 2472 943 2521 ratione
967 2473 1205 2527 veritatis,
1238 2478 1286 2522 et
1318 2473 1541 2537 exemplo
1573 2473 1823 2521 dominicae
1851 2490 2093 2523 resurrec-

324 2552 493 2614 tionis,
522 2554 748 2616 probavit
778 2555 870 2603 hoc
900 2555 1075 2619 dogma
1100 2555 1379 2605 orthodoxae
1405 2556 1517 2604 fidei
1541 2556 1834 2606 omnimodis
1857 2574 1958 2606 esse
1982 2574 2091 2606 con-

331 2635 550 2684 trarium.
617 2636 873 2685 Catholica
897 2639 1078 2687 etenim
1102 2639 1221 2687 fides
1244 2639 1404 2698 habet,
1427 2638 1558 2702 quod
1577 2656 1751 2703 corpus
1769 2644 1990 2688 nostrum
2009 2641 2094 2689 illa

330 2717 713 2767 immortalitatis
732 2720 885 2783 gloria
903 2722 1236 2782 sublimatum,
1257 2722 1433 2770 subtile
1452 2722 1648 2786 quidem
1673 2722 1737 2771 sit
1760 2739 1846 2786 per
1869 2723 2092 2772 effectum

331 2799 565 2863 spiritalis
596 2800 846 2864 potentiae,
883 2802 966 2851 sed
1000 2803 1246 2867 palpabile
1279 2821 1366 2867 per
1400 2804 1659 2853 veritatem
1693 2809 1911 2854 naturae:
1950 2807 2093 2869 juxta

331 2883 605 2947 exemplum
635 2883 878 2932 Dominici
915 2887 1143 2949 corporis,
1175 2887 1233 2934 de
1270 2904 1364 2950 quo
1400 2903 1429 2935 a
1463 2887 1669 2936 mortuis
1703 2888 1934 2936 suscitato
1971 2887 2093 2936 dicit

390 2992 404 3015 ¹
432 2991 749 3044 apocrisiarius]
792 2992 976 3046 Strictly,
1012 3008 1038 3034 a
1075 2994 1182 3034 dele·
1239 2996 1483 3043 Lombards,
1521 2996 1614 3036 who
1659 3010 1768 3037 were
1824 2995 2092 3050 threatening

334 3050 444 3098 gato,
473 3046 605 3086 called
632 3048 720 3087 also
738 3054 747 3067 ‘
762 3049 1009 3100 responsalis
1024 3063 1034 3097 ;
1049 3047 1059 3064 ’
1095 3051 1183 3089 also
1238 3051 1387 3091 Rome.

334 3115 358 3140 a
380 3105 598 3154 secretary.
645 3102 868 3154 Gregorius
885 3103 1046 3143 resided
1065 3105 1183 3143 three
1293 3104 1309 3127 ²
1328 3106 1387 3146 ad
1399 3107 1554 3158 reyiam
1567 3107 1720 3160 urbem]
1737 3107 2089 3159 Constantinople.

328 3170 447 3209 years
479 3157 526 3195 in
556 3158 909 3208 Constantinople,
943 3169 1032 3197 ΑΛ).
1070 3159 1178 3210 584—
1287 3161 1302 3183 ³
1321 3160 1474 3201 librum
1488 3162 1702 3203 beatiJob.
1719 3192 1728 3201 .
1747 3191 1755 3199 .
1772 3162 2092 3215 resurrectionis]

331 3211 425 3262 587,
458 3211 611 3263 during
642 3212 777 3251 which
810 3212 863 3251 he
895 3213 1101 3265 managed
1134 3219 1177 3253 to
1234 3214 1299 3254 On
1327 3216 1445 3257 these
1464 3221 1548 3257 two
1576 3217 1772 3269 subjecte,
1793 3229 1861 3256 see
1881 3216 2020 3258 Milm.
2040 3217 2087 3257 ii.

328 3279 501 3318 procure
536 3266 769 3319 Byzantine
799 3266 869 3307 aid
906 3268 1070 3319 against
1104 3269 1177 3308 the
1238 3278 1329 3322 107.
