2216 3554
202 187 323 238 CAP.
342 183 402 256 1.]
473 186 703 236 Historia
738 186 1076 258 Ecclesiastioa
1114 185 1280 234 Gentis
1315 185 1601 248 Anylorum.
1858 191 1955 237 291

202 338 358 384 neque
393 319 596 383 remigio
632 318 892 382 quicquam
926 316 1169 380 proficere,
1208 333 1364 379 neque
1399 316 1535 365 aliud
1571 334 1718 381 quam
1753 325 1959 366 mortem

204 419 396 466 sperare
420 402 703 450 valeremus,
777 400 995 463 Cumque
1031 399 1118 447 diu
1155 399 1364 447 multum
1389 416 1500 446 cum
1525 404 1668 448 vento
1693 400 1960 464 pelagoque

204 485 384 533 frustra
419 490 656 533 certantes
690 482 888 531 tandem
921 487 1034 545 post
1069 487 1206 544 terga
1239 481 1602 544 respiceremus,
1644 483 1685 529 si
1720 482 1846 530 forte
1882 483 1961 531 vel

203 567 360 630 ipsam
389 567 449 615 de
474 583 570 630 qua
604 564 785 630 egressi
814 581 1004 613 eramus
1037 564 1247 613 insulam
1272 564 1438 628 aliquo
1471 564 1722 613 conamine
1745 570 1961 628 repetere

204 666 465 713 possemus,
498 648 771 710 invenimus
805 663 892 696 nos
926 646 1335 711 undiqueversum
1370 647 1476 711 pari
1512 651 1802 710 tempestate
1838 663 1960 710 prae—

205 731 375 791 clusos,
417 731 693 794 nullamque
738 747 873 794 spem
918 729 1059 778 nobis
1106 730 1160 777 in
1199 729 1339 778 nobis
1380 734 1560 778 restare
1602 730 1785 778 salutis.
1856 730 1961 778 Ubi

204 816 368 861 autem
402 813 592 877 longius
614 813 775 861 visum
809 812 1091 872 levavimus,
1115 812 1330 861 vidimus
1364 811 1418 859 in
1453 812 1559 875 ipsa
1594 811 1755 860 insula
1786 812 1958 871 Farne,

204 911 451 959 egressum
488 897 548 945 de
585 895 802 944 latibulis
847 896 952 944 suis
998 895 1386 944 amantissimum
1428 894 1534 942 Deo
1576 899 1768 958 patrem
1806 894 1961 944 Oidil-

204 978 403 1026 ualdum
442 977 538 1026 iter
578 986 802 1027 nostrum
838 977 1086 1042 inspicere.
1159 977 1347 1026 Audito
1395 977 1578 1026 etenim
1619 978 1809 1041 fragore
1849 995 1961 1041 pro-

205 1059 433 1108 cellarum
456 1077 511 1109 ac
534 1060 764 1110 ferventis
789 1061 969 1120 oceani,
989 1059 1173 1109 exierat
1192 1060 1355 1109 videre
1380 1059 1502 1124 quid
1525 1059 1666 1108 nobis
1691 1060 1930 1109 accideret
1949 1077 1959 1108 :

205 1158 412 1206 cumque
444 1159 531 1191 nos
555 1143 607 1190 in
630 1142 794 1192 labore
819 1160 873 1192 ac
897 1143 1232 1207 desperatione
1264 1142 1448 1207 positos
1483 1147 1711 1203 cerneret,
1737 1143 1963 1193 flectebat

204 1240 362 1288 genua
385 1242 470 1274 sua
494 1225 557 1274 ad
580 1231 767 1289 patrem
797 1225 998 1274 Domini
1022 1225 1178 1274 nostri
1202 1225 1234 1273 J
1238 1242 1321 1274 esu
1347 1224 1535 1274 Christi
1558 1242 1647 1289 pro
1672 1232 1838 1274 nostra
1861 1225 1963 1274 vita

204 1313 254 1355 et
312 1307 468 1356 salute
513 1312 810 1372 precaturus.
900 1309 967 1356 Et
1014 1325 1124 1357 cum
1171 1307 1443 1356 orationem
1491 1308 1766 1372 compleret,
1814 1307 1963 1357 simul

203 1389 394 1437 tumida
428 1407 622 1454 aequora
656 1390 895 1454 placavit;
946 1391 1068 1439 adeo
1103 1394 1161 1438 ut
1201 1394 1415 1439 cessante
1454 1407 1542 1454 per
1577 1390 1739 1439 omnia
1775 1390 1965 1440 saevitia

203 1472 522 1534 tempestatis,
550 1473 749 1522 secundi
784 1490 872 1521 nos
897 1473 1031 1521 venti
1059 1474 1122 1522 ad
1146 1478 1328 1521 terram
1351 1489 1505 1536 usque
1539 1490 1626 1537 per
1647 1474 1793 1537 plana
1816 1474 1964 1522 maris

203 1560 342 1618 terga
377 1554 739 1604 comitarentur.
813 1556 1034 1620 Cumque
1069 1556 1328 1604 evadentes
1362 1556 1426 1604 ad
1459 1561 1657 1615 terram,
1687 1555 1965 1605 naviculam

205 1652 399 1699 quoque
433 1641 650 1686 nostram
678 1638 740 1686 ab
764 1638 909 1686 undis
933 1642 1313 1702 exportaremus,
1341 1655 1457 1686 mox
1481 1639 1648 1686 eadem
1672 1655 1782 1702 quae
1807 1638 1965 1687 nostri

201 1719 360 1782 gratia
417 1719 664 1768 modicum
722 1721 924 1769 siluerat
977 1726 1241 1785 tempestas
1293 1721 1453 1781 rediit,
1503 1727 1552 1769 et
1598 1726 1703 1769 toto
1752 1721 1835 1769 illo
1886 1722 1964 1770 die

205 1801 414 1849 multum
450 1802 610 1851 furere
644 1820 743 1851 non
778 1803 1013 1864 cessavit3
1062 1810 1119 1852 ut
1160 1804 1322 1868 palam
1356 1805 1554 1852 daretur
1587 1803 1812 1868 intelligi,
1851 1805 1966 1869 quia

204 1883 395 1932 modica
434 1883 520 1932 illa
562 1901 670 1948 quae
716 1889 1007 1948 provenerat
1054 1887 1363 1951 intercapedo
1403 1886 1584 1951 quietis
1631 1887 1694 1935 ad
1731 1887 1827 1935 viri
1870 1888 1964 1936 Dei

204 1983 368 2031 preces
404 1972 583 2016 nostrae
618 1967 858 2017 evasionis
893 1969 1051 2033 gratia
1086 1970 1271 2018 caelitus
1308 1970 1486 2018 donata
1520 1969 1622 2019 est.'

277 2049 462 2098 Mansit
497 2054 660 2099 autem
697 2051 825 2100 idem
848 2052 926 2101 vir
950 2052 1045 2100 Dei
1079 2053 1131 2100 in
1167 2053 1325 2101 insula
1347 2053 1504 2101 Farne
1538 2052 1790 2102 duodecim
1824 2053 1965 2103 annis

205 2131 480 2196 ibidemque
514 2133 799 2183 defunctus:
849 2135 933 2184 sed
968 2135 1020 2183 in
1054 2135 1213 2184 insula
1237 2135 1622 2184 Lindisfarnensi
1700 2183 1826 2219 where
1840 2184 1890 2220 he

201 2216 347 2276 juxta
380 2215 696 2278 praefatorum
730 2234 930 2281 corpora
964 2218 1312 2282 episcoporum,
1339 2219 1393 2266 in
1422 2218 1620 2267 ecclesia
1746 2234 1838 2274 dies,

206 2295 338 2344 beati
366 2297 575 2360 apostoli
605 2298 740 2347 Petri
772 2300 989 2363 sepultus
1025 2307 1109 2348 est.
1185 2301 1334 2349 Gesta
1356 2317 1471 2349 vero
1507 2307 1622 2350 sunt
1706 2287 1878 2327 A‘D‘099’

206 2377 308 2427 haec
348 2379 646 2442 temporibus
682 2380 903 2430 Aldfridi
937 2382 1065 2447 regis
1080 2383 1111 2443 ¹,
1149 2383 1235 2446 qui
1275 2387 1386 2447 post
1422 2383 1621 2432 fratrem
1663 2401 1807 2432 suum
1841 2386 1965 2450 Ecg-

208 2459 390 2509 fridum
428 2462 567 2526 genti
603 2463 1122 2528 Nordanhymbrorum
1159 2466 1322 2514 decem
1357 2468 1406 2513 et
1448 2482 1624 2514 novem
1664 2467 1802 2515 annis
1842 2484 1963 2531 prae-

211 2542 323 2591 fuit.

212 2687 496 2797 Lgpsslc'lgffii
521 2689 649 2743 reyis]
685 2691 764 2731 See
791 2705 832 2744 p.
857 2701 949 2744 277,
979 2697 1076 2733 note
1104 2705 1139 2734 2.
1198 2694 1388 2748 Ecgfrith
1416 2694 1515 2736 died
1543 2695 1651 2749 May
1673 2707 1735 2744 20,
1762 2705 1848 2737 A.D.
1871 2695 1964 2746 685.
