2216 3554
172 186 293 237 CAP.
319 183 488 254 XXIV]
807 182 976 234 Gentis
1007 182 1298 247 Anqlorum.
1829 186 1926 233 369

238 320 382 369 Anno
431 331 524 383 741
571 317 761 368 siccitas
806 332 981 380 magna
1017 303 1200 364 terram
1247 314 1515 380 occupavit.
1587 307 1792 365 Carolus
1839 333 1927 366 rex

170 402 469 451 Francorum
503 401 652 462 obiit3
701 405 750 449 et
772 409 872 463 ‘pro
907 415 964 447 eo
998 397 1089 446 filii
1114 396 1405 447 Caroloman
1434 400 1485 445 et
1507 396 1693 462 Pippin
1721 415 1926 463 regnum

171 490 477 550 acceperunt.

238 567 384 616 Anno
430 579 524 630 745
561 564 775 615 Vilfrid1
815 563 1079 628 episcopus,
1116 566 1165 611 et
1206 561 1473 626 Ingualdus
1514 561 1785 612 Lundoniae
1828 563 1927 628 epi—

172 667 359 714 scopm,
384 649 715 714 migraverunt
738 647 800 696 ad
824 646 1106 695 Dominum.

239 731 389 781 Anno
417 744 513 795 747
541 730 828 780 Herefridus
850 729 930 778 vir
954 729 1049 777 Dei
1074 728 1207 777 obiit.

239 818 386 864 Anno
425 827 520 878 750
558 814 797 863 Cudretus
810 814 840 872 ²,
875 830 963 861 rex
999 810 1382 862 Occidentalium
1417 810 1677 871 Saxonum,
1716 811 1928 860 surrexit

172 903 341 947 contra
387 898 723 946 AEdilbaldum
768 912 935 959 regem
982 901 1032 944 et
1079 896 1365 959 (Engusum.
1452 895 1736 944 Theneorus
1782 900 1927 958 atque

173 982 423 1030 Eanredus
446 982 686 1031 obierunt.
756 980 1059 1029 Eadberctus
1083 996 1308 1043 campum
1334 978 1444 1043 Oyil
1459 980 1476 1006 ⁸
1501 996 1614 1028 cum
1637 978 1746 1028 aliis
1770 979 1927 1042 regio-

172 1064 318 1113 nibus
342 1082 430 1114 suo
453 1082 603 1128 regno
628 1063 833 1113 addidit.

240 1146 390 1195 Anno
430 1151 525 1210 756
544 1149 563 1175 4
597 1164 724 1196 anno
771 1146 911 1210 regni
948 1145 1209 1194 Eadbercti
1249 1144 1436 1209 quinto,
1478 1144 1639 1192 idibus
1687 1143 1719 1192 J
1722 1144 1926 1204 anuarii,

173 1229 361 1293 eclipsis
397 1230 510 1279 solis
534 1230 661 1278 facta
697 1233 782 1278 est.
853 1229 1031 1278 Postea
1055 1228 1220 1276 eodem
1246 1245 1372 1275 anno
1388 1227 1406 1254 ⁵
1429 1230 1478 1275 et
1513 1244 1689 1287 mense,
1714 1227 1804 1277 hoc
1839 1234 1926 1286 est,

172 1328 300 1359 nono
324 1313 643 1361 kalendarum
661 1312 1047 1371 Februariarum,
1066 1311 1184 1359 luna
1208 1310 1425 1374 eclipsim
1448 1310 1668 1374 pertulit,
1687 1310 1927 1359 horrendo

173 1397 222 1441 et
246 1395 508 1458 nigerrimo
534 1401 683 1444 scuto.
1815 1454 1821 1458 ,

242 1477 517 1526 Bonifatius
530 1479 561 1539 ⁶,
611 1477 696 1541 qui
743 1482 791 1526 et
837 1476 1110 1536 Vinffidus,
1160 1476 1458 1524 Francorum
1504 1476 1770 1540 episcopus,
1819 1493 1945 1548 cum·

173 1558 526 1623 quinquaginta
565 1561 728 1608 tribus
768 1560 1003 1623 martyrio
1050 1565 1306 1608 coronatus
1347 1565 1420 1607 est
1435 1575 1448 1619 ;
1499 1564 1548 1607 et
1582 1576 1670 1623 pro
1707 1575 1762 1608 eo
1799 1558 1927 1606 Red-

171 1658 315 1705 gerus
340 1648 643 1691 consecratur
666 1642 1050 1706 archiepiscopus
1074 1660 1103 1690 a
1129 1642 1374 1706 Stephano
1398 1659 1538 1705 papa.

239 1724 385 1773 Anno
413 1736 508 1787 757
537 1725 846 1773 AEdilbaldus
861 1725 879 1751 ⁷
903 1741 990 1772 rex
1019 1725 1313 1773 Merciorum
1337 1743 1366 1773 a
1389 1724 1488 1772 suis
1511 1725 1756 1773 tutoribus
1781 1728 1927 1772 noctu

172 1811 329 1855 morte
374 1807 709 1856 fraudulenter
744 1807 1088 1856 miserabiliter
1133 1812 1414 1871 peremptus
1462 1808 1687 1856 occubuit
1710 1826 1719 1855 :
1775 1808 1928 1855 Beon-

172 1889 315 1938 redus
331 1890 347 1916 ⁸
370 1906 572 1954 regnare
596 1889 770 1953 coepit:
808 1889 1130 1952 Oymuulfus⁹
1153 1907 1240 1938 rex
1270 1890 1653 1939 Occidentalium
1682 1889 1929 1939 Saxonum

173 1972 309 2020 obiit.
380 1972 570 2020 Eodem
605 1972 752 2020 etiam
788 1989 913 2024 anno
941 1972 1112 2032 Offa10,
1138 1973 1306 2036 fugato
1342 1972 1610 2034 Beonredo,
1638 1973 1928 2022 Merciorum

173 2071 378 2118 regnum
402 2055 771 2118 sanguinolento
797 2054 1021 2118 quaesivit
1044 2055 1220 2119 gladio.
1757 2107 1760 2109 .

243 2137 387 2185 Anno
426 2141 521 2198 758
559 2138 857 2186 Eadberctus
874 2138 908 2164 ¹¹
943 2155 1031 2187 rex
1066 2137 1588 2202 Nordanhymbrorum
1618 2138 1715 2186 Dei
1750 2138 1928 2186 amoris

176 2235 317 2267 causa
345 2224 394 2268 et
429 2221 632 2270 caelestis
665 2221 837 2284 patriae
861 2221 1108 2280 violentia,
1134 2227 1329 2285 accepta
1360 2225 1525 2270 sancta
1553 2221 1685 2270 Petri
1713 2226 1927 2280 tonsura,

174 2301 276 2350 filio
302 2319 388 2350 suo
414 2303 618 2351 osuulfo
642 2320 845 2366 regnum
869 2303 1083 2368 reliquit.

243 2382 390 2433 Anno
419 2397 515 2447 759
541 2386 821 2434 Osuulfus¹²
843 2403 872 2434 a
909 2386 1008 2435 suis
1039 2385 1275 2435 ministris
1299 2385 1568 2435 facinorose
1604 2386 1784 2435 occisus
1821 2391 1894 2435 est
1911 2404 1925 2447 3

176 2481 340 2521 Simeon
374 2481 420 2521 of
450 2482 641 2522 Durham
678 2495 783 2534 says,
825 2482 1023 2522 ‘Arwine
1078 2482 1135 2522 id.
1151 2482 1181 2522 J
1184 2479 1491 2534 an.’—making
1509 2481 1543 2522 it
1564 2482 1663 2522 thus
1682 2483 1929 2536 correspond

175 2537 284 2575 filius
322 2537 487 2576 Eadulfi
525 2537 679 2576 occisus
717 2536 806 2582 est?
847 2537 1023 2577 without
1078 2537 1182 2578 with
1201 2537 1274 2576 the
1292 2537 1445 2576 known
1463 2537 1560 2579 fact.

175 2591 435 2643 mentioning
455 2592 694 2640 Eadberht;
723 2592 776 2631 ad
795 2606 833 2634 a.
857 2602 948 2645 740.
1133 2592 1149 2614 ⁵
1176 2593 1313 2633 eodem
1358 2593 1498 2643 anno]
1569 2592 1702 2633 There
1747 2607 1833 2634 was
1875 2607 1930 2633 an

230 2646 245 2668 1
288 2646 464 2699 Vilfrid]
497 2647 622 2700 April
644 2658 708 2699 29,
731 2658 817 2688 ΑΒ.
840 2655 933 2701 744.
980 2648 1022 2690 S.
1079 2648 1230 2700 eclipse
1249 2648 1295 2688 of
1306 2647 1379 2687 the
1397 2661 1520 2687 moon
1548 2661 1600 2688 on
1627 2649 1659 2689 J
1661 2663 1729 2690 an.
1754 2661 1819 2702 24,
1839 2660 1927 2689 ΑΛ).

176 2701 498 2809 Οὴῖῗὶιάνείαε]
557 2756 757 2804 Cuthred,
801 2767 888 2799 ΑΛ).
930 2765 1022 2809 752.
1083 2703 1442 2810 75}·B⁰{Ii:fatiu8]
1507 2768 1594 2799 A.D.
1637 2765 1728 2811 755,
1779 2763 1790 2781 ‘
1808 2759 1928 2799 nonis

176 2812 220 2852 S.
240 2811 392 2851 Chron.
1079 2813 1110 2853 J
1114 2811 1227 2860 unii,’
1248 2813 1360 2854 Flor.
1415 2813 1518 2853 This
1545 2827 1642 2866 may
1666 2815 1761 2854 well
1789 2815 1928 2853 follow

231 2867 246 2889 ³
274 2866 388 2919 cyil]
438 2866 565 2919 Kyle,
601 2880 627 2906 a
657 2867 821 2907 district
849 2867 895 2907 of
915 2868 1026 2921 Ayr-
1080 2868 1152 2908 the
1179 2869 1260 2908 last
1289 2871 1420 2921 entry‚
1454 2869 1492 2908 if
1517 2869 1613 2909 that
1640 2870 1693 2910 be
1720 2869 1928 2909 corrected

178 2922 301 2961 shire.
1082 2927 1125 2963 to
1145 2934 1230 2962 A.D.
1255 2931 1344 2975 753.
1404 2924 1465 2965 H.

232 2975 246 2999 ⁴
274 2976 394 3016 Anno
423 2975 520 3028 756]
571 2977 642 3016 No
677 2977 779 3017 such
811 2977 958 3030 eclipse
987 2977 1023 3017 is
1133 2976 1149 3001 ⁷
1177 2978 1463 3032 AEdilbaldas]
1495 2990 1582 3021 A.D.
1599 2988 1689 3032 755.
1719 2980 1760 3019 S.
1775 2979 1925 3019 Ohron.

175 3031 329 3071 known
365 3031 410 3071 in
448 3042 538 3071 A.D.
573 3032 676 3084 756;
720 3046 796 3072 nor
828 3046 914 3072 was
940 3032 1024 3073 this
1134 3031 1150 3056 ⁸
1176 3035 1430 3087 Beonredus]
1461 3035 1526 3075 Ib.

178 3084 428 3126 Eadberht‘s
460 3086 556 3126 fifth
590 3100 699 3139 year.
758 3087 928 3141 Hussey
956 3087 1024 3127 de·
1133 3088 1149 3112 ⁹
1181 3089 1447 3142 Gymuulfus]
1471 3090 1700 3143 Cynewulf.
1720 3089 1761 3129 S.
1774 3089 1927 3130 Chron.

178 3141 308 3181 clares
345 3142 418 3180 the
456 3141 589 3181 whole
627 3155 799 3195 passage
843 3146 1022 3196 corrupt,
1113 3142 1147 3167 ¹⁰
1178 3144 1288 3197 Offa]
1320 3145 1386 3186 Ib.

177 3197 261 3236 and
280 3196 449 3235 emends
474 3197 595 3236 thus:
631 3200 642 3219 ‘
656 3197 783 3236 Anno
804 3205 894 3250 753,
915 3211 1024 3238 anno
1115 3197 1146 3222 ¹¹
1173 3200 1442 3253 Eadberctus]
1472 3211 1558 3242 ΑΛ).
1583 3207 1671 3251 757.
1721 3199 1761 3240 S.
1775 3198 1927 3240 Chron.

178 3252 295 3304 regni
308 3251 531 3291 Eadbercti
543 3251 700 3292 decimo
711 3252 868 3305 quinto,
879 3253 1025 3305 quinto
1116 3253 1147 3279 ¹²
1179 3254 1392 3310 Osuulfus]
1425 3266 1511 3297 ΑΔ).
1536 3256 1628 3307 758.
1684 3255 1726 3296 S.
1744 3254 1894 3295 Chron.

1007 3324 1094 3374 Bb
