2216 3554
232 225 352 273 CAP.
369 222 502 293 xix]
858 223 1022 274 Gentis
1056 223 1095 273 A
1104 223 1347 288 nylorum.
1881 230 1942 275 33
1952 228 1975 273 1

300 357 489 418 Quibus
513 358 843 422 episcopatum
866 357 1321 406 administrantibus
1350 360 1588 405 statutum
1621 361 1695 406 est
1710 358 1727 385 ¹
1759 360 1980 422 synodali

230 439 435 499 decreto,
486 444 543 488 ut
580 440 829 503 provincia
869 437 1173 487 Australium
1221 439 1485 497 Saxonum,
1529 456 1636 501 quae
1694 486 1771 521 and
1786 486 1921 521 Porth-

233 529 430 570 eatenus
481 523 542 570 ad
579 523 790 571 civitatis
836 523 1090 581 Ventanae‚
1133 522 1208 569 cui
1256 527 1374 569 tunc
1421 521 1631 569 Danihel
1711 535 1801 570 here
1816 546 1901 592 suf:-

231 610 448 666 praeerat,
474 605 747 668 parochiam
775 604 1050 668 pertinebat
1065 601 1097 662 ²,
1123 607 1172 652 et
1202 604 1308 667 ipsa
1341 603 1500 652 sedem
1536 603 1636 667 epi·
1701 585 1811 620 oeeds
1824 585 1919 619 h1m.

231 687 468 749 scopalem
502 704 557 735 ac
593 687 843 750 proprium
877 686 1076 735 haberet
1112 686 1417 749 episcopum:
1468 693 1866 752 consecratusque
1909 691 1982 737 est

230 768 298 815 eis
321 769 508 831 primus
530 770 731 817 antistes
758 770 1009 828 Eadberct,
1037 769 1122 833 qui
1154 775 1257 818 erat
1289 769 1435 818 abbas
1466 786 1633 817 mona-
1704 809 1798 845 New
1813 819 1874 845 see
1889 810 1930 844 of

231 851 366 898 sterii
388 851 542 899 beatae
565 851 806 899 memoriae
826 840 1028 902 Vilfridi
1052 852 1273 916 episcopi,
1294 853 1425 915 quod
1450 852 1632 900 dicitur
1687 859 1823 915 Sussex
1841 869 1927 894 con-

232 933 502 982 Selaeseu⁸:
552 951 647 997 quo
694 935 931 994 defuncto,
979 935 1120 983 Eolla
1166 935 1374 998 suscepit
1425 935 1634 983 officium
1716 909 1905 1000 ffifftff„

231 1016 552 1077 pontificatus.
634 1017 751 1081 Ipso
793 1023 956 1066 autem
994 1023 1109 1066 ante
1149 1017 1336 1081 aliquot
1377 1034 1528 1066 annos
1575 1036 1636 1067 ex
1715 1007 1903 1049 Westh,

233 1099 322 1146 hac
345 1099 451 1148 luce
475 1100 736 1159 subtractO,
764 1100 1064 1164 episcopatus
1089 1117 1241 1165 usque
1264 1100 1407 1150 hodie
1431 1103 1649 1152 cessavit.

925 1404 1070 1454 CAP.
1107 1405 1260 1454 XIX.

288 1542 339 1584 Ut
359 1543 541 1584 Coinred
559 1543 818 1592 Merciorum,
842 1549 878 1584 et
897 1543 989 1594 Offa
1012 1543 1287 1585 Orientalium
1305 1544 1518 1586 Saxonum
1539 1558 1609 1586 rex
1627 1547 1674 1587 in
1694 1548 1927 1588 monachico

338 1612 486 1653 habitu
503 1613 643 1653 Romae
660 1613 789 1653 vitam
799 1613 990 1664 finierint
1001 1628 1020 1659 ;
1048 1619 1085 1653 et
1105 1614 1155 1654 de
1172 1615 1260 1654 vita
1279 1615 1340 1654 vel
1359 1615 1473 1655 obitu
1495 1615 1675 1669 Vilfl'idi
1694 1616 1881 1669 episcopi.

300 1737 458 1786 ANNo
500 1742 661 1787 autem
708 1738 901 1803 imperii
949 1740 1121 1790 Osredi
1168 1745 1355 1804 quarto,
1401 1740 1609 1789 Coinred
1623 1742 1656 1802 ⁴,
1701 1742 1787 1806 qui
1834 1760 1983 1807 regno

232 1820 524 1869 Merciorum
550 1821 846 1870 nobilissime
868 1827 1083 1886 tempore
1101 1822 1348 1885 aliquanto
1364 1823 1637 1885 praefuerat,
1698 1850 1926 1886 Abdication

232 1903 444 1951 nobilius
475 1904 632 1951 multo
668 1903 805 1966 regni
840 1909 1028 1967 sceptra
1058 1904 1273 1968 reliquit.
1345 1905 1474 1953 Nam
1506 1906 1641 1954 venit
1684 1900 1887 1985 ⁰³}‘13253i2
1904 1900 1946 1935 or

232 1986 451 2044 Romam,
511 1986 675 2050 ibique
732 1986 978 2047 adtonsus,
1039 1987 1375 2050 pontificatum
1435 1987 1642 2036 habente
1728 2008 1812 2057 Ag..
1830 2013 1904 2042 709.

233 2068 568 2127 Constantino,
605 2085 660 2117 ac
700 2069 963 2118 monachus
1002 2070 1171 2129 factus,
1214 2071 1275 2118 ad
1317 2070 1489 2118 limina
1528 2087 1640 2133 apo·
1709 2048 1918 2142 οΗθὲἆὲΞῖζ

232 2150 480 2208 stolorum,
507 2150 557 2197 in
580 2150 815 2213 precibus,
842 2150 1040 2213 jeJ'uniis
1072 2154 1123 2199 et
1154 2151 1464 2214 eleemosynis
1488 2168 1641 2215 usque
1726 2147 1892 2184 Oeolred.

233 2232 293 2279 ad
328 2231 457 2280 diem
489 2233 757 2295 permansit
782 2233 1011 2281 ultimum
1027 2250 1040 2294 3
1079 2234 1360 2282 succedente
1392 2233 1445 2281 in
1479 2251 1687 2297 regnum
1719 2234 1986 2283 Ceolredo⁵

234 2314 334 2361 filio
358 2314 608 2374 AEdilredi,
635 2315 720 2378 qui
743 2320 855 2364 ante
878 2316 1041 2379 ipsum
1068 2316 1362 2365 Ooinredum
1385 2316 1516 2365 idem
1540 2334 1745 2381 regnum
1771 2318 1982 2367 tenebat.

234 2396 385 2444 Venit
398 2402 561 2445 autem
576 2414 685 2445 cum
704 2398 788 2446 illo
807 2404 855 2446 et
873 2398 1003 2446 filius
1023 2398 1215 2463 Sigheri
1239 2399 1365 2462 regis
1382 2399 1705 2448 Orientalium
1724 2399 1984 2461 Saxonum,

234 2479 370 2541 cujus
407 2481 584 2543 supra⁶
619 2480 942 2540 meminimus,
977 2481 1210 2529 vocabulo
1241 2481 1349 2529 Offa
1363 2482 1394 2540 ⁷,
1421 2481 1614 2544 juvenis
1644 2483 1986 2532 amantissimae

235 2561 393 2610 aetatis
418 2566 467 2610 et
490 2563 772 2622 venustatis,
799 2567 1011 2627 totaeque
1043 2580 1141 2612 suae
1165 2563 1299 2628 genti
1324 2564 1384 2612 ad
1417 2564 1624 2613 tenenda
1655 2566 1985 2629 servandaque

235 2644 371 2708 regni
396 2650 584 2709 sceptra
608 2646 1013 2709 exoptatissimus.
1063 2646 1160 2708 Qui
1185 2647 1292 2709 pari
1316 2647 1490 2696 ductus
1514 2647 1769 2696 devotione
1794 2649 1983 2708 mentis,

292 2791 304 2813 ¹
331 2795 530 2832 statutum
550 2791 622 2845 est]
642 2792 935 2832 Westminster
949 2792 1084 2843 places
1137 2807 1261 2845 year;
1300 2794 1518 2847 according
1544 2798 1588 2835 to
1616 2794 1812 2835 Boniface
1840 2794 1985 2834 driven

235 2846 321 2886 this
355 2846 481 2898 synod
516 2847 598 2886 and
626 2847 698 2886 the
730 2846 1010 2887 consecration
1045 2848 1091 2888 of
1140 2849 1235 2888 mad.
1255 2849 1309 2901 by
1322 2849 1394 2889 the
1408 2849 1632 2902 judgment
1647 2851 1692 2889 of
1703 2849 1808 2895 God,
1826 2849 1903 2900 Ep.
1924 2859 1984 2901 19.

237 2901 454 2941 Eadberht
472 2901 517 2940 in
536 2912 622 2941 ΔΑ).
649 2909 738 2952 711.
795 2901 836 2943 S.
1194 2903 1209 2926 ⁶
1237 2903 1383 2956 supra]
1407 2905 1483 2945 See
1501 2919 1569 2958 pp.
1594 2916 1686 2957 209,
1714 2907 1803 2945 228.

290 2956 306 2979 ²
328 2957 574 3009 pertinebat]
597 2956 674 2996 See
692 2970 730 3008 p.
755 2969 845 3009 245.
1191 2956 1208 2980 ⁷
1238 2958 1349 3012 Offa]
1381 2959 1470 2999 The
1498 2973 1569 3000 son
1599 2960 1647 2999 of
1671 2959 1878 3011 Sigehere‚
1899 2970 1986 2996 suc-

290 3012 305 3034 ³
332 3011 520 3063 Seloeseu]
542 3011 618 3050 See
639 3025 678 3062 p.
703 3023 792 3061 241.
1137 3014 1298 3061 ceeded,
1329 3014 1456 3054 about
1485 3026 1573 3056 ΔΛ).
1602 3023 1692 3066 704,
1726 3015 1789 3053 his
1817 3010 1986 3052 father’s

290 3066 305 3089 ⁴
333 3066 528 3119 Coinsed]
562 3066 707 3106 Called
727 3066 911 3106 Coenred
939 3066 1082 3114 above,
1138 3069 1228 3108 first
1273 3069 1418 3109 cousin
1460 3069 1668 3115 Swaefred,
1706 3069 1778 3108 the
1824 3081 1897 3107 son
1944 3066 1992 3105 of

237 3137 276 3175 p.
300 3133 391 3173 319.
450 3122 526 3161 See
547 3125 644 3160 note
667 3132 684 3159 1
708 3122 838 3161 there.
1139 3123 1283 3170 Sebbe,
1308 3137 1347 3176 p.
1370 3135 1460 3176 325.
1518 3125 1648 3176 Lapp.
1705 3123 1774 3162 He
1804 3125 1914 3160 went
1942 3124 1986 3159 to

291 3178 306 3201 ⁵
334 3177 543 3229 ceolredo]
566 3176 636 3216 He
656 3176 804 3228 fought
823 3177 924 3216 with
946 3177 1022 3216 Ine
1042 3177 1089 3216 of
1139 3178 1270 3218 Rome
1301 3179 1347 3218 in
1378 3193 1583 3231 company
1612 3178 1714 3217 with
1749 3176 1908 3216 Oenred
1942 3175 1991 3214 of

235 3233 422 3279 Wessex,
464 3232 508 3271 in
545 3242 631 3271 ΑΔ).
674 3239 764 3282 715,
803 3235 848 3271 at
885 3232 1083 3271 Wodnes-
1138 3233 1309 3273 Wessex
1356 3234 1439 3273 and
1489 3233 1697 3285 Ecgwine,
1747 3231 1901 3283 bishop‘
1942 3229 1991 3269 of

236 3288 356 3336 burh,
387 3287 427 3326 S.
450 3287 620 3337 Chi-on„
648 3286 731 3326 and
758 3286 854 3326 died
883 3286 955 3326 the
982 3291 1084 3327 next
1140 3287 1383 3338 Worcester,
1406 3290 1450 3327 in
1468 3299 1557 3328 A.D.
1581 3296 1670 3340 709.
1728 3287 1770 3326 S.
