2216 3554
176 168 302 219 OAp.
328 167 506 239 xx111.]
817 172 984 222 Gentis
1018 171 1298 236 Anqlorum.
1830 182 1923 227 261

177 306 227 350 et
262 303 363 366 ipse
398 303 640 367 quondam
671 304 883 367 ejusdem
911 304 1091 367 reginae
1126 304 1346 353 minister
1380 305 1571 354 fuerat:
1613 308 1851 372 petiitque
1880 314 1930 358 et

175 386 360 448 accepit
383 388 443 434 ab
468 403 525 434 eo
555 386 766 450 pretium
797 403 895 436 suae
924 387 1285 450 redemptionis,
1311 404 1366 435 ac
1395 404 1481 436 suo
1510 388 1706 437 domino
1738 407 1828 453 pro
1863 408 1927 450 se,

174 471 230 514 ut
253 470 551 530 promiserat,
578 470 723 518 misit.
1217 479 1219 483 ’

243 550 340 612 Qui
372 558 483 615 post
513 553 614 601 haec
645 552 853 616 patriam
884 568 1105 600 reversus
1140 556 1287 616 atque
1319 551 1381 600 ad
1401 569 1555 601 suum
1583 553 1783 602 fratrem
1819 572 1925 617 per-

170 633 382 694 veniens,
407 634 660 699 replieavit
692 652 753 683 ex
784 635 951 683 ordine
984 640 1156 683 cuncta
1185 652 1293 698 quae
1323 635 1416 684 sibi
1440 636 1654 696 adversa,
1680 653 1848 699 quaeve
1873 637 1925 684 in

170 715 384 765 adversis
424 717 596 766 solatia
633 717 1000 781 provenissent:
1052 718 1373 781 cognovitque
1413 718 1649 766 referente
1690 718 1788 778 illo,
1827 719 1926 767 illis

170 800 378 848 maxime
403 801 703 864 temporibus
728 817 815 848 sua
835 800 986 848 ‘fuisse
1010 800 1204 848 vincula
1228 801 1387 850 soluta
1412 801 1589 864 quibus
1612 818 1702 864 pro
1731 818 1782 849 se
1810 802 1924 850 mis-

167 897 330 930 sarum
354 884 545 931 fuerant
570 883 807 931 celebrata
839 882 1103 931 sollemnia.
1179 883 1276 932 Sed
1300 891 1351 932 et
1373 884 1469 932 alia
1493 901 1601 947 quae
1625 884 1925 947 periclitanti

166 964 210 1010 ei
252 966 501 1014 commoda
538 965 852 1030 contigissent
893 969 942 1013 et
982 982 1226 1029 prospera,
1269 983 1356 1029 per
1395 966 1792 1014 intercessionem
1828 967 1923 1014 fra-

165 1051 353 1093 ternam
378 1050 426 1094 et
450 1046 747 1094 oblationem
771 1046 940 1094 hostiae
965 1047 1189 1095 salutaris
1218 1048 1405 1097 caelitus
1442 1048 1534 1097 sibi
1565 1049 1711 1098 fuisse
1743 1049 1924 1097 donata

165 1127 421 1177 intellexit.
492 1129 735 1192 Multique
767 1128 868 1177 haec
890 1146 920 1176 a
943 1130 1147 1192 praefato
1170 1130 1276 1178 viro
1305 1131 1556 1180 audientes
1589 1131 1772 1180 accensi
1805 1134 1922 1180 sunt

163 1210 215 1257 in
250 1210 345 1259 fide
379 1228 434 1259 ac
469 1211 722 1260 devotione
756 1211 952 1273 pietatis
993 1212 1054 1259 ad
1083 1213 1349 1273 orandum,
1383 1214 1462 1262 vel
1502 1215 1563 1262 ad
1599 1215 1921 1278 eleemosynas

161 1292 417 1352 faciendas,
447 1294 524 1342 vel
562 1293 624 1341 ad
659 1293 922 1342 offerendas
958 1294 1169 1344 Domino
1205 1296 1429 1345 victimas
1464 1314 1610 1346 sacrae
1645 1297 1917 1356 oblationis,

160 1394 248 1439 pro
275 1377 519 1440 ereptione
544 1393 744 1424 suorum
768 1376 854 1440 qui
882 1377 941 1424 de
976 1378 1149 1426 saeculo
1182 1379 1538 1442 migraverant:
1573 1380 1919 1429 intellexerunt

160 1460 290 1507 enim
337 1459 451 1523 quia
497 1458 784 1507 sacrificium
831 1460 1040 1507 salutare
1091 1461 1154 1508 ad
1205 1462 1593 1525 redemptionem
1637 1462 1820 1511 valeret
1867 1468 1916 1511 et

157 1542 330 1590 animae
367 1547 417 1591 et
451 1542 663 1606 corporis
699 1543 1053 1605 sempiternam.

225 1626 370 1673 Hanc
404 1625 525 1672 mihi
561 1625 816 1673 historiam
852 1626 1001 1673 etiam
1034 1626 1233 1689 quidam
1266 1642 1448 1686 eorum,
1473 1627 1559 1691 qui
1587 1628 1648 1676 ab
1675 1627 1780 1691 ipso
1804 1627 1913 1676 viro

155 1706 206 1754 in
248 1724 344 1770 quo
382 1708 510 1755 facta
550 1711 622 1756 est
662 1707 869 1767 audiere,
913 1714 1210 1757 narrarunt:
1260 1710 1391 1757 unde
1435 1727 1542 1758 eam
1578 1710 1692 1775 quia
1727 1711 1912 1774 liquido

153 1789 380 1853 comperi,
404 1790 739 1839 indubitanter
769 1790 1000 1839 Historiae
1026 1796 1204 1840 nostrae
1231 1790 1912 1842 Ecclesiasticae-inserendam
1972 1832 1975 1834 -

154 1872 351 1922 credidi.

827 2111 983 2161 CAP.
1017 2113 1231 2161 XXIII.

631 2256 697 2296 De
717 2255 818 2303 vita,
839 2262 875 2296 et
894 2256 1008 2297 obitu
1027 2257 1175 2298 Hildae
1197 2257 1422 2298 abbatissae.

220 2379 376 2429 ANNO
417 2384 528 2444 post
564 2379 695 2428 hunc
735 2387 977 2444 sequente,
1021 2381 1111 2430 hoe
1149 2387 1236 2441 est,
1269 2398 1396 2429 anno
1439 2380 1708 2430 Dominicae
1750 2381 1904 2431 incar-

149 2463 360 2510 nationis
392 2463 736 2511 sexcentesimo
767 2463 1072 2526 octogesimo,
1106 2463 1471 2528 religiosissima
1505 2462 1690 2511 Christi
1721 2464 1904 2513 famula

148 2545 285 2602 Hild‚
310 2544 552 2593 abbatissa
575 2546 859 2594 monasterii
883 2546 1012 2610 quod
1036 2545 1624 2605 diciturStreaneshalch,
1645 2549 1702 2594 ut
1726 2563 1871 2611 supra
1887 2549 1904 2575 ¹

147 2626 414 2686 retulimus,
456 2633 567 2690 post
605 2628 762 2676 multa
803 2622 912 2692 quae
952 2629 1068 2677 fecit
1109 2630 1161 2676 in
1201 2629 1346 2677 terris
1388 2645 1534 2692 opera
1575 2629 1797 2689 caelestia,
1840 2630 1902 2678 ad

143 2709 452 2772 percipienda
475 2711 675 2773 praemia
697 2711 811 2760 vitae
841 2711 1044 2760 caelestis
1074 2712 1133 2759 de
1165 2711 1308 2760 terris
1341 2711 1502 2760 ablata
1531 2711 1760 2760 transivit
1790 2710 1902 2761 die2

143 2790 519 2854 quinta-decima
553 2791 871 2840 kalendarum
905 2792 1261 2855 Decembrium,
1286 2812 1396 2843 cum
1430 2798 1557 2844 esset
1609 2819 1715 2859 End,
1732 2820 1851 2855 ofthe

143 2890 378 2920 annorum
430 2873 681 2938 sexaginta
730 2891 846 2923 sex:
907 2875 1084 2939 quibus
1138 2894 1276 2940 aequa
1325 2879 1546 2941 portione
1619 2869 1827 2952 Γέἔῑᾞοξῗξῗ

142 2955 325 3014 divisis,
378 2955 583 3020 triginta
633 2963 732 3005 tres
783 2957 966 3021 primos
1018 2958 1070 3006 in
1117 2960 1333 3008 saeculari
1379 2961 1551 3011 habitu
1591 2966 1855 3006 humberland,

142 3038 434 3086 nobilissime
466 3045 746 3088 conversata
780 3041 1052 3104 complevit,
1078 3047 1126 3090 et
1155 3043 1360 3092 totidem
1394 3051 1647 3110 sequentes
1683 3046 1893 3095 nobilius

141 3121 193 3168 in
228 3120 505 3169 monachica
538 3121 641 3170 vita
676 3122 889 3172 Domino
930 3125 1236 3176 consecravit.
1309 3127 1439 3177 Nam
1475 3135 1523 3176 et
1559 3129 1734 3176 nobilis
1771 3134 1891 3178 natu

262 3258 276 3283 ¹
305 3259 449 3313 supra]
482 3259 556 3300 See
575 3273 643 3314 pp.
670 3260 757 3315 189,
783 3273 872 3315 193.
1282 3264 1298 3287 ²
1325 3265 1412 3319 die]
1444 3266 1488 3305 N
1491 3280 1551 3306 ov.
1582 3274 1642 3318 17.
