2216 3554
340 163 435 208 368
920 160 1147 210 Historia
1181 162 1524 212 Ecclesiastica
1587 143 1589 145 Ι
1760 171 1762 173 ’
1889 162 2025 232 [Lm.
2041 182 2089 214 v.

403 560 562 610 ANNO
606 573 698 626 731
741 560 970 610 Ceoluulf
997 579 1083 611 rex
1119 566 1290 627 captus
1326 566 1376 612 et
1417 564 1650 612 adtonsus
1685 568 1734 612 et
1774 565 2004 614 remissus
2039 566 2091 614 in

407 683 466 724 Ap
466 681 608 724 pendix
678 662 898 709 regnum.
969 643 1099 694 Acca
1122 645 1374 709 episcopus
1398 647 1458 695 de
1483 663 1569 694 sua
1592 647 1703 695 sede
1727 647 1937 711 fugatus.

390 735 441 778 by
452 735 615 771 another
745 728 890 777 Anno
953 739 1048 791 732
1104 724 1341 791 Ecgberct
1355 729 1373 756 ¹
1430 747 1518 793 pro
1570 729 1782 779 Vilfrido
1841 731 2091 795 episcopus

450 784 566 819 hand.
675 811 845 860 factus,

402 893 554 942 Anno
592 905 689 956 733
727 892 921 956 eclipsis
959 893 1086 940 facta
1122 898 1196 942 est
1238 893 1352 941 solis
1392 893 1482 941 xix
1521 894 1754 943 kalendas
1796 894 2092 959 Septembris

334 977 460 1024 circa
494 977 663 1024 horam
698 975 794 1024 diei
828 974 1059 1035 tertiam3
1100 974 1171 1023 ita
1206 979 1264 1023 ut
1299 992 1422 1039 pene
1458 981 1592 1026 totus
1631 978 1762 1026 orbis
1800 978 1918 1027 solis
1957 979 2092 1043 quasi

333 1059 597 1124 nigerrimo
622 1062 671 1106 et
694 1057 933 1105 horrendo
958 1062 1096 1106 scuto
1119 1057 1370 1106 videretur
1393 1075 1495 1107 esse
1519 1066 1786 1124 coopertus,

401 1139 547 1189 Anno
575 1152 671 1203 734
700 1140 818 1187 luna
850 1139 1114 1203 sanguineo
1147 1141 1324 1188 rubore
1355 1142 1567 1204 perfusa,
1592 1143 1731 1206 quasi
1758 1143 1879 1191 hora
1903 1142 2093 1205 integra

331 1223 384 1272 ii.
409 1224 726 1272 kalendarum
762 1222 1135 1270 Februariarum
1169 1222 1299 1271 circa
1329 1224 1447 1287 galli
1483 1229 1695 1286 cantum,
1728 1225 1901 1274 dehinc
1933 1225 2093 1289 nigre-

331 1306 442 1354 dine
467 1306 789 1369 subsequente
813 1305 875 1353 ad
899 1305 1056 1354 lucem
1080 1306 1331 1371 propriam
1355 1324 1549 1356 reversa
1562 1309 1594 1356 ².

399 1387 551 1436 Anno
575 1389 744 1437 eodem
769 1387 969 1436 Tatuini
993 1387 1247 1452 episcopus
1273 1389 1409 1439 obiit.
1826 1423 1828 1426 -

398 1470 545 1519 Anno
590 1483 686 1533 735
735 1470 1028 1521 Nothelmus
1043 1471 1060 1498 ³
1109 1471 1494 1536 archiepiscopus
1537 1472 1794 1521 ordinatur
1808 1490 1821 1534 3
1869 1477 1919 1522 et
1964 1474 2091 1538 Ecg-

329 1556 524 1604 berctus
549 1555 816 1619 episcopus,
841 1558 1036 1618 accepto
1061 1554 1124 1603 ab
1158 1555 1424 1619 apostoliea
1457 1556 1568 1604 sede
1599 1556 1747 1619 pallio
1771 1556 1958 1620 primus
1980 1561 2092 1621 post

330 1638 591 1687 Paulinum
639 1638 692 1685 in
733 1636 1201 1701 archiepiscopatum
1244 1637 1558 1687 confirmatus
1600 1643 1702 1699 est;
1753 1639 2092 1703 ordinavitque

330 1720 681 1769 Fruidbertum
716 1725 767 1769 et
807 1719 1200 1769 Fruiduualdum
1247 1720 1510 1785 episcopos,
1554 1725 1604 1769 et
1651 1720 1797 1769 Baeda
1841 1722 2091 1786 presbyter

329 1802 464 1850 obiit.

396 1885 544 1933 Anno
574 1896 668 1948 737
707 1885 859 1934 nimia
895 1885 1085 1935 siccitas
1126 1889 1307 1934 terram
1349 1884 1464 1934 fecit
1501 1884 1845 1947 infecundam3
1883 1892 1931 1936 et
1971 1887 2089 1937 Ceo—

328 1968 514 2017 luulfus
539 1985 626 2016 sua
649 1968 902 2016 voluntate
927 1969 1174 2028 adtonsus,
1201 1984 1407 2031 regnum
1430 1968 1704 2016 Eadbercto
1729 1968 1943 2032 reliquit.

395 2050 546 2098 Anno
574 2060 672 2113 739
700 2051 1021 2099 Edilhartus⁴²
1056 2050 1442 2100 Occidentalium
1482 2050 1727 2101 Saxonum
1752 2068 1835 2099 rex
1854 2051 1977 2100 obiit
1991 2069 2004 2113 ;
2042 2058 2091 2102 et

327 2132 378 2181 N
381 2133 622 2182 othelmus
638 2133 656 2158 ⁵
680 2132 1080 2197 archiepiscopus.

395 2213 543 2262 Anno
571 2226 670 2277 740
696 2215 1000 2265 Cudberctus
1017 2218 1033 2243 ⁶
1056 2233 1144 2280 pro
1163 2216 1214 2263 N
1217 2215 1428 2264 othelmo
1448 2221 1750 2265 consecratus
1769 2222 1855 2266 est.
1926 2218 2087 2266 AEdil-

327 2297 498 2345 baldus
515 2299 532 2325 ⁷
567 2315 654 2346 rex
690 2298 1000 2357 Merciorum‚
1030 2316 1118 2363 per
1151 2299 1354 2363 impiam
1388 2299 1608 2347 fraudem
1642 2300 1863 2349 vastabat
1897 2306 2087 2364 partem

326 2380 847 2444 Nordanhymbrorum
861 2399 874 2442 ;
912 2386 1112 2446 eratque
1144 2399 1230 2430 rex
1260 2399 1428 2431 eorum
1460 2382 1761 2431 Eadberctus
1776 2383 1793 2410 ⁸
1828 2389 2087 2448 occupatus

326 2479 435 2511 cum
471 2479 559 2510 suo
601 2464 820 2512 exercitu
862 2468 1031 2513 contra
1071 2465 1250 2515 Pictos.
1336 2464 1712 2514 AEdiluualdus⁹
1750 2482 1941 2531 quoque
1988 2468 2086 2531 epi-

324 2561 495 2608 scopus
525 2545 661 2604 obiit,
689 2550 739 2594 et
770 2563 861 2610 pro
890 2563 945 2595 eo
970 2547 1245 2597 Conuulfus
1273 2547 1528 2597 ordinatur
1551 2547 1768 2634 antistes.
1860 2549 2086 2599 Aruwini

325 2630 376 2681 et
398 2627 699 2676 Eadberctus
714 2628 750 2655 1⁰
774 2628 1072 2694 interempti.

379 2785 395 2809 ²
422 2785 635 2838 Ecyberct]
694 2786 785 2826 The
836 2788 1083 2843 archbishop
1135 2790 1184 2830 of
1286 2790 1302 2814 ⁵
1329 2790 1588 2844 Nothelmus]
1616 2801 1703 2832 A.D.
1731 2798 1821 2844 741.
1878 2792 1919 2834 S.
1933 2791 2083 2833 Chron.

323 2841 457 2890 York,
495 2846 540 2881 to
585 2841 723 2881 whom
767 2842 883 2885 Beda
927 2848 1058 2884 >wrote
1103 2845 1176 2885 the
1286 2846 1303 2870 ⁶
1334 2845 1601 2899 Oudberctus]
1632 2857 1719 2888 Λα).
1743 2855 1837 2899 741.
1874 2847 1916 2886 S.
1931 2848 2081 2888 Chron.

323 2897 471 2949 epistle
490 2896 616 2948 given
635 2896 779 2937 below.
1287 2899 1304 2923 '¹
1331 2901 1622 2954 AEdilbaldus]
1644 2912 1731 2943 ΑΛ).
1748 2910 1769 2954 7
1775 2909 1839 2954 37.
1878 2903 1919 2942 S.
1931 2903 2083 2943 Chron.

377 2951 394 2974 ²
421 2951 600 3003 reversa]
622 2951 739 2991 Here
753 2952 853 2991 ends
869 2951 1028 2994 Moore’
1031 2967 1050 2993 s
1062 2954 1171 3002 Μ8.;
1284 2955 1300 2979 ⁸
1328 2955 1603 3008 Eadberctus]
1637 2957 1714 2996 See
1733 2956 1866 3009 Lapp.
1886 2957 1914 2997 i.
1939 2969 2029 3008 213.

322 3006 407 3046 and
437 3006 553 3046 Beda
585 3005 683 3045 died
710 3007 755 3046 in
779 3017 868 3048 A..D
892 3015 983 3062 735.
1042 3010 1174 3050 What
1283 3010 1300 3034 ⁹
1327 3011 1653 3064 AEdiluualdus]
1669 3022 1756 3051 A..D
1770 3019 1862 3064 737.
1878 3012 1920 3053 8.
1930 3012 2081 3054 Chron.

321 3061 481 3101 follows
536 3060 743 3101 therefore
798 3062 836 3102 is
891 3063 954 3116 by
999 3064 1174 3105 another
1268 3064 1302 3089 ¹⁰
1328 3066 1526 3106 Aruwi‘ni
1544 3073 1582 3107 et
1595 3066 1862 3120 Eadberotus]
1893 3067 2081 3120 Lappen-

322 3115 449 3156 hand.
1227 3120 1341 3173 berg,
1376 3121 1408 3164 i.
1434 3133 1543 3172 ,21,3
1582 3126 1695 3170 note,
1733 3121 1875 3161 thinks
1923 3122 2009 3162 this
2055 3135 2081 3161 a

375 3170 391 3194 ⁸
419 3171 676 3225 Nothelmus]
706 3181 750 3213 A.
751 3181 795 3212 D.
814 3170 906 3224 736.
962 3172 1004 3213 8.
1019 3172 1171 3213 Chron.
1226 3175 1393 3215 clerical
1411 3189 1550 3226 error3
1579 3177 1656 3225 for,
1675 3190 1721 3216 as
1746 3176 1913 3217 noticed
1930 3176 2078 3225 below,

377 3224 393 3248 ⁴
414 3225 687 3281 Edilhartus]
719 3237 761 3271 A.
762 3237 806 3267 D.
830 3236 921 3284 741.
963 3227 1005 3270 8.
1018 3227 1169 3270 Chron.
1226 3229 1443 3276 Eadberht
1497 3231 1717 3277 abdicated
1763 3231 1809 3277 in
1854 3242 1885 3271 A
1887 3242 1942 3273 D.
1986 3233 2077 3283 758.
