2216 3554
118 172 237 221 CAP.
255 167 350 239 1v.]
753 165 918 219 'Gentis
949 167 1237 231 Anylorwn.
1796 174 1863 220 97
1911 151 1929 162 ⁶

117 305 325 363 collecta,
352 302 561 352 ecclesiae
585 299 751 351 curam
773 302 984 364 gerebat,
1010 302 1093 350 sed
1124 308 1173 350 et
1195 304 1417 349 veterum
1440 299 1699 349 Brittaniae
1732 301 1865 350 inco-

115 387 284 446 larum,
318 403 504 435 necnon
540 389 589 433 et
620 384 898 434 Scottorum
927 384 1013 447 qui
1046 384 1333 432 Hiberniam
1370 381 1579 430 insulam
1610 383 1867 431 Brittaniae

116 469 387 531 proximam
410 468 640 526 incolunt,
655 465 847 530 populis
871 466 1163 529 pastoralem
1185 465 1465 528 impendere
1488 464 1866 513 sollicitudinem

115 551 328 600 curabat.
397 549 648 613 Siquidem
679 547 766 597 ubi
796 547 1077 597 Scottorum
1117 548 1170 595 in
1204 547 1406 611 praefata
1432 547 1651 609 ipsorum
1690 548 1866 610 patria,

115 633 354 695 quomodo
377 637 426 680 et
450 633 735 680 Brettonum
767 630 822 678 in
843 631 948 693 ipsa
980 630 1224 678 Brittania
1248 630 1402 677 vitam
1433 645 1488 676 ac
1519 630 1865 692 professionem

115 715 274 763 minus
315 714 681 763 ecclesiasticam
727 712 780 759 in
824 712 992 760 multis
1043 729 1144 761 esse
1191 712 1431 775 cognovit,
1475 712 1684 760 maxime
1730 714 1864 776 quod

114 796 302 859 paschae
321 795 693 843 sollemnitatem
717 812 814 843 non
839 811 926 843 suo
949 799 1166 858 tempore
1192 794 1502 851 celebrarent,
1521 795 1617 852 sed,
1643 801 1700 843 ut
1719 811 1867 859 supra

114 877 361 925 docuimus
376 879 406 937 ¹,
430 895 458 925 a
481 877 864 941 decima-quarta
886 877 1002 924 luna
1029 893 1182 940 usque
1206 876 1267 924 ad
1291 875 1571 935 vicesimam
1595 877 1865 926 Dominicae

113 959 472 1008 resurrectionis
523 960 652 1008 diem
701 959 1055 1008 observandum
1106 976 1210 1007 esse
1261 963 1490 1022 putarent
1506 974 1517 983 ·

1504 996 1517 1017 ’
1556 997 1685 1032 writes
1697 998 1831 1034 letters

111 1041 303 1104 scripsit
334 1059 443 1090 cum
478 1042 770 1106 coepiscopis
802 1042 902 1090 suis
932 1041 1314 1090 exhortatoriam
1346 1041 1408 1088 ad
1444 1057 1523 1088 eos
1575 1048 1616 1082 1-,0
1629 1047 1696 1081 the
1707 1047 1811 1081 Scot-

111 1122 393 1184 epistolam:
449 1126 701 1173 obsecrans
747 1142 841 1185 eos,
882 1128 931 1172 et
968 1130 1240 1173 contestans
1281 1123 1521 1172 unitatem
1566 1096 1646 1131 t1sh
1658 1096 1823 1131 Church.

66 1220 72 1223 “
110 1206 240 1267 pacis
272 1212 321 1254 et
357 1207 603 1256 catholicae
640 1206 990 1256 observationis
1023 1225 1133 1255 cum
1165 1224 1222 1255 ea
1258 1223 1366 1270 quae
1402 1209 1508 1253 toto
1541 1204 1656 1253 orbe
1691 1203 1867 1251 diffusa

112 1294 185 1335 est
208 1288 420 1338 Ecclesia
448 1290 646 1350 Christi,
671 1295 835 1339 tenere
845 1306 858 1350 ;
895 1292 1031 1353 cujus
1063 1289 1289 1338 videlicet
1321 1288 1539 1352 epistolae
1570 1286 1866 1352 principium

112 1369 199 1418 hoc
224 1374 323 1419 est:

183 1458 194 1477 ‘
210 1453 434 1502 Dominis
459 1455 724 1504 carissimis
747 1456 979 1505 fratribus
1005 1454 1254 1518 episcopis,
1270 1454 1348 1503 vel
1367 1452 1629 1502 abbatibus
1646 1469 1734 1516 per
1757 1452 1867 1500 uni-

111 1552 296 1583 versam
333 1537 584 1598 scottiam,
610 1539 916 1597 Laurentius,
941 1537 1175 1597 Mellitus,
1209 1543 1258 1585 et
1281 1537 1313 1584 J
1317 1541 1455 1584 ustus
1484 1535 1709 1599 episcopi,
1740 1535 1868 1584 servi

112 1634 360 1667 servorum
399 1620 505 1668 Dei.
579 1621 713 1668 Dum
747 1638 835 1669 nos
872 1620 1008 1669 sedes
1044 1619 1320 1683 apostolica,
1359 1636 1493 1666 more
1532 1636 1618 1667 suo
1654 1619 1780 1666 sicut
1812 1618 1866 1666 in

109 1700 336 1749 universo
362 1702 476 1751 orbe
501 1707 758 1762 terrarum,
776 1704 829 1751 in
844 1704 919 1751 his
943 1702 1158 1751 occiduis
1176 1702 1400 1765 partibus
1424 1702 1485 1749 ad
1503 1701 1866 1764 praedicandum

109 1784 337 1846 gentibus
359 1785 559 1848 paganis
583 1786 829 1850 dirigeret,
855 1789 999 1849 atque
1023 1785 1075 1832 in
1096 1785 1220 1832 hanc
1243 1784 1467 1843 insulam,
1489 1801 1596 1848 quae
1615 1784 1866 1832 Brittania

110 1872 427 1930 nuncupatur,
465 1869 670 1932 contigit
715 1869 942 1916 introisse
988 1872 1246 1930 antequam
1294 1883 1714 1930 cognosceremus:
1765 1883 1864 1915 cre-

109 1949 275 1997 dentes
299 1950 427 2013 quod
443 1950 590 2013 juxta
613 1968 796 1999 morem
829 1950 1118 1999 universalis
1143 1950 1371 1998 Ecclesiae
1396 1950 1784 2011 ingrederentur,
1810 1950 1863 1996 in

111 2048 283 2094 magna
306 2032 575 2080 reverentia
608 2034 879 2082 sanctitatis
910 2038 1012 2082 tam
1038 2034 1293 2080 Brettones
1318 2049 1464 2095 quam
1495 2032 1686 2081 Scottos
1721 2049 1866 2081 vene-

108 2114 205 2161 rati
226 2131 394 2163 sumus
410 2131 423 2175 3
461 2115 546 2163 sed
578 2121 914 2178 cognoscentes
947 2115 1223 2175 Brettones,
1251 2115 1442 2164 Scottos
1471 2115 1692 2164 meliores
1724 2119 1865 2179 puta-

109 2195 281 2261 vimus.
352 2197 540 2247 Scottos
572 2216 686 2247 vero
720 2216 808 2263 per
834 2198 1128 2262 Daganum²
1161 2197 1438 2261 episcopum
1469 2197 1522 2244 in
1553 2197 1691 2256 hanc,
1718 2215 1867 2261 quam

109 2279 328 2342 superius
363 2281 750 2341 memoravimus,
784 2281 1008 2340 insulam,
1034 2285 1085 2329 et
1121 2279 1481 2328 Columbanum
1497 2281 1514 2306 ³
1550 2281 1776 2329 abbatem
1810 2282 1864 2329 in

112 2361 286 2410 Galliis
309 2363 600 2422 venientem,
625 2364 749 2411 nihil
772 2364 1043 2427 discrepare
1075 2380 1104 2411 a
1128 2363 1451 2411 Brettonibus
1475 2363 1527 2410 in
1559 2380 1727 2412 eorum
1752 2382 1863 2413 con-

108 2445 378 2492 versatione
402 2445 677 2494 didicimus,
748 2447 878 2495 Nam
901 2446 1135 2511 Daganus
1165 2445 1417 2510 episcopus
1442 2447 1505 2494 ad
1538 2464 1625 2495 nos
1650 2447 1863 2506 veniens,

109 2544 203 2574 non
228 2527 383 2575 solum
408 2528 568 2576 cibum
591 2529 856 2589 nobiscum,
876 2529 961 2578 sed
984 2545 1074 2577 nec
1097 2529 1148 2576 in
1167 2529 1335 2577 eodem
1359 2530 1570 2594 hospitio
1591 2547 1686 2594 quo
1705 2546 1863 2577 vesce-

164 2678 178 2701 ¹
197 2683 376 2730 utsupra
392 2679 621 2732 docuimus]
643 2681 720 2721 See
731 2693 846 2734 p.90.
869 2681 956 2720 But
1010 2681 1115 2721 from
1134 2681 1208 2721 the
1227 2682 1340 2722 Irish
1360 2682 1528 2734 Bangor
1546 2685 1590 2722 to
1610 2682 1747 2722 confer
1761 2681 1863 2721 with

110 2745 163 2773 on
174 2734 387 2774 thewhole
398 2735 574 2786 subject,
584 2749 650 2775 see
662 2740 811 2775 noteto
822 2735 955 2776 iii.26.
1012 2736 1266 2777 Laurentius
1313 2751 1444 2777 seems
1481 2740 1527 2777 to
1563 2737 1615 2776 be
1653 2751 1678 2776 a
1715 2737 1864 2788 legend

164 2787 180 2809 ²
208 2789 454 2842 Daqanwm]
486 2790 557 2829 ΗΘ
578 2791 612 2829 is
631 2791 872 2830 mentioned
899 2791 958 2843 by
1012 2791 1194 2831 founded
1222 2806 1276 2831 on
1302 2792 1389 2832 this
1416 2793 1604 2831 mention
1629 2792 1678 2832 of
1700 2791 1788 2830 him
1808 2792 1864 2842 by

110 2842 184 2882 the
211 2844 363 2883 author
394 2845 441 2884 of
471 2858 497 2883 a
531 2845 658 2884 ‘Vita
695 2846 873 2897 Lugidi’
912 2859 958 2884 as
1013 2845 1143 2887 Beda.
1198 2847 1281 2887 His
1308 2847 1435 2887 death
1464 2848 1499 2887 is
1526 2847 1653 2886 dated
1672 2858 1759 2885 AD.
1781 2845 1857 2895 641

111 2896 267 2950 having
286 2899 414 2938 taken
440 2903 485 2938 to
508 2899 637 2939 Rome
656 2914 682 2940 a
701 2914 805 2952 copy
823 2900 871 2939 of
884 2900 956 2939 the
1012 2900 1070 2953 by
1087 2902 1329 2954 Tigernach,
1357 2902 1472 2956 Sept.
1498 2914 1561 2952 13,
1589 2913 1680 2941 A.D.
1701 2901 1780 2950 639
1805 2900 1863 2951 by

111 2951 221 2991 Rule
243 2953 289 2992 of
310 2954 509 3006 Lugidus,
537 2967 581 2993 or
601 2954 772 2994 Moluoc
795 2954 845 2994 of
868 2955 958 2994 Lis·
1012 2956 1084 2996 the
1112 2957 1225 2996 Four
1253 2958 1450 2997 Masters.
1508 2958 1578 2996 He
1607 2969 1691 2996 was
1722 2956 1764 2994 of
1790 2954 1862 2993 the

111 3019 236 3053 more,
264 3008 348 3047 and
376 3013 448 3060 got
476 3009 511 3048 it
540 3010 750 3062 approved
777 3010 833 3062 by
857 3009 957 3049 Gre-
1011 3015 1247 3065 monastery
1271 3013 1317 3051 of
1331 3012 1582 3052 Inverdaile.

111 3062 262 3113 gorius.
319 3063 469 3108 Usher‚
499 3078 540 3116 p.
560 3063 655 3116 476.
711 3065 781 3104 ΗΘ
808 3065 843 3103 is
871 3065 958 3104 also
1066 3065 1083 3089 ³
1108 3066 1427 3119 Columbanam]
1494 3067 1583 3105 The
1624 3064 1782 3116 apostle
1821 3063 1869 3101 of

111 3118 347 3157 mentioned
366 3118 411 3157 in
433 3118 506 3157 the
527 3119 620 3158 Life
639 3119 686 3158 of
710 3119 770 3159 St.
783 3119 958 3159 Pulche-
1012 3121 1260 3173 Burgundy,
1282 3123 1409 3162 about
1424 3133 1512 3162 A.D.
1529 3131 1620 3172 590.
1668 3119 1801 3158 Jonas
1820 3118 1868 3156 of

111 3171 209 3210 rius.
263 3172 424 3219 Surius,
459 3173 524 3212 De
549 3174 662 3213 Vitis
695 3174 952 3222 Sanctorum,
1011 3176 1171 3216 Bobbio
1190 3178 1264 3216 has
1283 3178 1357 3217 left
1373 3191 1398 3217 a
1411 3177 1481 3216 life
1497 3175 1543 3215 of
1556 3174 1654 3214 him.
1702 3173 1861 3223 Sui-ius,

113 3225 262 3266 March
283 3237 320 3278 5,
340 3227 383 3268 ii.
405 3228 497 3270 286.
553 3229 664 3269 That
690 3229 742 3269 he
762 3243 845 3270 was
864 3234 956 3270 sent
1010 3231 1066 3274 vi.
1086 3232 1291 3284 484—505.

965 3316 1005 3348 H
