2216 3554
321 177 414 222 174
894 169 1123 221 Historia
1155 170 1494 220 Ecclesia-stica
1838 167 1974 240 [Lm.
1991 186 2071 221 m.

385 305 690 368 Tantumque
723 322 811 353 rex
845 304 927 353 ille
962 303 1167 353 caelestis
1200 302 1340 366 regni
1379 307 1568 351 amator
1602 303 1758 352 factus
1794 308 1882 364 est,
1919 309 1975 353 ut
2008 305 2070 352 ad

369 429 446 464 and
461 429 605 472 Regno,
658 388 888 435 ultimum
933 387 1118 436 relictis
1165 384 1304 448 regni
1349 385 1567 450 negotiis,
1616 389 1667 434 et
1721 392 1926 450 cognato
1983 404 2071 434 suo

408 480 519 522 kings
533 480 575 536 ⁰¹’.
657 468 862 532 Ecgrice
891 469 1251 528 commendatis,
1285 466 1368 531 qui
1397 472 1448 515 et
1476 471 1618 514 antea
1645 470 1832 530 partem
1859 468 2070 530 ejusdem

358 528 612 572 East-Angha,
657 552 795 616 regni
841 552 1052 611 tenebat,
1108 552 1314 600 intraret
1365 549 1713 598 monasterium
1727 550 1744 576 ¹
1791 550 1921 613 quod
1979 550 2073 598 sibi

319 636 513 694 fecerat,
537 639 684 699 atque
707 638 902 697 accepta
924 640 1128 683 tonsura
1163 652 1253 698 pro
1286 640 1471 682 aeterno
1503 632 1661 696 magis
1684 648 1832 695 regno
1861 632 2073 680 militare

320 722 527 767 curaret.
599 717 742 778 Quod
779 717 897 764 dum
933 717 1090 765 multo
1136 723 1356 780 tempore
1395 717 1589 775 faceret,
1629 714 1837 778 contigit
1877 719 2074 778 gentem

321 800 615 849 Merciorum
661 800 781 847 duce
827 816 939 862 rege
988 799 1150 847 Penda
1195 800 1425 847 adversus
1473 797 1743 846 Orientales
1783 795 1975 860 Anglos
2020 796 2074 843 in

320 883 500 932 bellum
530 882 801 946 procedere,
828 881 913 944 qui
945 882 1064 929 dum
1096 899 1145 930 se
1178 881 1429 930 inferiores
1461 881 1516 927 in
1549 880 1676 928 bello
1709 879 1929 928 hostibus
1961 896 2074 928 con-

322 965 576 1030 spicerent,
624 967 920 1028 rogaverunt
968 963 1277 1028 Sigberctum
1327 964 1390 1012 ad
1437 962 1820 1012 confirmandum
1867 961 2076 1009 militem

376 1107 440 1132 am
451 1096 547 1131 slain
561 1097 613 1139 by
665 1063 826 1098 secum
853 1045 1020 1094 venire
1051 1045 1104 1093 in
1131 1045 1368 1110 praelium.
1441 1045 1537 1092 Illo
1568 1044 1762 1093 nolente
1796 1062 1851 1093 ac
1886 1047 2078 1092 contra-

367 1145 507 1183 Penda‚
524 1146 617 1187 king
664 1128 869 1186 dicente,
902 1127 1115 1175 invitum
1154 1126 1446 1176 monasterio
1488 1132 1710 1175 eruentes
1745 1127 1991 1175 duxerunt
2025 1126 2077 1173 in

385 1196 428 1230 οἳ
439 1196 592 1235 Meroia,
665 1214 922 1268 certamen,
939 1214 1184 1273 sperantes
1202 1209 1366 1257 minus
1385 1209 1569 1257 animos
1587 1209 1802 1257 militum
1818 1209 2077 1273 trepidare,

325 1297 487 1345 minus
525 1298 761 1359 praesente
797 1292 919 1339 duce
957 1286 1201 1355 quondam
1251 1291 1588 1339 strenuissimo
1626 1296 1676 1339 et
1717 1291 1898 1339 eximio
1940 1306 2079 1354 posse

324 1380 492 1442 fugam
516 1374 756 1425 meditari.
829 1374 927 1423 Sed
950 1374 1053 1437 ipse
1076 1373 1388 1437 professionis
1420 1390 1520 1421 suae
1544 1389 1643 1420 non
1666 1373 1936 1434 immemor,
1960 1374 2079 1422 dum

325 1461 510 1524 optimo
548 1463 673 1506 esset
710 1456 921 1505 vallatus
955 1456 1187 1515 exercitu,
1223 1455 1420 1504 nonnisi
1454 1455 1642 1518 virgam
1677 1460 1872 1504 tantum
1905 1456 2086 1504 habere

326 1544 379 1592 in
402 1560 551 1591 manu
569 1539 756 1589 voluit:
796 1538 1073 1603 occisusque
1099 1543 1173 1587 est
1195 1556 1295 1587 una
1317 1556 1429 1587 cum
1443 1556 1556 1603 rege
1579 1539 1793 1603 Ecgrice,
1813 1545 1862 1588 et
1881 1544 2082 1588 cunctus

327 1642 507 1685 eorum,
533 1621 871 1671 insistentibus
893 1621 1108 1685 paganis,
1136 1639 1285 1670 caesus
1309 1622 1410 1670 sive
1434 1621 1682 1685 dispersus
1705 1621 1960 1670 exercitus.

398 1705 685 1757 Successor2
722 1709 886 1752 autem
922 1703 1060 1766 regni
1095 1721 1260 1751 eorum
1297 1704 1453 1752 factus
1494 1708 1568 1753 est
1601 1703 1760 1763 Anna,
1798 1704 1927 1751 filius
1965 1701 2079 1761 Eni,

413 1801 491 1836 and
506 1810 570 1835 are
667 1786 727 1834 de
751 1786 885 1849 regio
907 1802 1081 1849 genere
1096 1786 1127 1845 ⁸,
1153 1786 1231 1834 vir
1254 1785 1479 1851 optimus,
1498 1793 1644 1851 atque
1669 1787 1866 1850 optimae
1890 1786 2082 1849 genitor

401 1850 607 1943 Βζξῖξξῖζᾱ
670 1868 862 1927 sobolis,
899 1868 958 1916 de
993 1868 1169 1932 quibus
1203 1869 1256 1917 in
1291 1866 1602 1933 sequentibus
1637 1886 1725 1917 suo
1760 1876 1977 1933 tempore
2007 1868 2082 1917 di-

389 1958 491 1999 [ΛΦ.
513 1958 607 1998 ⁶35]·
671 1951 877 1999 cendum
902 1954 1006 1998 est:
1061 1951 1148 2014 qui
1178 1957 1228 1999 et
1255 1951 1360 2014 ipse
1394 1957 1560 2015 postea
1594 1951 1656 1999 ab
1691 1951 1861 1999 eodem
1895 1969 2082 2017 pagano

331 2035 627 2084 Merciorum
651 2034 786 2092 duce,
812 2050 841 2080 a
865 2050 960 2096 quo
985 2039 1034 2082 et
1057 2033 1378 2098 praedecessor
1402 2033 1518 2097 ejus,
1543 2033 1727 2082 occisus
1756 2038 1844 2084 est.

1046 2189 1187 2239 CAP.
1239 2191 1375 2240 XIX.

339 2302 389 2344 Ut
417 2303 593 2341 Furseus
622 2298 739 2351 apud
771 2298 999 2340 orientales
1017 2300 1170 2352 Angzos
1197 2303 1489 2343 monasterium
1510 2301 1657 2354 fecerit
1669 2319 1688 2349 ;
1717 2306 1754 2344 et
1782 2303 1832 2343 de
1860 2302 2088 2344 visionibus

442 2369 503 2410 vel
528 2369 745 2410 sanctitate
764 2368 860 2420 ciue,
881 2367 948 2409 cai
974 2368 1103 2410 ctiam
1122 2383 1216 2411 caro
1229 2375 1325 2424 post
1353 2378 1521 2412 mortem
1548 2372 1788 2424 incorrupta
1813 2372 2092 2413 testimonium

439 2438 703 2490 perhibuerit.

401 2537 602 2588 VERUM
624 2536 742 2583 dum
766 2535 923 2584 adhuc
948 2534 1170 2600 Sigberct
1191 2537 1328 2602 regni
1351 2537 1530 2587 infulas
1552 2541 1770 2600 teueret3
1808 2538 2092 2603 supervenit

423 2660 589 2696 Furseus
673 2619 733 2666 de
769 2618 1013 2667 Hibernia
1046 2619 1125 2668 vir
1160 2625 1368 2680 sanctus,
1406 2622 1601 2670 nomine
1643 2622 1856 2671 Furseus
1870 2624 1903 2683 ⁴,
1939 2623 2092 2671 verbo·

418 2718 543 2746 comes
557 2710 598 2764 tq
675 2703 725 2748 et
762 2701 951 2749 actibus
987 2701 1156 2761 clarus,
1198 2703 1282 2751 sed
1319 2704 1525 2767 egregiis
1559 2704 1766 2768 insignis
1800 2705 2087 2763 virtutibus,

376 2757 632 2800 mast-Angla,
674 2782 872 2846 cupiens
907 2800 995 2846 pro
1031 2783 1259 2845 Domino,
1295 2786 1588 2850 ubicumque
1624 2787 1717 2836 sibi
1757 2794 2089 2852 opportunum

391 2906 406 2930 ¹
432 2904 739 2955 monasterium]
768 2904 944 2946 Thomas
974 2906 1020 2946 of
1042 2908 1137 2960 Ely,
1161 2923 1187 2948 a
1241 2908 1410 2950 whence
1452 2910 1524 2950 the
1562 2910 1660 2950 date
1697 2910 1743 2951 of
1773 2910 1840 2951 his
1881 2909 2089 2950 accession

336 2962 480 3002 writer
512 2959 558 2999 of
581 2960 653 2999 the
682 2959 847 2999 twelfth
875 2965 1059 3015 century,
1090 2977 1185 3015 says
1240 2965 1277 3005 is
1295 2965 1463 3018 usually
1479 2966 1605 3018 given
1626 2979 1672 3006 as
1691 2977 1778 3006 ΑΛ).
1799 2966 1894 3017 635.

337 3018 432 3057 that
444 3015 529 3055 this
539 3017 775 3065 monastery
787 3028 871 3054 was
884 3020 929 3055 at
941 3016 1184 3070 Betryches-
1295 3021 1310 3044 ³
1340 3020 1390 3060 de
1435 3024 1545 3073 reyio
1587 3020 1744 3073 qenere]
1802 3021 2001 3060 Florence
2049 3019 2097 3058 of

338 3072 469 3124 wyde,
483 3083 577 3110 now
590 3069 707 3122 Bury
715 3069 1026 3111 St.Edmund’s.
1057 3073 1188 3125 Angl.
1243 3074 1480 3115 Worcester
1518 3077 1664 3115 makes
1699 3076 1814 3115 AEne
1852 3073 2095 3114 Redwald’s

337 3127 448 3166 Sacr.
467 3126 496 3165 i.
519 3137 615 3177 595.
1243 3129 1425 3178 brother,
1458 3130 1522 3171 M.
1538 3131 1597 3169 H.
1610 3131 1660 3170 B.
1680 3145 1720 3182 p.
1743 3130 1837 3170 628.

392 3180 409 3203 ²
436 3177 661 3231 Successor]
690 3178 868 3219 Thomas
905 3180 954 3219 of
981 3180 1063 3234 Ely
1090 3195 1185 3235 says
1295 3184 1312 3207 4
1338 3185 1532 3237 Furseus]
1569 3185 1646 3225 See
1675 3185 1768 3224 MS.
1797 3184 1890 3224 Life
1918 3183 1965 3223 of
1986 3183 2092 3223 Fur·

338 3236 434 3276 that
480 3235 533 3275 he
579 3234 751 3287 reigned
796 3234 994 3275 nineteen
1038 3250 1184 3289 years:
1241 3251 1349 3287 scus,
1370 3239 1542 3293 printed
1566 3241 1613 3279 in
1641 3239 1800 3290 Surius,
1822 3239 1850 3281 i.
1873 3240 1966 3291 381,
1984 3238 2094 3278 from
