2216 3554
625 106 949 158 Oudberthum
983 103 1414 169 Archiepiscopwn.
1798 106 1895 151 409

146 256 234 304 per
268 239 444 298 omnia,
481 241 720 303 praecepta
748 236 881 285 Petri
917 234 1139 284 canonice
1175 235 1310 298 sequi
1346 234 1647 283 desiderare:
1684 241 1741 283 ut
1770 236 1899 284 inter

148 332 261 371 oves
284 315 377 370 sibi
401 321 756 370 commendatas
779 327 1104 371 numeremur.
1173 316 1240 364 Et
1264 316 1349 365 isti
1375 317 1663 366 confessioni
1687 318 1899 366 universi

148 404 490 462 consensimUS‚
525 408 575 451 et
611 399 994 464 subscripsimus,
1012 401 1079 447 'et
1108 399 1167 447 ad
1206 415 1377 461 corpus
1413 400 1567 448 sancti
1601 400 1732 448 Petri
1766 401 1898 463 prin-

149 485 270 549 cipis
307 486 635 549 apostolorum
677 483 974 542 direximus,
1019 480 1149 545 quod
1185 475 1474 545 gratulando
1510 481 1664 531 clerus
1700 487 1748 530 et
1783 499 1900 545 pon-

148 568 271 615 tifex
311 569 562 616 Romanus
605 565 831 629 suscepit.
919 563 1208 623 Statuimus,
1255 567 1312 611 ut
1356 580 1444 626 per
1489 581 1639 612 annos
1685 564 1901 627 singulos

150 666 388 698 canonum
424 651 613 698 decreta
649 653 698 697 613
732 647 941 696 ecclesiae
972 649 1098 710 jura,
1136 651 1187 694 et
1219 662 1388 693 norma
1424 646 1657 709 regularis
1697 644 1812 695 vitae
1848 647 1902 694 in

147 734 329 796 synodo
364 734 598 798 legantur,
637 737 686 781 et
721 736 1081 794 recuperentur.
1153 729 1483 789 Decrevimus,
1528 734 1587 778 ut
1622 728 1901 793 metropoli-

147 819 305 875 tanUS,
333 815 417 879 qui
446 815 511 863 sit
545 814 692 878 pallio
726 814 1028 874 sublimatus,
1054 813 1278 861 hortetur
1306 817 1519 872 caeterOS,
1553 818 1601 860 et
1630 812 1899 871 admoneat,

148 901 197 946 et
220 897 494 960 investiget,
521 897 631 960 quis
656 896 721 945 sit
743 897 885 955 inter,
907 913 987 945 eos
1021 895 1237 944 curiosus
1261 895 1321 943 de
1347 895 1502 944 salute
1526 895 1709 958 populi,
1735 894 1902 958 quisve

147 979 393 1042 negligens
445 996 610 1029 servus
658 979 766 1027 Dei.
850 977 1157 1037 Venationes‚
1213 982 1261 1025 et
1314 977 1568 1039 sylvaticas
1623 977 1904 1041 vagationes

149 1077 258 1110 cum
283 1061 497 1120 canibus,
521 1067 570 1110 et
602 1078 663 1109 116
695 1061 948 1124 accipitres
980 1067 1029 1108 613
1061 1060 1267 1108 falcones
1299 1059 1521 1119 habeant,
1551 1055 1902 1122 prohibuimus.

148 1143 438 1202 Statuimus,
474 1149 531 1191 ut
566 1160 654 1206 per
688 1159 838 1190 annos
879 1142 1096 1205 singulos
1138 1140 1473 1206 unusquisque
1510 1141 1763 1206 presbyter
1804 1141 1904 1205 epi—

148 1242 290 1289 scopo
315 1241 413 1285 suo,
439 1225 489 1272 in
515 1224 898 1289 quadragesima,
923 1225 1162 1273 rationem
1195 1224 1461 1273 ministerii
1492 1225 1570 1274 sui
1593 1220 1777 1285 reddat,
1804 1224 1905 1272 sive

147 1309 207 1356 de
241 1308 337 1356 fide
372 1307 618 1367 catholica,
646 1308 747 1356 sive
780 1307 840 1355 de
873 1306 1130 1370 baptismo,
1156 1307 1256 1356 sive
1290 1307 1349 1356 de
1387 1308 1519 1356 omni
1556 1308 1724 1356 ordine
1759 1303 1904 1354 mini-

147 1391 282 1439 sterii
307 1390 394 1438 6111.
469 1390 759 1449 StatuimUS,
785 1396 841 1438 ut
872 1390 1075 1454 singulis
1112 1390 1251 1438 annis
1285 1391 1620 1455 unusquisque
1653 1390 1905 1454 episcopus

146 1473 426 1536 parochiam
473 1487 610 1521 suam
664 1473 850 1521 solicite
906 1473 1179 1533 circumeat,
1226 1471 1464 1537 populum
1511 1470 1806 1532 confirmare,
1856 1475 1907 1520 et

146 1556 336 1619 plebem
374 1557 560 1616 docere,
603 1560 653 1604 et
689 1556 1000 1619 investigare,
1027 1561 1075 1604 et
1121 1555 1377 1619 prohibere
1425 1573 1635 1621 paganas
1683 1552 1904 1604 observa-

146 1638 315 1697 tiones,
343 1638 535 1686 divinos
559 1639 637 1687 vel
662 1636 927 1702 sortilegos,
953 1639 1171 1702 auguria,
1196 1639 1507 1702 phylacteria,
1534 1638 1904 1697 incantationes,

146 1721 224 1769 vel
270 1738 435 1769 omnes
483 1721 740 1783 spurcitias
787 1722 1059 1786 gentilium.
1130 1721 1483 1769 Interdiximus
1522 1721 1672 1770 servis
1712 1718 1806 1769 Dei
1845 1738 1906 1770 ne

146 1810 376 1867 pompato
397 1804 589 1863 habitu,
615 1805 693 1852 vel
718 1805 858 1868 sagis,
882 1805 960 1853 vel
994 1805 1142 1853 armis
1170 1809 1386 1853 utantur.
1461 1803 1749 1864 Statuimus,
1777 1800 1906 1869 quod

147 1885 403 1949 proprium
428 1887 492 1935 sit
516 1887 902 1951 metropolitano,
922 1882 1067 1951 juxta
1091 1898 1329 1934 canonum
1354 1890 1554 1946 statuta,
1576 1882 1907 1950 subjectorum

147 1968 243 2016 sibi
281 1968 618 2033 episcoporum
654 1970 950 2034 investigare
987 1986 1158 2029 mores,
1196 1973 1246 2018 et
1281 1965 1637 2018 solicitudinem
1668 1968 1792 2018 circa
1823 1986 1906 2033 po-

147 2051 302 2114 Ρ11106,
328 2052 484 2114 qualis
516 2052 594 2101 sit.
664 2053 731 2101 Et
765 2057 972 2112 moneat,
1017 2056 1076 2100 ut
1114 2053 1323 2116 episcopi
1362 2069 1391 2100 a
1433 2053 1614 2116 synodo
1647 2052 1905 2111 venientes,

148 2133 202 2180 in
238 2133 438 2196 propria
478 2135 718 2197 parochia,
757 2152 868 2183 cum
905 2135 1199 2199 presbyteris
1237 2140 1287 2184 et
1326 2136 1580 2184 abbatibus
1618 2140 1908 2201 conventum

149 2216 381 2264 habentes
421 2223 662 2280 praecepta
706 2217 879 2281 synodi
920 2234 1112 2266 servare
1142 2218 1444 2266 'insinuando
1486 2214 1802 2282 praecipiant:
1859 2219 1908 2264 et

148 2299 481 2363 unusquisque
522 2301 786 2364 episcopus,
828 2301 870 2348 si
917 2301 1034 2364 quid
1082 2300 1134 2348 in
1183 2317 1270 2349 sua
1316 2299 1510 2349 dioecesi
1557 2300 1793 2363 corrigere
1830 2299 1908 2347 vel

150 2382 404 2430 emendare
432 2383 722 2446 nequiverit,
756 2383 927 2431 itidem
963 2385 1013 2431 in
1048 2383 1228 2446 synodo
1265 2400 1427 2431 coram
1463 2379 1833 2447 archiepiscopo,
1859 2387 1909 2429 et

149 2465 312 2528 palam
360 2465 582 2513 omnibus
628 2466 690 2513 ad
740 2466 1079 2530 corrigendum
1121 2465 1349 2526 insinuet,
1397 2462 1564 2514 eodem
1610 2465 1769 2526 modo,
1812 2482 1908 2528 quo

149 2547 375 2596 Romana
412 2547 608 2596 ecclesia
642 2564 730 2595 nos
766 2548 1013 2612 ordinatos
1046 2564 1156 2596 cum
1188 2552 1489 2597 sacramento
1519 2545 1824 2605 constrinxit,
1851 2552 1908 2595 ut

150 2631 192 2680 si
227 2631 510 2690 sacerdotes,
546 2630 622 2679 vel
658 2629 823 2693 plebes
859 2648 888 2678 a
926 2631 1029 2694 lege
1068 2629 1164 2678 Dei
1201 2631 1415 2679 deviasse
1451 2628 1672 2690 viderim,
1713 2635 1762 2678 et
1804 2647 1907 2678 cor-

149 2713 306 2775 rigere
338 2731 435 2761 non
467 2712 722 2776 potuerim,
754 2713 961 2761 fideliter
993 2730 1181 2777 semper
1210 2713 1311 2762 sedi
1343 2713 1616 2778 apostolicae
1650 2717 1700 2761 et
1727 2710 1907 2761 vicario

151 2795 304 2844 sancti
331 2795 466 2844 Petri
502 2795 565 2843 ad
602 2795 956 2843 emendandum
991 2795 1318 2846 indicaverim.
1391 2796 1471 2846 Sic
1499 2796 1644 2856 enim,
1670 2796 1722 2843 ni
1751 2794 1904 2853 fallor,

151 2894 316 2926 omnes
350 2878 558 2941 episcopi
591 2877 766 2926 debent
798 2877 1182 2942 metropolitano,
1209 2885 1258 2928 et
1276 2880 1394 2942 ,ipse
1424 2879 1643 2927 Romano
1671 2876 1904 2941 pontifici,

150 2961 191 3008 si
228 2959 346 3024 quid
381 2960 440 3008 de
475 2960 771 3024 corrigendis
801 2960 988 3024 populis
1020 2961 1148 3025 apud
1177 2978 1257 3010 eos
1292 2962 1590 3026 impossibile
1621 2965 1706 3020 est,
1732 2963 1903 3008 notum

151 3043 306 3091 facere
329 3061 338 3091 :
377 3048 427 3091 613
450 3043 519 3091 616
541 3043 688 3092 alieni
711 3043 830 3091 fient
853 3061 882 3091 a
905 3043 1139 3108 sanguine
1163 3044 1437 3093 animarum
1461 3043 1776 3108 perditarum.

223 3142 267 3188 3.
304 3125 380 3173 De
412 3130 597 3186 caetero,
632 3126 783 3174 frater
811 3125 1100 3187 charissime,
1131 3127 1245 3192 quia
1279 3126 1417 3176 nobis
1450 3126 1646 3190 aequalis
1680 3125 1829 3185 labor,
1855 3130 1904 3174 et

151 3208 307 3273 majus
357 3207 626 3272 periculum
677 3207 914 3271 imminet,
962 3226 1106 3274 quam
1159 3210 1347 3261 caeteris
1400 3208 1741 3269 sacerdotibus,
1790 3206 1905 3271 quia
