2216 3554
443 781 877 846 HISTORIAE
936 776 1619 844 ECOLESIASTIOAE
1680 775 1998 839 GENTIS

978 904 1466 968 ANGLORUM

820 1118 1086 1169 LIBER
1133 1115 1616 1168 SECUNDUS.

1115 1319 1255 1368 OAP.
1291 1318 1335 1366 I.

875 1465 940 1506 De
959 1465 1073 1506 obitu
1092 1465 1200 1505 beati
1214 1477 1342 1517 papae
1367 1462 1570 1515 Greqorii.

486 1600 550 1650 IS
586 1599 888 1664 temporibus
904 1599 935 1659 1,
960 1598 1013 1646 id
1047 1603 1134 1658 est,
1161 1615 1288 1646 anno
1321 1594 1591 1645 Dominicae
1615 1592 1964 1643 incarnationis
1992 1611 2098 1643 sex-

505 1684 762 1733 centesimo
781 1682 966 1746 quinto,
993 1681 1162 1729 beatus
1190 1696 1319 1743 papa
1350 1678 1628 1743 Gregorius,
1654 1681 1914 1741 postquam
1939 1679 2099 1728 sedem

428 1815 511 1842 AB·
527 1809 601 1848 605·
686 1766 916 1813 Romanae
975 1768 1024 1811 et
1078 1761 1354 1826 apostolicae
1396 1760 1606 1809 ecclesiae
1652 1759 1886 1808 tredecim
1934 1778 2099 1821 annos,

415 1863 541 1897 Death
552 1863 594 1898 of
686 1862 873 1895 menses
908 1863 1006 1904 sex,
1033 1848 1082 1893 et
1116 1844 1220 1893 dies
1262 1844 1425 1892 decem
1463 1842 1808 1906 gloriosissime
1840 1843 1980 1902 rexit,
2019 1844 2100 1891 de-

408 1913 621 1955 Gregorius.
686 1930 882 1977 functus
908 1933 994 1986 est,
1021 1931 1167 1991 atque
1199 1926 1259 1974 ad
1296 1930 1526 1974 aeternam
1554 1925 1691 1988 regni
1717 1925 1918 1975 caelestis
1943 1925 2102 1973 sedem

345 2014 624 2062 translatus.
662 2014 736 2061 De
756 2029 851 2076 quo
870 2028 958 2059 nos
978 2009 1215 2068 convenit,
1242 2009 1356 2073 quia
1379 2013 1608 2068 nostram,
1634 2008 1686 2056 id
1714 2013 1798 2067 est,
1825 2006 2103 2071 Anglorum

344 2102 537 2160 gentem
561 2097 620 2144 de
644 2098 886 2159 potestate
912 2093 1106 2143 Satanae
1142 2092 1203 2140 ad
1233 2092 1378 2139 fidem
1409 2090 1595 2139 Christi
1618 2107 1705 2138 sua
1728 2090 1968 2140 industria
1992 2106 2102 2138 con-

345 2179 508 2238 vertit,
527 2177 751 2226 latiorem
775 2178 828 2224 in
852 2181 1019 2224 nostra
1042 2174 1264 2224 Historia
1284 2173 1623 2222 Ecclesiastica
1645 2173 1801 2221 facere
1821 2172 2118 2231 sermonem,¹

348 2277 490 2324 quem
512 2264 642 2309 recte
667 2263 887 2309 nostrum
915 2258 1157 2322 appellare
1193 2273 1446 2321 possumus
1481 2261 1529 2304 et
1562 2256 1791 2304 debemus
1815 2255 2103 2319 apostolum.

349 2343 475 2404 Quia
499 2360 608 2391 cum
626 2342 840 2405 primum
863 2341 917 2388 in
940 2345 1044 2389 toto
1070 2341 1184 2389 orbe
1208 2339 1546 2404 pontificatum
1570 2343 1771 2402 gereret,
1797 2342 1846 2386 et
1865 2337 2105 2386 conversis

344 2426 631 2488 jamdudum
665 2426 727 2472 ad
765 2425 910 2472 fidem
946 2423 1165 2472 veritatis
1201 2427 1324 2471 esset
1365 2423 1593 2486 praelatus
1628 2421 1855 2481 ecclesiis,
1891 2427 2106 2469 nostram

349 2510 543 2571 gentem
579 2513 775 2555 eatenus
811 2506 953 2554 idolis
990 2505 1329 2569 mancipatam,
1367 2503 1554 2554 Christi
1587 2503 1703 2553 fecit
1739 2503 1999 2562 ecclesiam,
2038 2503 2108 2550 ita

348 2594 406 2638 ut
421 2589 736 2652 apostolicum
751 2589 892 2636 illum
910 2589 970 2636 de
987 2605 1041 2636 eo
1060 2587 1205 2636 liceat
1223 2587 1363 2635 nobis
1381 2587 1598 2651 proferre
1619 2602 1892 2635 sermonem
1906 2587 1924 2613 ²
1946 2603 1956 2632 :
1995 2584 2108 2647 quia

350 2673 441 2722 etsi
477 2672 585 2721 aliis
619 2689 718 2720 non
752 2677 825 2720 est
860 2672 1120 2735 apostolus,
1157 2672 1240 2719 sed
1275 2675 1442 2720 tamen
1477 2669 1617 2718 nobis
1652 2673 1760 2730 est,
1799 2686 1913 2717 nam
1950 2668 2106 2732 signa—

350 2756 514 2806 culum
538 2755 839 2819 apostolatus
864 2757 966 2817 ejus
991 2771 1078 2802 nos
1102 2771 1270 2802 sumus
1295 2754 1348 2801 in
1371 2753 1598 2802 Domino.

419 2839 540 2887 Erat
576 2841 739 2886 autem
775 2836 972 2885 natione
1018 2837 1284 2897 RomanUS,
1328 2853 1358 2886 a
1405 2840 1543 2900 patre
1584 2833 1850 2888 Gordiano,
1894 2849 2045 2896 genus
2080 2849 2109 2880 a

406 2975 423 2999 ¹
450 2975 535 3016 His
580 2973 840 3027 temporibus]
913 2973 1112 3013 Florence
1158 2973 1204 3013 of
1254 2984 1341 3013 ΑΛ).
1368 2971 1465 3024 604,
1483 2971 1643 3024 though
1671 2973 1745 3010 not
1764 2968 1868 3010 with
1891 2969 1963 3008 the
1991 2968 2110 3008 other

351 3032 586 3071 Worcester
614 3043 708 3082 says
736 3030 828 3069 that
851 3028 1075 3080 Gregorius
1103 3027 1200 3067 died
1254 3031 1481 3068 statement
1499 3026 1630 3066 found
1647 3026 1780 3073 there,
1796 3025 1891 3063 that
1910 3024 1945 3062 it
1961 3037 2046 3063 was
2064 3023 2110 3062 in

352 3086 503 3126 March
545 3097 606 3131 12,
643 3095 732 3125 ΑΔ).
767 3083 861 3135 605.
921 3084 1021 3122 This
1058 3095 1204 3134 agrees
1256 3083 1330 3122 the
1363 3082 1512 3122 second
1539 3094 1637 3134 year
1665 3080 1712 3120 of
1733 3079 1906 3124 Phocas,
1934 3077 1999 3117 for
2024 3078 2109 3117 this

352 3141 456 3181 with
484 3140 557 3180 the
585 3142 811 3179 statement
837 3139 883 3177 in
903 3134 1055 3177 Beda's
1074 3137 1201 3176 Ohro-
1258 3137 1392 3178 ended
1411 3136 1661 3182 November,
1680 3145 1771 3175 A.D.
1792 3132 1886 3182 604.
1941 3133 2002 3174 H.

352 3196 487 3242 nicon,
525 3195 619 3234 that
661 3194 697 3234 it
734 3206 818 3233 was
854 3193 900 3232 in
937 3192 1011 3231 the
1057 3191 1203 3243 eighth
1313 3191 1329 3214 ²
1356 3190 1590 3244 sermonem]
1616 3201 1634 3229 1
1659 3191 1751 3232 Cor.
1771 3189 1828 3228 ix.
1852 3200 1889 3227 2.

352 3250 567 3299 indiction,
582 3249 718 3291 which
736 3249 872 3301 began
890 3246 936 3288 in
950 3247 1202 3299 September,
