2216 3554
180 192 300 242 CAP.
319 189 431 262 xx]
809 189 972 240 Gentis
1006 187 1296 250 Anqlorum.
1835 187 1929 232 137

93 347 100 353 ·
178 326 395 374 Pendam
418 341 582 389 regem
598 323 876 387 transfugit,
893 326 943 370 et
965 322 1027 369 ab
1051 337 1107 369 eo
1130 319 1440 384 postmodum
1463 319 1696 380 regnante
1716 315 1930 364 Osualdo

179 415 348 456 contra
370 408 515 456 fidem
534 405 851 470 jurisjurandi
875 407 1157 467 peremptus
1181 408 1266 451 est.

248 490 357 551 Quo
389 495 606 553 tempore
635 488 846 536 maxima
880 490 955 534 est
988 486 1116 533 facta
1149 488 1333 547 strages
1368 483 1420 530 in
1449 480 1646 530 ecclesia
1674 479 1751 528 vel
1786 482 1930 542 gente

179 572 710 635 Nordanhymbrorum,
736 569 944 616 maxime
978 568 1105 631 quod
1136 583 1262 614 unus
1295 583 1354 613 ex
1385 564 1589 612 ducibus
1661 588 1738 624 and
1753 589 1859 631 great

179 671 208 701 a
233 653 408 716 quibus
439 659 546 701 acta
577 657 650 700 est
676 666 914 714 paganus,
939 650 1063 697 alter
1087 648 1200 713 quia
1223 649 1457 696 barbarus
1482 653 1589 696 erat
1638 637 1882 723 massffissffiin

178 752 364 798 pagano
403 735 584 783 saevior.
656 732 904 796 Siquidem
942 731 1109 779 Penda
1145 748 1254 779 cum
1291 730 1424 779 omni
1461 729 1588 778 Mer·
1631 735 1899 773 humberland.

178 817 366 865 ciorum
388 821 531 881 gente
553 816 697 865 idolis
721 816 927 874 deditus,
953 820 1001 863 et
1034 813 1303 863 Christiani
1334 819 1437 861 erat
1469 811 1679 860 nominis
1703 809 1929 873 ignarus:

179 906 231 948 at
275 917 390 948 vero
439 899 711 957 Caedualla‚
755 897 975 962 quamvis
1022 914 1199 944 nomen
1246 903 1294 945 et
1339 895 1684 959 professionem
1731 892 1932 939 haberet

179 982 473 1043 Christiani,
488 982 604 1029 adeo
636 987 798 1029 tamen
823 986 929 1028 erat
964 979 1124 1028 animo
1161 997 1216 1028 ac
1247 979 1464 1026 moribus
1495 978 1744 1035 barbarus,
1779 979 1835 1022 ut
1871 990 1931 1021 ne

178 1065 315 1112 sexui
339 1064 531 1128 quidem
556 1063 794 1122 mullebri,
819 1063 898 1111 vel
930 1062 1150 1110 innocuae
1185 1062 1497 1126 parvulorum
1527 1062 1746 1124 parceret
1780 1055 1930 1115 aetati,

179 1147 299 1210 quin
323 1146 571 1195 universos
595 1146 850 1195 atrocitate
873 1146 1028 1194 ferina
1051 1145 1200 1192 morti
1231 1161 1320 1208 per
1341 1148 1585 1192 tormenta
1610 1140 1930 1196 contraderet,

179 1229 334 1277 multo
358 1234 576 1292 tempore
600 1233 729 1277 totas
758 1246 928 1277 eorum
960 1227 1231 1291 provincias
1254 1226 1591 1275 debacchando
1622 1226 1928 1288 pervagatus,

178 1328 233 1359 ac
263 1315 421 1359 totum
457 1329 612 1375 genus
648 1311 924 1374 Anglorum
958 1304 1220 1358 Brittaniae
1248 1309 1428 1357 finibus
1463 1324 1712 1357 erasurum
1748 1323 1798 1355 se
1830 1321 1931 1353 esse

179 1393 463 1441 deliberans.
549 1394 645 1443 Sed
678 1411 766 1442 nec
790 1393 1016 1456 religioni
1042 1392 1347 1451 Christianae,
1374 1409 1480 1456 quae
1503 1390 1633 1454 apud
1658 1406 1738 1437 eos
1763 1392 1931 1437 exorta

179 1481 297 1535 erat,
333 1475 518 1539 aliquid
564 1476 861 1539 inpendebat
896 1476 1107 1524 honoris.
1202 1474 1395 1538 Quippe
1442 1491 1553 1522 cum
1598 1488 1752 1536 usque
1786 1470 1930 1519 hodie

178 1557 327 1605 moris
352 1558 417 1629 sit
446 1558 750 1618 Brettonum,
776 1558 920 1606 fidem
955 1558 1334 1621 religionemque
1370 1556 1641 1620 Anglorum
1665 1571 1753 1618 pro
1777 1553 1931 1601 nihilo

178 1639 366 1699 habere,
392 1657 551 1703 neque
584 1641 636 1688 in
669 1642 830 1704 aliquo
866 1641 935 1689 eis
969 1640 1127 1704 magis
1163 1622 1528 1687 communicare*
1546 1654 1690 1701 quam
1714 1635 1929 1699 paganis.

178 1720 412 1770 Adlatum
441 1728 514 1772 est
548 1730 710 1772 autem
746 1728 894 1787 caput
929 1723 1134 1771 AEduini
1166 1723 1295 1786 regis
1326 1723 1617 1780 Eburacum,
1642 1725 1690 1768 et
1721 1719 1930 1768 inlatum

178 1811 345 1867 postea
379 1805 429 1852 in
465 1806 714 1854 ecclesiam
749 1806 879 1854 beati
915 1804 1121 1868 apostoli
1156 1805 1302 1864 Petri,
1337 1821 1484 1867 quam
1515 1804 1619 1866 ipse
1655 1802 1814 1865 coepit,
1848 1802 1931 1849 sed

177 1902 420 1935 successor
443 1890 544 1951 ejus
570 1888 810 1937 Osualdus
832 1888 1050 1952 perfecit,
1074 1891 1132 1934 ut
1164 1904 1308 1950 supra
1334 1886 1596 1944 docuimus,
1622 1885 1835 1948 positum
1859 1888 1933 1932 est

177 1968 230 2014 in
254 1969 446 2032 porticu
478 1971 632 2020 sancti
663 1988 802 2036 papae
834 1970 1073 2035 Gregorii,
1099 1987 1128 2018 a
1152 1970 1288 2033 cujus
1323 1970 1428 2033 ipse
1457 1966 1707 2031 discipulis
1731 1967 1933 2015 verbum

176 2049 290 2098 vitae
315 2057 605 2115 susceperat.

245 2133 474 2182 Turbatis
493 2135 656 2199 itaque
678 2136 824 2185 rebus
842 2135 1360 2199 Nordanhymbrorum
1378 2132 1526 2196 hujus
1544 2131 1748 2181 articulo
1767 2131 1933 2191 cladis,

177 2231 287 2262 cum
319 2216 390 2263 nil
421 2217 598 2265 alicubi
622 2218 838 2281 praesidii
862 2218 958 2266 nisi
986 2217 1039 2265 in
1062 2219 1179 2281 fuga
1203 2234 1305 2265 esse
1327 2216 1590 2275 videretur,
1670 2259 1856 2294 Paulinus

178 2298 413 2346 Paulinus
445 2300 702 2364 adsumpta
731 2318 891 2349 secum
924 2301 1091 2363 regina
1125 2300 1415 2363 AEdilberge
1439 2316 1588 2363 quam
1665 2312 1802 2346 retires
1817 2312 1858 2345 to

178 2379 366 2442 pridem
397 2382 679 2442 adduxerat,
704 2382 850 2431 rediit
875 2383 1101 2432 Cantiam
1125 2382 1335 2445 navigio,
1361 2386 1506 2446 atque
1531 2382 1592 2429 ab
1710 2361 1828 2401 Kent,

177 2462 399 2511 Honorio
424 2464 779 2529 archiepiscopo
805 2469 854 2513 et
884 2481 996 2528 rege
1029 2465 1278 2512 Eadbaldo
1311 2464 1522 2512 multum
1545 2461 1807 2512 honorifice
1832 2477 1934 2509 sus-

178 2550 345 2608 ceptus
391 2552 478 2595 est.
565 2548 753 2598 Venit¹
799 2552 965 2596 autem
1016 2547 1134 2595 illuc
1181 2547 1303 2595 duce
1358 2547 1508 2594 Basso
1523 2548 1555 2606 2,
1604 2546 1760 2593 milite
1807 2543 1934 2606 regis

179 2627 383 2675 AEduini
406 2628 684 2688 fortissimo,
706 2630 887 2678 habens
913 2646 1073 2678 secum
1097 2629 1380 2678 Eanfledam
1404 2629 1572 2689 filiam,
1591 2634 1641 2677 et
1664 2627 1935 2679 Vuscfrean

179 2709 337 2757 filium
370 2710 588 2771 AEduini,
629 2729 817 2761 necnon
859 2718 908 2760 et
955 2712 1050 2760 Yffi
1097 2712 1252 2760 filium
1294 2712 1480 2760 Osfridi
1521 2711 1613 2759 filii
1654 2712 1771 2775 ejus,
1816 2723 1934 2775 quos

179 2798 343 2855 postea
369 2798 525 2840 mater
548 2799 680 2842 metu
705 2794 944 2842 Eadbaldi
971 2799 1020 2843 et
1049 2794 1251 2844 Osualdi
1274 2812 1459 2859 regum,
1485 2795 1622 2842 misit
1645 2794 1697 2840 in
1722 2792 1933 2842 Galliam

181 2874 466 2923 nutriendos
491 2875 595 2938 regi
618 2875 949 2941 Daegberecto
964 2877 981 2903 ⁸
1001 2878 1082 2941 qui
1108 2883 1212 2926 erat
1235 2879 1417 2927 amicus
1442 2878 1589 2936 illius,
1608 2877 1772 2939 ibique
1791 2874 1933 2923 ambo

235 2985 248 3008 ¹
277 2985 417 3037 Venit]
459 2986 730 3038 AEthelberge
756 2987 865 3027 built
895 3001 920 3027 a
944 3001 1029 3027 mo·
1139 2987 1155 3010 ²
1184 2989 1470 3042 Daeqberecto]
1501 2989 1593 3028 Her
1612 2985 1760 3038 second
1779 2985 1934 3023 cousin.

180 3044 350 3091 nastery
370 3045 414 3079 at
435 3040 613 3094 Liming,
634 3042 767 3081 which
788 3055 872 3082 was
897 3043 1030 3083 called
1084 3044 1315 3092 Cariberht,
1366 3045 1439 3084 the
1496 3044 1632 3083 father
1686 3042 1732 3080 of
1775 3039 1933 3077 Berhte

182 3095 243 3135 St.
284 3095 514 3135 Mildred’s.
570 3096 652 3136 She
688 3097 724 3136 is
762 3097 848 3136 also
896 3098 1029 3138 called
1084 3099 1392 3150 AEthelberge's
1429 3099 1604 3143 mother,
1642 3110 1727 3135 was
1763 3094 1934 3133 brother

182 3149 419 3201 Eadburga.
468 3150 651 3191 Monast.
671 3152 801 3203 Angl.
823 3152 849 3190 i.
870 3163 964 3204 452.
1084 3157 1128 3193 to
1161 3154 1369 3206 Chilperic
1403 3154 1441 3199 Ι,
1475 3153 1548 3193 the
1585 3149 1855 3203 grandfather
1890 3147 1938 3187 of

236 3203 253 3226 ²
282 3204 430 3256 Basso]
468 3211 477 3227 ‘
491 3204 629 3247 Basu.’
667 3206 808 3247 Saxon
831 3207 893 3247 for
913 3212 922 3228 ‘
935 3220 1028 3261 pur·
1085 3209 1328 3260 Dagoberht
1346 3209 1383 3257 I,
1402 3219 1488 3248 ΑΒ.
1509 3206 1713 3256 628-638,
1726 3205 1810 3245 sole
1830 3203 1934 3255 king

182 3257 275 3312 ple.‘
332 3259 562 3301 Bosworth.
1083 3263 1128 3304 of
1142 3263 1214 3304 the
1234 3263 1409 3305 Franks.
