2216 3554
198 181 318 231 GAP.
338 178 509 250 XXIV]
530 151 533 154 ἢ
792 208 795 212 ⁴
848 181 1020 230 ‘Gentis
1042 178 1327 243 Anylorwm'.
1857 184 1951 230 361

201 315 251 363 in
290 315 724 376 Lindisfaronensi‚
765 315 925 364 Acca1
967 315 1018 362 in
1054 313 1451 378 Hagustaldensi,
1490 314 1737 362 Pecthelm
1754 314 1771 341 ²
1811 315 1863 362 in
1900 332 1955 363 ea

201 414 310 460 quae
348 398 564 447 Candida
601 398 724 448 Casa
764 401 980 457 vocatur,
1014 413 1124 460 quse
1166 413 1322 459 nuper
1364 395 1700 459 multiplicatis
1736 396 1953 445 fidelium

199 480 422 542 plebibus
463 481 516 529 in
557 482 718 530 sedem
762 480 1074 544 pontificatus
1121 478 1298 539 addita,
1344 478 1504 542 ipsum
1550 479 1764 542 primum
1810 479 1954 528 habet

199 563 483 613 antistitem.
578 563 826 612 Pictorum
874 578 1063 626 quoque
1110 561 1245 610 natio
1295 566 1514 624 tempore
1566 561 1655 610 hoc
1703 566 1752 610 et
1799 562 1955 610 foedus

199 645 332 707 pacis
357 663 467 694 cum
489 650 632 711 gente
656 646 803 694 habet
833 638 1122 709 Anglorum‚
1150 649 1198 692 et
1222 643 1470 693 catholicae
1499 644 1630 708 pacis
1654 661 1708 692 ac
1732 645 1954 693 veritatis

200 745 311 776 cum
346 728 608 778 universali
643 728 841 777 ecclesia
879 728 1118 791 particeps
1155 727 1361 775 existere
1395 727 1589 791 gaudet.
1680 727 1834 776 Scotti
1870 726 1956 790 qui

201 809 499 859 Brittaniam
540 811 762 860 incolunt
808 811 908 860 suis
954 810 1172 859 contenti
1213 809 1393 858 finibus
1439 810 1511 858 nil
1551 815 1721 859 contra
1761 815 1955 874 gentem

199 892 473 956 Anglorum
518 893 807 942 insidiarum
858 893 1129 942 moliuntur
1183 897 1270 942 aut
1330 893 1588 942 fraudium.
1683 893 1953 953 Brettones,

201 976 424 1039 quamvis
459 980 508 1025 et
543 977 755 1025 maxima
789 995 849 1025 ex
886 980 1023 1040 parte
1053 976 1316 1025 domestico
1356 976 1448 1025 sibi
1486 977 1597 1025 odio
1629 982 1822 1041 gentem
1851 976 1953 1024 An—

199 1060 405 1122 glorum‚
430 1065 479 1108 et
510 1061 662 1109 totius
697 1060 943 1109 catholicae
975 1060 1185 1109 ecclesiae
1222 1065 1405 1109 statum
1432 1059 1608 1124 pascha
1641 1059 1801 1108 minus
1826 1065 1954 1109 recte

200 1142 510 1206 moribusque
557 1143 790 1207 improbis
837 1143 1158 1207 impugnent3
1211 1147 1375 1192 tamen
1434 1148 1483 1191 et
1534 1143 1701 1191 divina
1761 1142 1852 1192 sibi
1906 1146 1955 1191 et

199 1223 412 1274 humana
446 1242 642 1288 prorsus
677 1226 932 1275 resistente
967 1226 1167 1285 virtute,
1198 1225 1250 1273 in
1287 1231 1459 1274 neutro
1497 1226 1715 1289 cupitum
1750 1230 1956 1290 possunt

199 1307 418 1356 obtinere
459 1308 791 1372 propositum:
842 1308 1021 1372 quippe
1063 1308 1148 1372 qui
1189 1307 1411 1372 quamvis
1454 1325 1514 1357 ex
1560 1314 1698 1373 parte
1736 1309 1812 1358 sui
1856 1309 1956 1358 sint

194 1389 334 1452 juris,
371 1391 605 1439 nonnulla
639 1396 803 1439 tamen
844 1408 906 1439 ex
947 1395 1085 1455 parte
1124 1391 1398 1455 Anglorum
1434 1397 1548 1440 sunt
1584 1391 1784 1440 servitio
1820 1408 1955 1440 man-

200 1472 362 1535 cipati.
435 1473 545 1534 Qua
591 1474 843 1522 adridente
888 1491 1004 1538 pace
1051 1492 1106 1524 ac
1154 1475 1412 1524 serenitate
1458 1479 1748 1539 temporum,
1791 1475 1955 1538 plures

199 1553 251 1601 in
298 1561 442 1618 gente
499 1557 1031 1620 Nordanhymbrorum,
1078 1563 1179 1606 tam
1236 1558 1421 1607 nobiles
1470 1575 1614 1623 quam
1662 1557 1855 1621 privati,
1905 1573 1954 1606 se

199 1653 404 1700 suosque
436 1639 612 1687 liberos
638 1640 870 1704 depositis
894 1640 1042 1689 armis
1073 1645 1305 1704 satagunt
1340 1641 1494 1704 magis
1530 1646 1726 1704 accepta
1754 1644 1954 1689 tonsura

199 1720 616 1770 monasterialibus
647 1723 920 1772 adscribere
952 1724 1091 1783 votis,
1117 1741 1262 1788 quam
1296 1724 1479 1773 bellicis
1511 1741 1729 1772 exercere
1761 1723 1952 1772 studiis.

199 1802 320 1862 Quae
351 1820 427 1851 res
459 1821 601 1867 quem
635 1805 699 1853 sit
730 1805 958 1855 habitura
991 1806 1151 1866 finem,
1176 1807 1415 1870 posterior
1443 1813 1560 1855 aetas
1586 1807 1783 1855 videbit.
1854 1806 1955 1855 Hic

198 1888 272 1933 est
307 1885 745 1949 impraesentiarum
783 1889 1021 1938 universae
1056 1895 1212 1938 status
1245 1890 1515 1949 Brittaniae,
1554 1907 1681 1937 anno
1717 1890 1953 1937 adventus

198 1965 478 2029 Anglorum
495 1969 546 2017 in
573 1970 872 2019 Brittaniam
892 1971 1086 2020 circiter
1105 1972 1432 2021 ducentesimo
1453 1972 1741 2036 octogesimo
1762 1971 1951 2035 quinto,

199 2048 468 2099 Dominicae
501 2058 666 2101 autem
701 2053 1045 2103 incarnationis
1078 2072 1204 2104 anno
1243 2055 1669 2120 septingentesimo
1706 2059 1755 2125 33.
1755 2054 1949 2102 icesimo

198 2132 384 2195 primo:
422 2133 475 2181 in
503 2137 638 2198 cujus
669 2153 819 2199 regno
851 2143 1085 2201 perpetuo
1115 2139 1302 2188 exultet
1333 2145 1478 2199 terra,
1504 2145 1551 2188 et
1586 2138 1951 2202 congratulante

200 2214 252 2260 in
288 2213 382 2263 fide
423 2218 526 2278 ejus
567 2217 811 2267 Brittania
845 2220 1071 2269 laetentur
1104 2221 1275 2271 insulae
1323 2223 1504 2283 multae,
1543 2227 1591 2272 et
1631 2221 1954 2271 confiteantur

200 2297 446 2349 memoriae
482 2299 753 2349 sanctitatis
789 2301 905 2366 ejus.

889 2582 1038 2633 OAP.
1075 2578 1268 2634 XXIV.

377 2718 686 2770 Recapicalatio
706 2722 899 2764 chronica
919 2722 1042 2764 totius
1056 2723 1189 2776 operis
1201 2739 1220 2770 ;
1251 2729 1287 2765 et
1309 2724 1360 2765 de
1371 2737 1551 2778 persona
1571 2724 1772 2766 Auctoris.

266 2829 471 2890 VERUM,
511 2848 567 2880 ea
614 2850 721 2897 quae
763 2837 1037 2899 temporum
1073 2836 1386 2886 distinctione
1419 2838 1565 2886 latius
1601 2838 1790 2903 digesta
1825 2842 1949 2897 sunt,

199 2912 260 2959 ob
285 2913 568 2962 memoriam
592 2917 984 2978 conservandam,
1010 2918 1223 2968 breviter
1245 2919 1556 2984 recapitulari
1580 2920 1776 2985 placuit.

266 2992 417 3042 Anno
435 2995 589 3060 igitur
613 3003 724 3047 ante
742 2998 1124 3050 incarnationem
1143 3002 1447 3052 Dominicam
1471 3004 1781 3068 sexagesimo,
1802 3001 1951 3050 Gaius

252 3131 266 3154 ¹
294 3132 422 3186 Acca]
457 3134 534 3174 see
553 3148 592 3187 p.
616 3148 708 3189 342·
764 3137 835 3177 He
862 3152 947 3179 was
976 3153 1044 3179 ex·
1154 3139 1171 3164 ²
1209 3142 1431 3196 Pecthelm]
1499 3142 1576 3182 See
1613 3155 1681 3194 pp.
1723 3151 1814 3191 321,
1857 3152 1949 3194 329·

197 3186 335 3238 pelled
362 3188 467 3228 from
494 3189 560 3229 his
587 3190 664 3231 See
691 3202 778 3233 ΑΛ).
803 3201 893 3244 731,
922 3195 1042 3238 Gont.
1099 3195 1169 3236 He
1192 3195 1287 3236 died
1305 3208 1396 3239 ΛΑ).
1421 3206 1510 3250 735.
1569 3197 1781 3237 Florence.

196 3241 314 3292 Bed.,
335 3243 420 3283 and
439 3244 534 3284 died
554 3245 643 3286 Oct.
668 3258 731 3296 20,
752 3257 842 3289 Aa).
868 3256 958 3301 740.
