2216 3554
305 168 402 216 366
883 162 1110 212 Historia
1142 162 1485 211 Ecclesiastica
1856 158 1990 230 [Lm.
2006 177 2054 212 v.

302 301 497 361 patrum
545 295 761 345 breviter
807 294 1048 356 adnotare,
1097 296 1201 346 sive
1241 296 1391 345 etiam
1436 296 1500 344 ad
1538 296 1746 344 formam
1793 312 1962 345 sensus
2009 300 2060 345 et

302 379 720 443 interpretationis
753 395 923 428 eorum
959 378 1309 443 superadjicere
1344 378 1524 427 curavi.

375 467 387 489 ‘
401 462 466 511 In
488 461 784 526 principium
807 460 1025 522 Genesis,
1049 478 1203 526 usque
1225 461 1289 510 ad
1312 460 1622 509 nativitatem
1645 460 1797 519 Isaac,
1822 464 1873 509 et
1891 460 2060 525 Jectio-

302 561 415 594 nem
438 543 880 604 Ismahelis,>libros
903 544 967 594 iv.
1593 541 1605 548 '

374 631 387 652 ‘
403 627 478 675 De
524 626 866 687 Tabernaculo,
914 631 963 675 et
1009 625 1138 675 vasis
1189 627 1309 689 ejus,
1355 643 1412 675 ac
1466 624 1685 675 vestibus
1739 624 2057 684 sacerdotum,

303 709 455 758 libros
492 708 560 758 iii.

375 796 387 817 ‘
404 792 468 840 In
513 791 723 856 primam
762 796 951 855 partem
994 789 1279 851 Samuhelis,
1320 791 1374 839 id
1420 796 1507 852 est,
1549 808 1703 856 usque
1752 791 1816 840 ad
1853 795 2061 840 mortem

305 874 479 935 Saulis,
515 874 668 923 libros
701 874 772 921 111.

374 962 386 983 ‘
403 958 478 1006 De
526 957 845 1006 aedificatione
893 955 1100 1020 Templi,
1155 956 1426 1021 allegoricae
1479 956 1794 1022 expositionis
1840 955 1967 1006 sicut
2013 960 2063 1004 et

304 1043 490 1100 caetera,
525 1040 676 1087 libros
709 1038 763 1086 11.

377 1126 388 1147 ‘
401 1121 532 1170 Item
555 1121 608 1169 in
631 1122 822 1185 Regum
846 1121 1029 1170 librum
1052 1140 1169 1171 xxx.
1194 1122 1532 1187 quaestionum.

376 1208 389 1230 ‘
403 1204 466 1251 In
490 1204 751 1252 Proverbia
776 1203 1059 1265 Salomonis,
1086 1205 1236 1254 libros
1259 1205 1328 1255 iii.

376 1291 388 1313 ‘
403 1286 466 1335 In
491 1286 695 1335 Cantica
718 1286 1049 1347 Canticorum,
1073 1288 1225 1337 libros
1248 1288 1332 1338 vii.

375 1374 387 1394 ‘
403 1369 467 1417 In
517 1369 712 1430 Isaiam,
766 1370 1071 1431 Danihelem‚
1129 1371 1385 1420 duodecim
1443 1369 1722 1434 Prophetas,
1771 1374 1821 1419 et
1876 1373 2065 1434 partem

305 1450 587 1512 Hieremiae,
624 1452 958 1503 distinctiones
992 1454 1316 1519 capitulorum
1353 1470 1415 1503 ex
1448 1457 1664 1503 tractatu
1695 1453 1743 1504 b.
1773 1452 2067 1519 Hieronymi

305 1540 568 1598 excerptas.

376 1617 467 1666 ‘In
490 1617 671 1667 Ezram
695 1624 744 1667 et
768 1618 1037 1679 Neemiam,
1063 1618 1215 1668 libros
1238 1619 1307 1669 iii.

376 1706 389 1728 ‘
403 1700 467 1748 In
490 1701 748 1751 Canticum
770 1700 1041 1761 Habacum,
1065 1703 1243 1751 librum
1267 1702 1301 1752 i.

377 1788 388 1809 ‘
403 1783 468 1832 In
507 1784 688 1833 librum
729 1784 862 1834 beati
901 1785 1056 1849 patris
1099 1785 1276 1846 Tobiae,
1314 1784 1671 1850 explanationis
1706 1783 1972 1850 allegoricae
2007 1784 2067 1833 de

307 1866 504 1917 Christo
527 1872 580 1917 et
602 1867 835 1928 Ecclesia,
859 1868 1039 1917 librum
1062 1869 1094 1918 i.

376 1955 389 1976 ‘
406 1950 550 2010 Item,
599 1950 829 2015 Capitula
874 1952 1136 2001 lectionum
1182 1952 1235 2000 in
1284 1951 1668 2001 Pentateuchum
1714 1950 1856 2011 Mosi,
1900 1949 1933 2000 J
1936 1966 2065 2010 osue,

307 2032 339 2080 J
343 2032 553 2083 udicum.

377 2115 467 2164 ‘In
490 2115 640 2163 libros
665 2115 868 2181 Regum,
895 2119 945 2165 et
967 2117 1135 2168 Verba
1157 2117 1360 2166 dierum.

376 2202 389 2224 ‘
404 2198 467 2246 In
490 2198 670 2246 librum
694 2199 825 2248 beati
848 2200 1003 2263 patris
1027 2200 1059 2249 J
1062 2199 1140 2250 ob.

378 2285 390 2306 ‘
405 2279 471 2328 In
492 2280 769 2341 Parabolas,
796 2282 1136 2343 Ecclesiasten,
1163 2286 1213 2332 et
1237 2281 1440 2332 Cantica
1465 2281 1794 2331 Canticorum.

377 2367 389 2388 ‘
404 2362 469 2412 In
495 2363 671 2412 Isaiam
694 2363 1007 2428 Prophetam,
1033 2365 1213 2414 Ezram
1238 2382 1443 2431 quoque,
1469 2370 1518 2415 et
1541 2366 1593 2414 N
1593 2365 1811 2415 eemiam.

378 2451 390 2473 ‘
405 2446 471 2494 In
494 2447 814 2511 Evangelium
839 2449 1007 2509 Marci,
1032 2450 1182 2499 libros
1205 2449 1269 2500 iv.

378 2534 392 2556 ‘
406 2529 471 2580 In
494 2530 817 2594 Evangelium
841 2532 1000 2593 Lucae,
1025 2533 1177 2582 libros
1199 2533 1265 2583 vi.

378 2617 391 2639 ‘
407 2613 704 2662 Omeliarum
728 2614 989 2680 Evangelii
1009 2615 1156 2665 libros
1180 2615 1232 2667 11.

378 2700 392 2721 ‘
406 2695 472 2745 In
517 2694 810 2760 Apostolum
851 2715 1172 2763 quaecumque
1217 2699 1273 2747 in
1313 2698 1557 2763 opusculis
1597 2695 1753 2747 sancti
1798 2693 2071 2760 Augustini

311 2778 531 2844 exposita
565 2778 743 2839 inveni,
781 2785 955 2828 cuncta
989 2797 1077 2845 per
1112 2781 1335 2829 ordinem
1368 2780 1714 2831 transscribere
1750 2778 1930 2829 curavi.

380 2866 392 2886 ‘
406 2861 471 2910 In
494 2859 656 2910 Actus
681 2859 1044 2924 Apostolorum,
1070 2861 1219 2912 libros
1243 2862 1293 2911 ii.

382 2948 394 2970 ‘
410 2943 476 2993 In
499 2944 740 3008 Epistolas
763 2944 834 2992 vii
859 2944 1148 3006 CatholicaS,
1167 2945 1321 2994 libros
1343 2945 1574 3010 singulos.

316 3021 324 3031 ’
381 3032 393 3054 ‘
408 3026 474 3076 In
497 3025 826 3091 Apocalypsin
849 3027 1003 3075 sancti
1025 3027 1063 3076 J
1065 3027 1283 3088 ohannis,
1306 3027 1458 3076 libros
1481 3027 1551 3076 iii.

382 3114 395 3136 ‘
409 3110 554 3170 Item,
591 3108 818 3173 Capitula
851 3109 1115 3159 lectionum
1152 3110 1205 3159 in
1245 3115 1407 3160 totum
1447 3111 1644 3161 Novum
1684 3109 2067 3167 Testamentum,

311 3198 512 3258 excepto
546 3192 827 3257 Evangelio.

381 3280 394 3301 ‘
408 3275 553 3338 Item,
593 3275 799 3327 Librum
844 3272 1180 3339 Epistolarum
1224 3276 1288 3326 ad
1332 3275 1575 3327 diversos:
1623 3290 1830 3340 quarum
1875 3273 1935 3322 de
1979 3287 2067 3322 sex
