2216 3554
197 267 318 317 CAP.
336 265 408 336 Χ]
833 267 997 317 Gentis
1025 265 1313 328 Anylorum.
1843 264 1941 313 307

197 398 428 449 fratribus
462 396 742 448 memoratis
767 397 993 462 incipere.
1064 398 1284 462 Cumque
1313 401 1414 462 jam
1447 400 1564 450 navi
1598 398 1941 462 imposuissent

199 498 307 544 quae
330 481 457 531 tanti
479 481 664 530 itineris
697 479 950 529 necessitas
980 481 1222 543 poscebat,
1247 485 1396 545 atque
1419 486 1718 546 opportunos
1753 480 1939 543 aliquot

198 563 300 611 dies
323 569 492 612 ventos
514 567 858 626 exspectarent,
883 562 1007 610 facta
1030 566 1104 611 est
1133 568 1273 612 nocte
1298 564 1504 627 quadam
1527 568 1631 613 tam
1667 579 1796 612 saeva
1818 566 1939 610 tem-

197 650 371 708 pestas,
400 663 507 710 quae
541 644 743 709 perditis
776 645 1009 692 nonnulla
1042 663 1103 694 ex
1136 652 1275 709 parte
1309 647 1386 695 his
1421 664 1529 711 quae
1564 647 1617 695 in
1652 645 1766 694 navi
1802 648 1941 692 erant

196 729 355 788 rebus,
379 729 533 793 ipsam
555 727 609 774 in
631 722 770 775 littus
787 727 1026 790 jacentem
1049 728 1178 777 inter
1199 729 1355 779 undas
1386 730 1709 794 relinqueret:
1754 728 1940 776 salvata

197 816 313 859 sunt
335 816 497 860 tamen
521 810 682 859 omnia
705 827 813 873 quae
836 817 974 860 erant
996 811 1267 874 Ecgbercti,
1292 818 1342 862 et
1366 813 1604 862 sociorum
1629 814 1744 875 ejus,
1816 810 1941 857 Tum

197 894 300 957 ipse
340 893 477 958 quasi
515 893 852 956 propheticum
897 893 1021 942 illud
1036 895 1053 920 ¹
1089 895 1267 955 dicens,
1308 895 1463 956 ‘Quia
1508 899 1708 959 propter
1744 910 1821 942 me
1868 898 1941 941 est

197 981 458 1040 tempestas
490 975 619 1033 haec‚'
656 975 898 1024 subtraxit
932 993 983 1025 se
1017 976 1091 1024 illi
1124 977 1411 1041 profectioni
1445 984 1494 1027 et
1528 994 1774 1027 remanere
1810 976 1940 1025 domi

197 1074 366 1121 passus
387 1063 474 1108 est.

266 1140 337 1189 At
369 1158 483 1189 vero
517 1158 643 1189 unus
678 1141 738 1189 de
778 1139 919 1189 sociis
953 1143 1066 1204 ejus,
1102 1142 1336 1191 vocabulo
1371 1143 1635 1203 Victberct,
1672 1160 1782 1191 cum
1817 1145 1943 1190 esset

198 1226 248 1269 et
282 1222 385 1285 ipse
420 1227 699 1287 contemptu
729 1223 900 1272 mundi
934 1240 988 1271 ac
1021 1223 1252 1273 doctrinae
1287 1223 1488 1273 scientia
1522 1225 1596 1272 in·
1661 1243 1885 1279 wihtberht

197 1303 362 1366 signis,
398 1323 511 1354 nam
545 1307 725 1354 multos
764 1322 915 1355 annos
955 1306 1006 1354 in
1044 1307 1282 1355 Hibernia
1316 1306 1599 1370 peregrinus
1656 1292 1892 1378 przarqlgegin

196 1387 579 1437 anachoreticam
614 1389 667 1436 in
701 1405 875 1452 magna
909 1389 1199 1453 perfectione
1234 1390 1387 1438 vitam
1423 1393 1596 1453 egerat,
1625 1392 1728 1433 [circ-
1743 1400 1826 1427 Affl-
1848 1392 1940 1433 690]-

198 1472 415 1520 ascendit
449 1489 635 1530 navem,
659 1478 708 1521 et
731 1473 946 1521 Fresiam
982 1472 1268 1536 perveniens
1303 1473 1490 1522 duobus
1525 1472 1664 1520 annis
1700 1472 1941 1520 continuis

197 1554 333 1617 genti
374 1554 449 1602 illi
489 1572 544 1603 ac
584 1555 689 1620 regi
724 1557 826 1618 ejus
860 1555 1147 1604 Rathbedo²
1181 1555 1384 1604 verbum
1426 1555 1594 1603 salutis
1634 1554 1939 1618 praedicabat,

197 1652 354 1698 neque
399 1636 611 1700 aliquem
657 1638 784 1686 tanti
830 1637 1007 1686 laboris
1052 1637 1268 1686 fructum
1314 1637 1442 1701 apud
1481 1637 1709 1685 barbaros
1754 1636 1944 1685 invenit

196 1717 451 1766 auditores.
522 1717 662 1767 Tunc
708 1735 926 1768 reversus
980 1719 1040 1767 ad
1087 1720 1277 1768 dilectae
1324 1720 1483 1768 locum
1528 1718 1941 1782 peregrinationis,

197 1801 340 1848 solito
375 1801 427 1848 in
473 1801 666 1850 silentio
701 1819 871 1851 vacare
906 1802 1117 1851 Domino
1152 1803 1328 1866 coepit,
1378 1806 1427 1851 et
1464 1802 1691 1866 quoniam
1729 1803 1944 1850 externis

196 1882 422 1946 prodesse
479 1884 540 1932 ad
588 1885 731 1934 fidem
777 1902 875 1933 non
933 1888 1136 1949 poterat,
1186 1886 1285 1934 suis
1331 1885 1539 1949 amplius
1597 1901 1657 1934 ex
1702 1884 1942 1934 virtutum

198 1965 430 2030 exemplis
463 1967 689 2032 prodesse
724 1968 939 2017 curabat.

950 2252 1093 2302 CAP.
1131 2253 1192 2301 X.

266 2388 317 2430 Ut
342 2388 531 2430 Vilbrord
544 2389 592 2429 in
611 2389 757 2430 Freaia
770 2390 1010 2441 praedicam
1028 2390 1176 2431 multos
1193 2391 1251 2432 ad
1273 2389 1480 2432 Christum
1498 2388 1734 2430 converterit
1747 2404 1766 2436 ,·
1796 2394 1831 2429 et
1843 2394 1887 2429 ut

587 2459 691 2498 socii
709 2459 795 2511 ejas
812 2458 1034 2500 Heuualda'
1051 2460 1136 2500 sint
1154 2461 1402 2512 martyrium
1414 2459 1548 2512 passi.

266 2586 349 2635 UT
382 2591 544 2635 autem
567 2586 694 2635 vidit
716 2586 792 2635 vir
816 2587 1013 2643 Domini
1038 2587 1292 2650 Ecgberct,
1318 2587 1433 2652 quia
1466 2604 1553 2637 nec
1587 2587 1690 2652 ipse
1724 2586 1785 2636 ad
1819 2603 1941 2650 prae-

197 2669 456 2717 dicandum
497 2668 721 2732 gentibus
756 2668 921 2718 venire
967 2670 1351 2732 permittebatur,
1385 2675 1602 2719 retentus
1677 2683 1869 2725 Ecgberht

197 2752 259 2799 ob
294 2751 439 2799 aliam
474 2757 651 2800 sanctae
686 2752 892 2800 ecclesiae
917 2752 1180 2800 utilitatem
1204 2752 1263 2801 de
1287 2770 1381 2817 qua
1415 2753 1607 2802 oraculo
1664 2733 1779 2817 {2¹32}
1794 2732 1889 2816 ,mlh

197 2835 358 2883 fuerat
399 2834 742 2898 praemonitus;
790 2851 878 2883 nec
912 2834 1161 2884 Victberct
1199 2835 1307 2884 illas
1347 2835 1604 2885 deveniens
1646 2832 1901 2915 othzssvffglthe

196 2917 246 2964 in
281 2922 441 2980 partes
478 2915 732 2980 quicquam
768 2916 1079 2981 proficiebat:
1127 2917 1338 2967 tentavit
1371 2918 1527 2968 adhuc
1550 2919 1602 2967 in
1685 2929 1870 2964 Fresians.

198 3017 319 3063 opus
342 2999 475 3048 verbi
499 2999 692 3048 mittere
715 2999 844 3048 viros
877 3003 1064 3049 sanctos
1088 3006 1138 3049 et
1160 3000 1437 3063 industrios,
1463 3003 1516 3050 in
1540 3002 1714 3067 quibus
1739 2999 1943 3049 eximius

252 3144 266 3167 ¹
293 3145 571 3195 propheticam
590 3143 719 3196 illud]
741 3143 771 3183 J
774 3143 882 3183 onah
901 3143 926 3185 i.
954 3154 1015 3182 12.
1099 3143 1181 3184 had
1213 3145 1383 3198 already
1410 3145 1592 3199 plunged
1624 3158 1700 3184 one
1734 3144 1821 3182 foot
1854 3143 1943 3183 into

252 3197 269 3221 ²
299 3197 528 3250 Rathbmlo]
546 3198 636 3238 Itis
651 3197 1044 3251 characteristically
1098 3199 1170 3239 the
1197 3199 1311 3245 bath,
1336 3201 1510 3240 because
1538 3200 1591 3239 he
1620 3212 1703 3239 was
1732 3197 1818 3237 told
1848 3198 1942 3237 that

198 3253 286 3293 told
316 3253 364 3293 of
385 3253 486 3299 him,
509 3253 610 3298 that,
631 3267 683 3293 on
711 3254 836 3306 being
863 3253 1043 3305 brought,
1098 3254 1154 3294 all
1174 3254 1239 3294 his
1266 3259 1473 3295 ancestors
1493 3268 1599 3293 were
1619 3253 1663 3292 in
1683 3252 1809 3316 hena.
1836 3251 1942 3291 Vita

197 3312 242 3348 to
270 3308 464 3362 baptism,
487 3309 538 3349 he
566 3308 679 3349 drew
706 3308 813 3349 back
843 3307 962 3348 when
990 3307 1043 3347 he
1097 3307 1326 3358 Vilbroffli,
1347 3310 1445 3351 Act.
1473 3309 1542 3350 SS.
1564 3306 1746 3348 Benedd.
1767 3319 1826 3348 m.
1846 3306 1940 3347 601.

1028 3392 1128 3425 X2
