2216 3554
190 178 310 235 CAP.
337 172 454 242 vn.]
824 169 994 219 Gentis
1020 164 1310 228 Anylorum.
1839 160 1932 206 153

188 307 344 368 ualch,
368 306 453 371 qui
476 310 526 354 et
548 303 691 352 fidem
714 318 770 350 ac
786 301 1082 351 sacramenta
1103 295 1244 359 regni
1266 292 1468 344 caelestis
1486 291 1728 354 suscipere
1751 289 1931 347 renuit,

188 396 237 438 et
272 407 369 439 non
408 389 562 437 multo
602 392 711 450 post
750 383 895 433 etiam
935 379 1072 445 regni
1112 376 1357 427 terrestris
1393 374 1663 438 potentiam
1702 371 1931 435 perdidit.

188 471 459 535 Repudiata
490 469 620 519 enim
643 483 804 516 sorore
838 465 1034 513 Pendan
1059 461 1187 524 regis
1213 458 1506 507 Merciorum
1530 472 1676 519 quam
1708 455 1930 512 duxerat,

187 555 334 602 aliam
357 553 539 617 accepit
561 567 792 600 uxorem·
829 548 1032 611 ideoque
1054 545 1183 594 bello
1208 543 1408 608 petitus,
1428 557 1482 588 ac
1506 555 1655 601 regno
1679 538 1900 600 privatus
1916 538 1931 564 1

187 637 249 684 ab
273 637 372 696 illo,
395 635 588 685 secessit
611 634 672 682 ad
698 649 857 696 regem
878 628 1203 679 Orientalium
1219 625 1508 688 Anglorum,
1531 621 1610 670 cui
1633 638 1811 669 nomen
1829 624 1933 668 erat

187 719 391 767 Anna²z
439 718 567 781 apud
601 705 743 780 quem
779 713 991 763 triennio
1026 710 1225 760 exulans
1259 708 1408 756 fidem
1444 704 1702 768 cognovit⁸
1738 721 1793 751 ac
1828 720 1931 751 sus-

187 802 318 863 cepit
356 801 588 850 veritatis.
658 799 787 847 Nam
833 804 884 846 et
922 796 1026 860 ipse
1072 793 1202 858 apud
1249 808 1392 855 quem
1434 788 1661 837 exulabat
1700 803 1787 834 rex
1829 790 1934 833 erat

186 885 264 932 vir
286 885 453 943 bonus,
480 888 528 932 et
551 883 678 931 bona
705 899 759 930 ac
784 886 948 930 sancta
981 877 1142 927 sobole
1170 875 1302 934 felix,
1327 877 1384 922 ut
1416 872 1468 920 in
1501 870 1816 935 sequentibus
1849 869 1932 917 do-

187 967 411 1016 cebimus.

257 1049 380 1098 Cum
404 1065 519 1097 vero
542 1047 798 1095 restitutus
813 1046 831 1072 ⁴
856 1049 981 1093 esset
1004 1043 1053 1091 in
1073 1059 1276 1106 regnum
1295 1037 1574 1095 Coinualch,
1594 1036 1728 1085 venit
1751 1036 1803 1082 111
1822 1052 1933 1099 pro-

185 1131 394 1180 vinciam
439 1131 499 1179 de
536 1129 774 1178 Hibernia
819 1127 1039 1192 pontifex
1086 1125 1296 1189 quidam,
1333 1122 1528 1171 nomine
1564 1118 1882 1182 Agilberctus
1898 1118 1932 1178 5,

185 1213 380 1261 natione
404 1213 601 1276 quidem
634 1212 818 1270 GalluS,
844 1211 926 1260 sed
951 1213 1068 1258 tunc
1091 1207 1404 1271 legendarum
1433 1203 1592 1270 gratia
1654 1236 1731 1283 {md
1745 1236 1778 1270 is
1792 1245 1876 1271 suc-

186 1296 546 1359 Scripturarum
581 1295 634 1342 in
664 1293 907 1361 Hibernia
939 1309 1035 1341 non
1071 1307 1222 1353 parvo
1257 1294 1473 1351 tempore
1509 1287 1590 1335 de·
1647 1287 1868 1378 ἓέἓῖῖἶζζ

183 1385 412 1437 moratus,
445 1377 791 1440 conjunxitque
824 1392 873 1424 se
908 1374 1027 1439 regi,
1061 1378 1231 1437 sponte
1266 1370 1591 1419 ministerium
1662 1387 1856 1429 [A,1>‚650‚

185 1461 480 1524 praedicandi
511 1461 794 1508 adsumens:
833 1458 969 1521 cujus
1000 1455 1320 1505 eruditionem
1346 1459 1493 1518 atque
1516 1452 1589 1500 in·
1653 1436 1689 1471 S.
1702 1436 1870 1478 Chron.]‚

184 1543 419 1591 dustriam
437 1542 605 1591 videns
629 1558 726 1600 rex,
743 1540 936 1604 rogavit
955 1556 1080 1597 eum,
1100 1541 1295 1600 accepta
1314 1536 1385 1584 ibi
1404 1536 1514 1584 sede
1534 1536 1812 1600 episcopali,
1832 1555 1931 1587 suae

183 1625 319 1688 genti
333 1641 524 1672 manere
538 1623 829 1688 pontificem.
880 1622 978 1683 Qui
994 1621 1218 1685 precibus
1236 1621 1339 1684 ejus
1358 1619 1588 1677 adnuens,
1605 1620 1775 1668 multis
1789 1622 1933 1672 annis

182 1707 338 1756 eidem
363 1706 498 1770 genti
522 1705 804 1755 sacerdotali
814 1705 923 1768 jure
946 1704 1158 1768 praefuit.
1213 1702 1432 1750 Tandem
1456 1718 1555 1761 rex,
1573 1702 1658 1765 qui
1678 1702 1926 1752 Saxonum

181 1795 374 1838 tantum
408 1790 622 1853 linguam
659 1793 876 1848 noverat,
909 1791 1142 1851 pertaesus
1176 1787 1395 1834 barbarae
1430 1785 1648 1848 loquelae,
1687 1787 1930 1836 subintro-

181 1872 324 1920 duxit
341 1872 393 1919 in
411 1871 708 1936 provinciam
727 1871 878 1920 alium
898 1887 995 1918 suae
1018 1869 1198 1933 linguae
1217 1869 1493 1932 episcopum
1511 1868 1746 1916 vocabulo
1762 1871 1930 1931 Vini,
1897 1874 1912 1898 ⁶

180 1961 230 2004 et
253 1955 412 2018 ipsum
435 1955 487 2001 in
511 1953 673 2003 Gallia
701 1954 1012 2013 ordinatum3
1049 1950 1402 2014 dividensque
1389 1967 1443 1997 111
1467 1951 1586 1998 duas
1690 1961 1826 1997 andhe

180 2037 428 2102 parochias
463 2036 778 2100 provinciam,
811 2035 924 2083 huic
959 2035 1012 2082 in
1047 2034 1242 2083 civitate
1271 2034 1444 2093 Venta,
1478 2051 1586 2097 quae
1661 2010 1858 2108 [ἶγᾙψὶὀὲθ

181 2137 210 2167 0
233 2123 375 2183 gente
390 2119 637 2168 Saxonum
651 2118 994 2167 Vintancaestir
1007 2117 1291 2181 appellatur,
1309 2118 1471 2165 sedem
1487 2117 1586 2180 epi-
1645 2118 1681 2153 S
1698 2118 1865 2160 Ohron-‚J

180 2202 417 2265 scopalem
432 2201 630 2249 tribuit:
651 2202 778 2249 unde
793 2200 1000 2249 offensus
1014 2200 1229 2263 graviter
1238 2199 1561 2263 Agilberctus,
1572 2200 1700 2263 quod
1717 2199 1806 2248 hoc
1823 2200 1929 2264 ipso

180 2284 451 2333 inconsulto
496 2290 660 2347 ageret
696 2300 797 2343 rex,
833 2284 1010 2332 rediit⁷
1052 2282 1276 2342 Galliam,
1314 2287 1364 2331 et
1403 2286 1598 2347 accepto
1648 2283 1930 2347 episcopatu

239 2429 249 2451 ¹
277 2443 399 2483 reyno
435 2430 644 2483 privatus]
686 2441 729 2472 A.
755 2441 798 2473 D.
833 2430 926 2482 645.
983 2431 1024 2471 S.
1080 2429 1226 2485 bishop
1238 2430 1285 2470 of
1291 2430 1365 2470 the
1375 2430 1498 2470 West
1512 2429 1669 2471 Saxons
1682 2444 1736 2470 on
1748 2430 1929 2471 Birinus’

182 2485 331 2525 Clu-on.
1082 2486 1207 2525 death
1227 2485 1272 2525 111
1291 2496 1380 2525 A.D.
1401 2485 1493 2537 650.
1552 2486 1593 2527 S.
1614 2487 1764 2527 Chron.

239 2541 255 2562 ²
280 2538 424 2591 Awna]
456 2540 526 2580 He
555 2553 638 2580 was
664 2540 960 2580 father-in-law
987 2540 1034 2580 of
1137 2540 1152 2563 ⁶
1181 2541 1304 2592 Vini]
1338 2541 1463 2580 Wine
1481 2541 1517 2580 is
1535 2541 1657 2582 made
1675 2542 1765 2581 first
1783 2541 1930 2593 bishop

182 2594 475 2640 Eareonberht,
496 2595 598 2647 king
617 2595 665 2634 of
678 2595 807 2641 Kent,
828 2609 862 2635 c.
884 2595 924 2642 8,
943 2595 1027 2635 and
1082 2595 1127 2634 of
1147 2595 1410 2635 Winohester
1439 2597 1523 2636 and
1548 2597 1663 2636 third
1686 2597 1735 2636 of
1755 2597 1930 2637 London

181 2649 277 2688 died
296 2659 383 2690 Λα).
405 2648 499 2701 654.
555 2650 620 2688 lb.
677 2651 753 2690 See
771 2665 810 2703 p.
836 2658 926 2703 174.
1079 2650 1136 2704 by
1155 2650 1364 2690 Florence.

235 2703 250 2725 ³
268 2703 395 2753 fidem
432 2704 634 2757 coynovit]
696 2705 900 2757 Baptized
937 2715 1024 2745 Λα).
1135 2703 1151 2727 '¹
1179 2705 1328 2758 rediit]
1348 2716 1438 2746 A-D.
1455 2704 1548 2754 660,
1566 2706 1606 2747 S.
1621 2706 1772 2747 Chron.
1804 2713 1813 2728 ‘
1828 2705 1928 2745 This

181 2757 275 2808 646.
332 2758 397 2798 Ib.
1083 2760 1118 2799 is
1151 2761 1397 2813 apparently
1427 2761 1641 2810 incorrect,
1676 2775 1722 2801 as
1760 2761 1812 2800 he
1843 2773 1929 2799 was

237 2812 251 2835 ⁴
278 2812 501 2864 restitutus]
560 2812 676 2852 Beda
713 2813 789 2853 has
821 2813 912 2853 said
938 2814 1027 2866 just
1082 2820 1248 2866 present
1277 2820 1322 2856 at
1354 2816 1427 2856 the
1457 2817 1588 2869 synod
1614 2816 1661 2856 of
1682 2816 1858 2867 Whitby
1883 2815 1928 2853 in

181 2867 311 2907 above
331 2867 424 2907 that
446 2868 498 2907 he
518 2882 602 2908 was
622 2881 676 2906 an
703 2869 810 2907 exile
830 2869 892 2908 for
910 2871 1026 2910 three
1081 2880 1167 2910 ΑΔ).
1192 2869 1286 2920 664.
1343 2871 1434 2913 The
1470 2873 1590 2911 truth
1622 2885 1753 2911 seems
1784 2875 1828 2909 to
1861 2870 1924 2918 be,

180 2935 322 2973 years;
351 2922 447 2965 and.
474 2936 519 2962 00
546 2937 606 2962 we
639 2922 726 2962 find
758 2923 851 2962 that
876 2923 918 2962 in
939 2934 1025 2965 ΑΛ).
1081 2924 1176 2964 that
1187 2926 1413 2978 Agilberht
1427 2926 1504 2965 left
1522 2926 1587 2966 his
1602 2927 1810 2965 residence
1823 2924 1927 2963 with

181 2975 262 3027 648
296 2977 490 3018 cenwalh
520 2990 625 3029 gave
658 2981 702 3016 to
739 2978 923 3017 Cuthred
961 2979 1025 3020 his
1080 2979 1316 3020 Coinwaleh
1336 2981 1382 3020 in
1400 2992 1486 3020 A.D.
1504 2980 1596 3030 660,
1613 2981 1695 3020 and
1715 2978 1926 3018 remained

181 3031 372 3071 kinsman
393 3043 499 3082 3000
522 3032 638 3071 hides
660 3033 703 3072 of
724 3031 822 3071 land
840 3032 895 3085 by
916 3035 1022 3073 Ash—
1076 3034 1119 3074 in
1146 3035 1189 3075 N
1191 3036 1562 3076 orthhumberland
1590 3036 1696 3075 until
1720 3045 1760 3074 A.
1766 3044 1806 3072 D.
1832 3033 1926 3085 664,

182 3086 315 3133 down,
352 3087 391 3127 S.
425 3086 591 3135 Chron.‚
625 3086 659 3125 it
695 3086 730 3126 is
766 3086 899 3140 likely
930 3088 1024 3130 that
1079 3090 1122 3130 in
1154 3090 1289 3131 which
1321 3104 1430 3143 year,
1466 3091 1572 3130 after
1612 3091 1683 3129 the
1720 3089 1849 3140 synod
1883 3088 1931 3127 of

181 3140 365 3180 Cuthred
384 3141 533 3193 helped
553 3141 616 3180 his
635 3142 892 3183 restoration.
1079 3144 1269 3199 Whitby‚
1301 3146 1355 3186 he
1384 3145 1582 3186 returned
1622 3144 1709 3183 into
1739 3141 1925 3183 Franco!

237 3195 252 3218 ⁵
279 3195 549 3248 Ayilberctus]
581 3196 830 3249 AEgelbyrht
859 3197 906 3236 of
926 3197 1025 3238 Gal·
1079 3199 1190 3240 Stev.

182 3249 346 3296 walum,
385 3252 425 3291 S.
465 3251 614 3291 Clu-on.
675 3251 744 3291 He
783 3265 865 3292 was
905 3254 1025 3294 made
