2216 3554
291 153 389 199 386
679 195 681 198 ⁴
922 147 1150 196 Historia
1185 146 1418 196 Abbatum

287 279 608 342 suetudinem,
642 283 702 329 ut
741 279 894 344 siquis
933 280 980 330 ei
1014 281 1198 346 aliquid
1235 281 1452 331 muneris
1495 280 1700 340 offerret,
1736 276 1829 330 hoc
1862 280 1935 329 illi
1968 282 2048 330 vel

289 365 460 416 statim
506 364 585 414 vel
641 368 753 428 post
810 363 1121 414 intervallum
1176 368 1465 429 competens,
1512 381 1611 413 non
1657 363 1845 412 minore
1890 363 2050 428 gratia

289 448 585 513 rependeret.
659 445 869 496 Cantata
903 463 1018 511 ergo
1052 446 1211 511 primo
1243 464 1384 496 mane
1418 446 1565 495 missa
1591 445 1646 494 in
1674 446 1875 496 ecclesia
1895 447 2049 495 beatae

288 530 387 581 Dei
410 528 668 594 genetricis
696 546 981 594 semperque
1003 529 1207 593 virginis
1238 529 1410 578 Mariae
1444 535 1494 578 et
1528 529 1580 576 in
1605 529 1806 578 ecclesia
1839 528 2051 594 apostoli

384 632 490 668 June
504 643 538 674 4,
634 611 785 672 Petri,
822 611 981 676 pridie
1017 629 1167 661 nonas
1202 612 1235 660 J
1239 612 1377 660 unias
1391 613 1422 672 ¹,
1459 611 1630 676 quinta
1670 611 1805 672 feria,
1840 617 1890 661 et
1924 629 2050 661 com-

375 690 459 717 ³·¹'‘
480 682 553 724 ⁷¹⁶·
636 693 1001 743 municantibus
1058 694 1143 758 qui
1194 694 1410 754 aderant,
1459 694 1692 743 continuo
1746 700 2052 759 praeparatur

291 776 354 827 ad
389 775 619 825 eundum.
692 775 1003 826 Conveniunt
1039 793 1204 825 omnes
1239 777 1292 825 in
1328 777 1576 826 ecclesiam
1610 777 1742 826 beati
1770 777 1924 836 Petri,
1948 777 2052 842 ipse

290 861 436 910 thure
470 859 668 908 incenso
705 863 754 908 et
790 858 920 907 dicta
956 859 1175 908 oratione
1210 860 1273 908 ad
1307 859 1474 922 altare,
1499 877 1668 925 pacem
1691 860 1776 909 dat
1810 860 2051 920 omnibus,

290 949 426 994 stans
461 943 514 990 in
550 941 797 1007 gradibus,
836 941 1145 990 thuribulum
1181 942 1364 991 habens
1398 943 1450 991 in
1485 961 1665 992 manu:
1713 942 1826 992 hinc
1859 943 2053 992 fletibus

291 1025 632 1074 universorum
680 1024 808 1072 inter
848 1023 1055 1072 letanias
1103 1025 1455 1086 resonantibus,
1499 1029 1705 1088 exeunt3
1751 1026 1885 1075 beati
1921 1026 2052 1074 Lau-

290 1108 440 1157 rentii
492 1106 725 1170 martyris
771 1105 1054 1166 oratorium,
1098 1107 1227 1171 quod
1273 1107 1327 1155 in
1373 1108 1659 1158 dormitorio
1700 1109 1911 1158 fratrum
1951 1112 2055 1158 erat

290 1190 504 1249 obvium,
530 1188 746 1250 intrant;
785 1189 890 1238 vale
922 1189 1087 1239 dicens
1117 1190 1364 1250 ultimum,
1387 1190 1448 1239 de
1482 1191 1812 1240 conservanda
1845 1191 2055 1240 invicem

291 1272 561 1331 dilectione,
610 1276 660 1321 et
717 1271 1114 1336 delinquentibus
1168 1274 1312 1336 juxta
1359 1273 1680 1337 Evangelium
1727 1273 2054 1338 corripiendis,

291 1356 551 1416 admonet3
612 1354 851 1414 omnibuS,
900 1354 1063 1419 siquid
1121 1355 1246 1405 forte
1304 1356 1636 1420 deliquissent,
1689 1356 1899 1421 gratiam
1957 1373 2055 1407 suae

293 1437 593 1487 remissionis
651 1443 701 1487 et
760 1438 1048 1502 placationis
1094 1438 1261 1499 offert3
1322 1455 1487 1488 omnes
1531 1457 1623 1504 pro
1671 1456 1721 1489 se
1766 1456 1914 1500 orare,
1964 1439 2057 1489 sibi

295 1515 512 1585 placatos
571 1521 797 1580 existere,
857 1521 899 1570 si
958 1520 1058 1571 sint
1115 1538 1235 1586 quos
1294 1521 1466 1570 durius
1528 1523 1663 1587 justo
1719 1523 2058 1588 redarguisset,

214 1624 221 1630 ·
293 1604 523 1653 obsecrat.
595 1603 816 1652 Veniunt
862 1603 925 1653 ad
958 1603 1111 1665 litus3
1160 1620 1352 1653 rursum
1390 1605 1551 1653 osculo
1586 1604 1718 1669 pacis
1753 1605 1883 1655 inter
1915 1604 2057 1654 lacri-

295 1703 398 1735 mas
436 1686 664 1735 omnibus
706 1687 836 1746 dato,
878 1703 1038 1751 genua
1078 1687 1285 1735 flectunt
1300 1687 1348 1749 2;
1397 1687 1484 1736 dat
1524 1688 1805 1749 orationem,
1842 1688 2059 1751 ascendit

294 1786 469 1818 navem
497 1786 608 1818 cum
637 1769 908 1819 comitibus.
979 1768 1267 1819 Ascendunt
1302 1773 1352 1819 et
1385 1770 1608 1820 diacones
1646 1771 1854 1820 ecclesiae
1898 1787 2057 1820 cereas

294 1852 518 1902 ardentes
565 1858 613 1901 et
662 1869 854 1901 crucem
902 1852 1111 1902 ferentes
1157 1869 1369 1913 auream,
1419 1854 1597 1903 transit
1642 1853 1838 1915 flumen,
1888 1854 2059 1903 adorat

295 1952 503 1996 crucem,
544 1935 759 1984 ascendit
800 1952 980 1999 equum
1019 1941 1069 1985 et
1109 1934 1246 1996 abiit,
1282 1935 1467 1985 relictis
1510 1936 1564 1984 in
1603 1937 1913 1986 monasteriis
1959 1937 2058 1986 suis

295 2018 527 2067 fratribus
563 2034 768 2066 numero
802 2019 956 2066 ferme
993 2021 1344 2068 sexcentorum.

373 2117 452 2161 14.
487 2099 583 2148 1110
632 2106 797 2149 autem
843 2101 1051 2150 abeunte
1097 2118 1209 2150 cum
1257 2101 1412 2162 sociis,
1455 2102 1664 2150 redeunt
1708 2102 1770 2151 ad
1811 2102 2058 2151 ecclesiam

299 2183 489 2243 fratres,
515 2199 565 2231 se
600 2200 656 2231 ac
692 2200 779 2231 sua
802 2183 1014 2232 Domino
1039 2184 1233 2233 fletibus
1265 2189 1314 2233 et
1346 2184 1564 2234 oratione
1597 2186 1966 2235 commendant:
2010 2189 2061 2235 et

297 2269 412 2330 post
448 2283 547 2314 non
581 2266 764 2329 grande
788 2266 1116 2327 intervallum,
1142 2268 1383 2332 completa
1417 2267 1549 2318 horae
1584 2269 1742 2318 tertiae
1777 2269 2058 2334 psalmodia,

297 2365 493 2397 rursum
551 2348 848 2398 conveniunt
906 2366 1102 2411 omnes3
1170 2350 1290 2415 quid
1347 2351 1589 2415 agendum
1647 2351 1713 2401 sit
1763 2353 2058 2413 consulunt,-

299 2431 495 2491 orando,
533 2431 797 2494 psallendo,
835 2435 885 2481 et
914 2432 1182 2496 jejunando
1215 2438 1407 2498 patrem
1444 2433 1589 2483 citius
1632 2451 1662 2483 a
1700 2433 1806 2484 Deo
1842 2453 2059 2500 quaeren-

302 2515 420 2562 dum
457 2515 755 2575 decernunt3
798 2515 1045 2564 monachis
1080 2515 1210 2565 beati
1247 2516 1401 2577 Pauli,
1426 2515 1660 2566 fratribus
1683 2517 1910 2567 videlicet
1944 2519 2058 2580 suis,

300 2614 390 2662 per
428 2613 596 2645 eorum
635 2597 870 2660 quosdam
911 2597 997 2662 qui
1039 2598 1256 2659 aderant,
1299 2616 1485 2649 necnon
1526 2603 1576 2648 et
1614 2617 1813 2650 suorum
1852 2601 2058 2665 aliquos,

302 2679 436 2745 quod
472 2679 800 2738 decreverunt,
826 2680 1062 2744 pandunt.
1131 2681 1423 2731 Assentiunt
1457 2687 1508 2732 et
1541 2683 1630 2744 illi,
1654 2682 1713 2732 fit
1740 2689 2061 2748 utrorumque

302 2761 494 2810 animus
535 2778 677 2822 unuS‚
713 2763 931 2811 omnium
969 2765 1113 2814 corda
1150 2781 1358 2825 sursum,
1395 2765 1615 2814 omnium
1654 2766 1881 2815 levantur
1921 2785 2061 2818 voces

304 2844 368 2894 ad
415 2844 697 2894 Dominum.
769 2845 989 2895 Tandem
1035 2847 1114 2896 die
1160 2847 1321 2908 tertia,
1370 2847 1593 2898 veniente
1639 2848 1894 2898 Dominico
1944 2866 2061 2914 pen-

400 2955 505 2992 June
519 2969 549 2999 7,
649 2930 879 2988 tecosten,
928 2929 1223 2979 conveniunt
1269 2947 1434 2980 omnes
1481 2930 1567 2995 qui
1614 2935 1754 2980 erant
1799 2931 1851 2979 in
1894 2949 2060 2981 mona-

389 3013 473 3041 -4-1'·
490 3007 564 3048 ⁷¹⁶·
647 3009 795 3059 sterio
831 3010 962 3059 beati
996 3011 1132 3060 Petri
1165 3011 1220 3060 in
1262 3011 1537 3073 concilium,
1580 3016 1748 3062 assunt
1782 3018 1832 3063 et
1866 3014 1926 3064 de
1960 3031 2061 3063 mo-

306 3092 516 3142 nasterio
551 3091 688 3147 beati,
716 3092 856 3142 Pauli
891 3093 1134 3143 seniorum
1170 3111 1269 3144 non
1309 3094 1465 3160 pauci.
1535 3095 1619 3145 Fit
1653 3113 1751 3144 una
1791 3096 2058 3158 concordia,

359 3231 375 3254 ¹
399 3231 541 3284 pridie
559 3245 692 3274 nonas
710 3230 886 3284 Iunias]
908 3230 1023 3272 June
1043 3244 1084 3284 4.
1259 3233 1275 3257 ²
1300 3234 1626 3288 yenuaflectunt]
1641 3235 1704 3277 Cf.
1713 3235 1819 3276 Acts
1830 3234 1978 3299 ¹1·.36?
1992 3242 2058 3291 37.
