2216 3554
293 135 390 180 256
868 131 1097 180 Historia
1130 131 1469 181 Ecclesiastica
1823 130 1957 200 [LIB.
1974 148 2046 183 1v.

290 278 452 342 phago
471 282 751 342 posuerunt,
769 278 856 327 ubi
878 295 1032 343 usque
1054 278 1198 327 hodie
1221 279 1274 326 in
1298 295 1474 341 magna
1491 278 1803 328 veneratione
1825 280 2046 328 habetur.

291 360 476 408 Mirum
499 378 616 408 vero
643 361 696 408 in
720 362 917 409 modum
942 362 1012 410 ita
1044 368 1215 425 aptum
1250 361 1440 424 corpori
1464 360 1668 423 virginis
1702 362 2048 425 sarcophagum

290 444 546 492 inventum
570 448 656 501 est,
681 461 737 492 ac
769 431 812 492 si
843 444 888 493 ei
925 444 1198 508 specialiter
1228 449 1561 507 praeparatum
1582 434 1796 492 ‘fuissetz
1833 449 1884 492 et
1916 445 2051 492 locus

292 543 486 590 quoque
522 526 694 590 capitis
727 543 943 575 seorsum
975 527 1279 586 fabrefactus,
1305 526 1367 573 ad
1402 542 1676 573 mensuram
1713 526 1886 589 capitis
1916 526 2051 574 illius

292 610 541 673 aptissime
563 609 799 674 figuratus
823 609 1064 673 apparuit.

362 693 454 740 Est
489 697 652 741 autem
692 693 812 756 Elge
853 693 906 740 in
946 691 1198 756 provincia
1239 689 1564 740 Orientalium
1602 688 1882 754 Anglorum
1917 692 2052 755 regio

292 776 594 824 familiarum
631 775 823 824 circiter
858 779 1208 833 sexcentarum,
1246 773 1299 821 in
1340 773 1712 821 similitudinem
1752 774 1939 834 insulae,
1973 776 2052 823 vel

292 859 567 923 paludibus,
601 864 660 906 ut
694 858 924 916 diximus,
949 856 1261 916 circumdata,
1281 856 1365 904 -vel
1396 856 1565 919 aquis:
1605 856 1734 904 unde
1766 860 1817 904 et
1851 873 1880 904 a
1916 857 2053 920 copia

293 943 620 1007 anguillarum
645 958 753 1004 quae
776 940 828 987 in
852 940 1027 987 iisdem
1051 939 1312 1002 paludibus
1337 938 1609 1001 capiuntur,
1634 955 1810 987 nomen
1833 940 2018 1003 accepit
2037 957 2050 999 3

295 1026 381 1073 ubi
413 1023 762 1073 monasterium
796 1023 972 1070 habere
1008 1021 1301 1069 desideravit
1336 1026 1601 1069 memorata
1635 1021 1821 1069 Christi
1855 1022 2051 1080 famula,

295 1107 524 1170 quoniam
549 1107 608 1155 de
632 1105 882 1170 provincia
906 1104 1183 1153 eorumdem
1203 1103 1533 1152 Orientalium
1556 1103 1828 1166 Anglorum
1855 1105 1974 1168 ipsa,
1995 1109 2053 1153 ut

294 1190 486 1255 praefati
510 1206 691 1250 sumus,
716 1189 874 1238 carnis
898 1187 1136 1252 originem
1161 1187 1381 1235 duxerat.

1012 1486 1154 1538 CAP.
1194 1486 1344 1535 XX.¹

972 1638 1167 1692 Hymnus
1195 1638 1246 1678 de
1274 1637 1369 1678 illa.

366 1767 610 1815 memz
642 1767 970 1828 opportunum
998 1760 1113 1809 huic
1142 1758 1377 1807 Historiae
1414 1757 1560 1806 etiam
1590 1756 1827 1820 hymnum
1851 1755 2056 1821 virgini-

372 1895 507 1937 Hymn
522 1894 563 1928 in
639 1847 757 1896 tatis
780 1846 1006 1903 inserere,
1032 1860 1178 1907 quem
1200 1846 1314 1890 ante
1338 1857 1488 1889 annos
1517 1840 1754 1903 plurimos
1785 1839 1835 1887 in
1861 1839 2056 1913 laudem

382 1945 507 1987 praiso
521 1944 562 1979 or
640 1946 696 1979 ac
741 1928 1036 1993 praeconium
1078 1925 1292 1990 ejusdem
1333 1923 1515 1986 reginae
1554 1940 1608 1971 ac
1650 1939 1836 1986 sponsae
1871 1922 2057 1972 Christi

328 1993 605 2037 AEthelthryth.
640 2012 850 2077 elegiaco
902 2015 1059 2059 metro
1112 2007 1485 2071 composuimus,
1538 2011 1587 2054 et
1638 2005 1820 2053 imitari
1872 2022 2058 2053 morem

299 2114 447 2146 sacrae
472 2096 739 2160 scripturae,
766 2095 904 2158 cujus
928 2091 1144 2142 historiae
1169 2090 1383 2139 carmina
1405 2087 1619 2153 plurima
1650 2088 1807 2136 indita
1828 2105 1839 2137 ε
1875 2092 1926 2136 et
1956 2087 2058 2137 haec

299 2184 455 2230 metro
480 2197 535 2228 ac
558 2179 778 2228 versibus
802 2179 992 2227 constat
1018 2191 1119 2224 esse
1143 2173 1420 2238 composita.

473 2326 484 2347 ‘
503 2320 653 2369 Alma
675 2319 811 2367 Deus
835 2317 1067 2376 Trinitas,
1094 2332 1200 2380 quae
1228 2301 1404 2363 smcula
1427 2316 1602 2362 cuncta
1626 2313 1881 2378 gubernaS,

572 2401 755 2450 Adnue
773 2401 875 2465 jam
900 2400 1085 2464 coeptis,
1111 2399 1239 2447 alma
1262 2398 1399 2446 Deus
1422 2396 1655 2446 Trinitas.

505 2485 641 2534 Bella
665 2485 804 2533 Maro
827 2487 1034 2542 resonet,
1059 2498 1146 2531 nos
1170 2481 1301 2546 pacis
1327 2480 1455 2529 dona
1478 2493 1734 2529 canamus:

494 2560 495 2563 Ἴ
574 2567 780 2616 Munera
804 2584 891 2616 nos
916 2565 1114 2625 Christi,
1139 2564 1267 2614 bella
1290 2563 1430 2612 Maro
1454 2567 1660 2611 resonet.

507 2650 736 2700 Carmina
759 2656 890 2699 casta
912 2649 1050 2708 mihi,
1073 2648 1214 2696 foedae
1238 2664 1335 2695 non
1359 2651 1529 2709 raptus
1553 2644 1773 2701 Helenae.

576 2734 748 2781 Luxus
771 2734 865 2782 erit
888 2731 1105 2792 lubricis,
1130 2729 1344 2780 carmina
1368 2732 1500 2778 casta
1523 2726 1658 2776 mihi.

507 2818 652 2865 Dona
676 2833 884 2881 superna
906 2817 1096 2881 loquar,
1122 2814 1311 2863 miserae
1333 2829 1432 2861 non
1455 2810 1625 2875 praelia
1647 2809 1818 2874 Trojae,

575 2900 724 2947 Terra
749 2899 924 2963 quibus
948 2898 1160 2963 gaudet:
1199 2897 1327 2945 dona
1350 2911 1560 2959 superna
1581 2894 1767 2957 loquar.

508 2983 587 3031 En
609 2982 745 3031 Deus
768 2982 896 3030 altus
920 2982 1025 3030 adit
1047 2980 1332 3031 venerandae
1355 2977 1564 3043 virginis
1586 2977 1752 3025 alvum

575 3064 776 3115 Liberet
799 3068 857 3112 ut
880 3064 1111 3125 homines,
1138 3081 1199 3113 en
1223 3064 1357 3112 Deus
1381 3061 1511 3111 altus
1534 3060 1652 3108 adit.

657 3203 675 3229 ²
703 3204 806 3246 CAP.
826 3204 954 3258 XX.]
985 3204 1174 3245 Omitted
1191 3204 1250 3258 by
1268 3203 1341 3244 the
1359 3203 1499 3244 Saxon
1518 3200 1711 3242 Version.
