2216 3554
353 173 451 219 208
925 169 1152 218 Historia
1184 169 1523 219 Ecclesiasticus
1875 167 2008 238 [Lm.
2022 185 2097 219 m.

353 301 500 350 etiam
527 301 587 350 de
611 301 834 350 omnibus
856 301 1202 365 prophetatum
1228 301 1469 364 gentibus,
1494 301 1626 365 quod
1648 299 1747 350 sint
1768 302 2022 352 crediturae
2046 302 2100 350 in

353 383 551 434 Christo
576 383 794 432 omnium
829 384 1089 432 conditore.
1156 384 1488 445 Quamobrem
1512 388 1704 447 oportet
1727 390 1939 432 vestram
1963 385 2100 434 celsi-

353 467 590 527 tudinem,
626 472 799 529 utpote
831 467 1106 515 membrum
1139 467 1354 516 existens
1389 467 1587 525 Christi,
1623 467 1676 514 in
1710 467 1933 516 omnibus
1967 468 2100 531 piam

351 550 571 612 regulam
595 549 731 613 sequi
754 550 1031 613 perenniter
1063 550 1297 614 principis
1333 550 1675 613 apostolorum,
1699 550 1801 598 sive
1834 551 1887 597 in
1922 551 2102 614 pascha

351 632 708 691 celebrandum,
734 633 834 681 sive
867 633 919 680 in
954 634 1180 682 omnibus
1214 646 1323 696 qu'ae
1358 633 1668 680 tradiderunt
1703 633 1857 680 sancti
1891 633 2099 696 apostoli

351 716 522 764 Petrus
546 706 594 763 et
611 715 805 775 Paulus,
825 716 910 779 qui
933 721 990 764 ut
1013 717 1111 763 duo
1134 716 1395 765 luminaria
1418 716 1524 763 caeli
1547 715 1826 764 illuminant
1850 717 2098 775 mundum,

350 798 422 846 sic
456 797 676 846 doctrina
710 814 880 846 eorum
916 799 1061 846 corda
1093 797 1346 846 hominum
1382 797 1600 861 quotidie
1639 798 1869 847 inlustrat
1903 799 2098 847 creden-

349 881 506 929 tium.’

418 963 485 1012 Et
507 963 639 1026 post¹
666 962 912 1021 nonnulla,
929 961 1104 1025 quibus
1129 961 1188 1009 de
1212 962 1496 1010 celebrando
1520 979 1609 1026 per
1626 962 1792 1011 orbem
1815 966 1978 1011 totum
2002 979 2100 1011 uno

349 1063 464 1094 vero
488 1046 663 1110 pascha
687 1045 904 1108 loquitur
919 1061 934 1104 ;

420 1134 432 1154 ‘
454 1128 719 1176 Hominem
742 1127 976 1190 denique‚'
1002 1127 1180 1191 inquit,
1206 1132 1218 1152 ‘
1238 1127 1510 1185 docibilem,
1530 1133 1584 1176 et
1619 1129 1672 1176 in
1701 1128 1926 1179 omnibus
1958 1146 2099 1178 orna-

348 1217 458 1260 tum
514 1204 797 1270 antistitem,
853 1210 1149 1258 secundum²
1193 1213 1467 1258 vestrorum
1527 1210 1819 1274 scriptorum
1865 1217 2098 1270 tenorem,

349 1293 550 1341 minime
573 1292 816 1342 valuimus
839 1309 968 1341 nunc
991 1293 1203 1356 reperire
1225 1309 1316 1355 pro
1339 1292 1694 1356 longinquitate
1717 1294 1922 1343 itineris.
1982 1295 2101 1342 Pro-

348 1378 475 1424 fecto
498 1376 628 1424 enim
652 1376 770 1423 dum
794 1376 1073 1439 hujusmodi
1105 1380 1223 1438 apta
1258 1383 1540 1439 repertaque
1568 1392 1774 1438 persona
1801 1376 1964 1435 fuerit,
1990 1393 2100 1425 eum

347 1460 643 1508 instructum
667 1459 730 1507 ad
753 1463 964 1507 vestram
999 1458 1264 1521 dirigemus
1298 1458 1520 1521 patriam,
1546 1464 1603 1506 ut
1631 1458 1735 1521 ipse
1765 1463 1815 1507 et
1837 1460 1947 1507 viva
1968 1477 2098 1519 voce,

349 1548 399 1591 et
427 1559 514 1606 per
541 1541 708 1589 divina
743 1542 937 1590 oracula
972 1555 1163 1589 omnem
1199 1540 1387 1588 inimici
1416 1539 1653 1590 zizaniam
1687 1557 1748 1589 ex
1783 1541 1917 1589 omni
1940 1549 2101 1591 vestra

348 1625 508 1674 insula
532 1641 643 1673 cum
661 1624 829 1673 divino
855 1628 982 1672 nutu
1002 1624 1226 1673 eradicet.
1277 1623 1571 1672 Munuscula
1593 1641 1622 1671 a
1639 1628 1801 1673 vestra
1818 1624 2101 1674 celsitudine

354 1709 496 1756 beato
533 1707 744 1771 principi
781 1708 1107 1772 apostolorum
1144 1707 1342 1766 directa,
1378 1724 1465 1770 pro
1502 1713 1686 1755 'aeterna
1732 1709 1833 1770 ejus
1870 1709 2102 1756 memoria

348 1790 660 1854 suscepimus,
702 1790 980 1854 gratiasque
1022 1790 1069 1838 ei
1123 1789 1323 1852 agimuS,
1378 1806 1433 1837 ac
1480 1806 1569 1853 pro
1617 1789 1719 1853 ejus
1763 1790 2100 1839 incolumitate

341 1874 528 1938 jugiter
556 1873 717 1920 Deum
752 1873 1068 1936 deprecamur
1096 1889 1207 1920 cum
1244 1871 1429 1920 Christi
1459 1872 1601 1920 clero.
1671 1866 1848 1935 Itaque
1877 1873 1960 1936 qui
1995 1873 2100 1921 haec

347 1955 528 2004 obtulit
563 1972 778 2014 munera,
803 1955 863 2003 de
898 1955 990 2002 hac
1024 1954 1301 2002 subtractus
1329 1958 1404 2002 est
1437 1954 1557 2012 luce,
1582 1953 1798 2018 situsque
1833 1955 1895 2002 ad
1931 1955 2100 2003 limina

345 2037 692 2102 apostolorum,
728 2054 818 2100 pro
859 2054 955 2100 quo
989 2037 1130 2085 valde
1171 2053 1338 2085 sumus
1378 2036 1652 2084 contristati
1693 2053 1804 2084 cum
1848 2036 1929 2084 hic
1974 2041 2100 2084 esset

347 2120 617 2168 defunctus.
687 2119 1035 2167 Verumtamen
1077 2118 1290 2183 gerulis³
1325 2119 1500 2167 harum
1536 2123 1813 2166 nostrarum
1847 2118 2099 2167 literarum

345 2203 521 2253 vestris
555 2200 731 2259 missis,
764 2201 995 2249 beneficia
1028 2206 1319 2259 sanctorum,
1348 2201 1439 2249 hoc
1474 2207 1562 2260 est,
1586 2201 1815 2265 reliquias
1847 2202 2098 2250 beatorum

400 2303 415 2328 ¹
442 2305 497 2344 Et
515 2310 602 2355 post
623 2334 632 2343 .
655 2334 664 2343 .
687 2304 916 2356 λοφιὴν]
946 2303 1072 2351 Here,
1090 2317 1135 2343 as
1150 2308 1195 2343 at

344 2374 385 2412 p.
401 2369 491 2410 135,
508 2360 624 2399 Beda
642 2359 764 2398 omits
782 2359 854 2398 the
872 2372 1043 2410 passage
1058 2359 1194 2399 which

345 2415 496 2454 relates
526 2419 570 2454 to
599 2414 672 2453 the
698 2414 948 2453 celebration
973 2414 1019 2453 of
1032 2414 1193 2454 Easter.

345 2470 498 2518 Usher,
540 2469 743 2517 however,
783 2469 858 2508 has
895 2468 1085 2520 supplied
1123 2468 1195 2508 the

345 2525 495 2564 lacuna
510 2524 616 2563 from
635 2538 661 2563 a
681 2524 777 2564 MS.
791 2523 963 2563 marked
981 2537 1027 2563 as
1048 2527 1060 2545 ‘
1071 2524 1195 2563 Vita·

345 2580 468 2619 linus’
483 2579 494 2596 ’
514 2579 558 2618 in
581 2580 653 2618 the
679 2583 914 2631 monastery
936 2584 981 2618 at
1000 2579 1193 2631 Whitby.

346 2640 356 2656 ‘
371 2635 603 2686 Nunquam
625 2634 735 2673 enim
764 2635 972 2674 celebrare
998 2634 1194 2673 debemus

345 2693 537 2729 sanctum
563 2689 716 2741 pascha
738 2689 819 2728 nisi
850 2689 1075 2728 secundum
1099 2702 1192 2740 apo-

345 2745 534 2784 stolicam
565 2748 608 2783 et
635 2744 879 2783 catholicam
908 2744 1044 2792 fidem,
1074 2748 1124 2783 ut
1151 2743 1196 2783 in

344 2803 434 2839 toto
477 2799 574 2839 orbe
620 2798 854 2838 celebratur
894 2812 920 2838 a
956 2799 1196 2839 Christiana

344 2855 477 2908 plebe,
501 2854 546 2894 id
575 2857 650 2898 est,
670 2854 893 2892 secundum
924 2855 1194 2905 apostolicam

344 2909 531 2962 regulam
551 2908 724 2964 cccxyiii
753 2911 988 2947 sanctorum
1013 2912 1193 2960 patrum,

344 2969 388 3004 et
407 2967 646 3016 computum
665 2963 737 3002 SS.
760 2963 907 3014 Cyrilli
928 2967 971 3003 et
989 2964 1192 3016 Dionysii.

346 3020 461 3059 Nam
507 3020 551 3058 in
599 3022 686 3058 toto
732 3021 936 3057 terrarum
990 3018 1087 3058 orbe
1135 3019 1193 3057 sic

345 3074 504 3114 Christi
523 3087 608 3113 una
626 3073 824 3117 columba,
844 3073 922 3112 hoc
943 3077 1005 3111 est
1024 3073 1194 3112 ecclesia

345 3130 613 3169 immaculata
637 3131 825 3167 sanctum
850 3127 1019 3166 Paschae
1039 3128 1193 3167 Resur-

345 3184 541 3223 rectionis
566 3184 676 3222 diem
704 3182 897 3222 celebrat.
952 3182 1068 3221 Nam
1093 3182 1190 3221 Vic-

345 3240 447 3279 toris
458 3238 645 3292 regulam
658 3238 820 3291 paschae
838 3237 954 3278 sedes
969 3237 1193 3290 apostolica

1248 2316 1330 2343 non
1342 2303 1599 2356 adprobavit,
1617 2304 1711 2344 ideo
1721 2317 1797 2343 1100
1812 2304 2002 2356 sequitur
2020 2305 2098 2345 dis-

1248 2359 1491 2411 positionem
1511 2359 1600 2410 ejus
1618 2373 1693 2411 pro
1713 2357 1890 2411 pascha.’
1944 2359 2098 2406 Usher,

1250 2414 1454 2453 Veterum
1467 2414 1572 2466 Epp.
1586 2414 1908 2453 Hibernicarum
1920 2413 2096 2468 Sylloge,

1251 2482 1314 2520 ep.
1334 2469 1388 2508 ix.
1408 2483 1447 2521 p.
1477 2467 1567 2508 126.
1623 2469 1771 2508 Victor
1792 2483 1877 2508 was
1901 2482 1926 2508 a
1952 2470 2099 2523 bishop

1250 2524 1297 2563 of
1321 2524 1476 2576 Capua,
1500 2524 1593 2563 who
1625 2523 1710 2563 had
1738 2524 1906 2563 written
1934 2525 2098 2577 against

1248 2579 1322 2618 the
1340 2578 1509 2631 paschal
1533 2578 1624 2618 rule
1647 2579 1694 2618 of
1709 2578 1922 2619 Victorius
1945 2581 1991 2619 in
2010 2591 2096 2620 Λα).

1250 2643 1343 2686 550·

1303 2688 1319 2711 ²
1346 2689 1566 2730 secundum
1595 2718 1606 2728 .
1627 2719 1638 2729 .
1660 2718 1670 2728 .
1699 2687 1894 2740 tenorem]
1962 2689 2098 2729 Oswio

1250 2743 1354 2783 then
1378 2743 1463 2783 had
1491 2743 1622 2783 asked
1650 2743 1721 2783 the
1740 2744 1854 2796 Pope
1882 2748 1927 2783 to
1951 2744 2097 2784 choose

1249 2798 1339 2837 him
1369 2812 1396 2838 a
1427 2798 1598 2850 bishop:
1639 2798 1722 2837 and
1749 2803 1821 2851 yet
1851 2798 1966 2838 Beda
2002 2812 2123 2850 says·

1249 2854 1391 2900 above,
1406 2867 1447 2905 p.
1471 2853 1562 2904 206,
1587 2854 1682 2892 that
1700 2854 1753 2892 he
1770 2853 1855 2893 had
1873 2857 1965 2893 sent
1980 2854 2096 2906 wig-

1249 2908 1355 2948 hard
1402 2912 1447 2947 to
1501 2908 1554 2946 be
1600 2909 1860 2948 consecrated
1914 2908 2091 2949 himself.

1247 2963 1488 3003 Vitalianus
1507 2963 1604 3002 does
1622 2968 1696 3002 not
1713 2964 1820 3002 refer
1839 2969 1883 3002 to
1901 2964 1998 3013 this,
2018 2976 2096 3003 nor

1248 3019 1346 3058 does
1375 3018 1429 3058 110
1461 3018 1587 3070 speak
1615 3018 1662 3057 of
1679 3018 1883 3070 Wighard
1909 3032 1956 3058 as
1982 3017 2018 3056 if
2040 3018 2094 3056 he

1246 3073 1330 3112 had
1361 3073 1469 3113 been
1499 3072 1776 3124 bishop-elect.
1807 3073 1866 3113 H.
1924 3073 1989 3113 On
2021 3072 2094 3111 the

1247 3128 1442 3167 different
1461 3128 1586 3167 views
1610 3127 1739 3166 taken
1758 3128 1805 3166 of
1818 3127 1904 3167 this
1925 3131 2091 3178 matter,

1247 3196 1314 3223 see
1333 3183 1523 3232 Kemble,
1547 3182 1590 3221 ii.
1613 3182 1704 3233 365,
1724 3187 1834 3223 note.

1301 3239 1318 3262 ³
1342 3237 1513 3290 yerulis]
1541 3243 1551 3258 ⁶
1565 3236 1763 3277 Bearers.'
