2216 3554
160 252 279 314 CAP.
305 250 437 320 xlx]
798 250 961 299 Gentis
994 249 1280 313 Anylorum.
1845 254 1907 299 43

158 393 500 451 opportunum,
517 388 574 431 ut
588 381 802 430 membra
816 387 1094 429 sanctorum
1109 398 1169 429 ex
1187 380 1388 429 diversis
1403 380 1680 444 regionibus
1697 381 1909 440 collecta,

161 486 282 533 quos
333 485 471 532 pares
522 465 706 514 meritis
752 467 996 526 receperat
1042 464 1226 523 caelum,
1269 463 1476 527 sepulcri
1525 480 1717 526 quoque
1764 463 1911 511 unius

159 557 345 600 teneret
378 549 658 613 hospitium.
730 546 920 607 Quibus
957 546 1188 609 depositis
1223 545 1498 615 honorifice,
1524 552 1670 609 atque
1703 545 1909 605 sociatis,

160 636 219 682 de
254 635 358 682 loco
392 633 510 696 ipso,
546 630 632 678 ubi
666 628 798 677 beati
833 629 1061 691 martyris
1098 629 1274 677 effusus
1309 635 1414 677 erat
1456 628 1664 693 sanguis,
1702 614 1910 675 massam

160 717 372 781 pulveris
407 731 567 763 secum
602 716 882 776 portaturus
922 711 1125 760 abstulit
1141 712 1171 771 ¹,
1207 711 1261 759 in
1299 729 1396 775 qua
1430 711 1711 775 apparebat,
1743 727 1930 758 cruore.

162 805 363 857 servato,
380 797 599 845 rubuisse
623 793 895 856 martyrum
921 794 1100 842 caedem
1124 800 1431 857 persecutore
1455 794 1682 858 pallente.
1722 793 1911 854 Quibus

159 882 229 930 ita
265 881 426 945 gestis,
460 870 715 927 innumera
754 876 1007 925 hominum
1045 878 1211 926 eodem
1245 877 1323 926 die
1358 866 1420 926 ad
1456 877 1720 926 Dominum
1768 877 1912 924 turba

160 953 387 1013 conversa
411 966 493 1011 est.

870 1087 1012 1137 OAP.
1064 1083 1204 1133 XIX:

166 1214 216 1254 Ut
243 1214 352 1254 idem
380 1226 503 1254 causa
531 1213 788 1264 infirmitatis
816 1211 966 1253 ibidem
1003 1212 1199 1258 detentus,
1227 1216 1264 1251 et
1291 1209 1486 1251 incendia
1515 1210 1725 1251 domorum
1753 1212 1911 1252 orando

350 1282 585 1322 restinxerit
597 1298 616 1329 ;
651 1285 687 1322 et
707 1281 794 1334 ipse
806 1294 882 1333 per
901 1281 1096 1321 visionem
1117 1293 1144 1319 a
1162 1293 1233 1320 suo
1252 1279 1306 1319 sit
1330 1279 1524 1331 lomyuore
1541 1285 1720 1320 curatus.

229 1395 385 1444 UNDE
432 1396 550 1443 dum
586 1396 802 1453 redeunt,
838 1393 1117 1452 insidiator,
1137 1392 1363 1440 inimicus
1405 1392 1679 1440 casualibus
1726 1391 1911 1455 laqueis

161 1477 456 1541 praeparatis,
484 1477 715 1526 Germani
739 1477 912 1540 pedem
938 1476 1102 1539 lapsus
1127 1474 1374 1523 occasione
1410 1475 1654 1534 contrivit,
1681 1475 1912 1537 ignorans

164 1560 336 1608 merita
350 1560 493 1619 illius,
511 1559 635 1607 sicut
652 1560 690 1608 J
692 1560 753 1607 ob
771 1558 1049 1615 beatissimi,
1065 1556 1319 1605 afflictione
1335 1557 1550 1619 corporis
1568 1558 1880 1620 propaganda
1899 1574 1908 1605 :

163 1649 213 1690 et
236 1643 355 1690 dum
377 1643 659 1707 aliquandiu
683 1660 781 1691 uno
813 1642 864 1689 in
889 1642 990 1689 loco
1014 1640 1313 1688 infirmitatis
1338 1640 1618 1688 necessitate
1650 1647 1912 1699 teneretur,

160 1724 212 1771 in
247 1724 404 1772 vicina
439 1742 533 1788 qua
578 1725 803 1773 manebat
838 1724 999 1789 casula
1034 1723 1218 1770 exarsit
1261 1722 1574 1770 incendium:
1625 1723 1754 1786 quod
1801 1739 1911 1771 con—

159 1807 365 1869 sumptis
400 1806 625 1855 domibus
674 1824 780 1870 quae
817 1805 918 1853 illi-c
951 1806 1161 1868 palustri
1201 1805 1472 1852 harundine
1507 1806 1812 1868 tegebantur,
1850 1806 1911 1853 ad

160 1905 269 1936 eum
316 1889 645 1945 habitaculum
692 1889 744 1937 in
779 1906 875 1953 quo
925 1888 1054 1935 idem
1090 1888 1296 1950 jacebat,
1333 1887 1499 1935 flabris
1546 1887 1912 1936 stimulantibus

159 1971 417 2019 ferebatur.
490 1972 764 2020 Concursus
816 1971 1031 2018 omnium
1090 1970 1154 2017 ad
1209 1969 1479 2017 antistitem
1527 1970 1814 2029 convolavit,
1856 1975 1914 2019 ut

161 2053 315 2101 elatus
351 2054 569 2102 manibus
614 2055 882 2118 periculum
918 2053 1048 2118 quod
1094 2053 1376 2100 imminebat
1423 2053 1679 2100 evaderet:
1737 2053 1912 2116 quibus

161 2135 432 2199 increpatis,
469 2138 651 2186 moveri
687 2154 735 2186 se
769 2137 882 2185 fidei
917 2135 1296 2200 praesumptione
1331 2152 1430 2182 non
1463 2152 1631 2199 passus
1669 2141 1754 2184 est.
1843 2136 1913 2184 At

162 2219 425 2266 multitudo
450 2219 604 2267 omnis
627 2219 965 2284 desperatione
989 2218 1260 2282 perterrita,
1283 2218 1475 2266 obviam
1500 2218 1653 2266 currit
1676 2219 1913 2267 incendio.

162 2299 257 2350 Sed
290 2307 348 2350 ut
374 2301 471 2350 Dei
503 2303 723 2366 potentia
757 2302 1061 2351 manifestior
1095 2307 1362 2365 appareret,
1398 2301 1634 2365 quidquid
1670 2301 1914 2350 custodire

162 2389 432 2432 tentaverat
479 2387 634 2444 turba,
671 2385 971 2434 consumitur
985 2401 998 2444 3
1053 2384 1186 2447 quod
1227 2400 1342 2431 vero
1383 2382 1548 2446 jacens
1596 2389 1645 2432 et
1690 2383 1913 2432 infirmus

162 2466 452 2527 defenderat,
490 2472 700 2516 reserato
748 2467 959 2531 hospitio
1003 2467 1157 2515 sancti
1205 2466 1313 2524 viri,
1351 2483 1671 2530 expavescens
1719 2467 1915 2514 flamma

162 2548 449 2607 transilivit,
468 2551 598 2598 ultra
628 2551 842 2614 citraque
872 2551 1149 2609 desaeviens,
1177 2556 1225 2598 et
1257 2549 1387 2598 inter
1421 2550 1587 2614 globos
1620 2549 1914 2598 flammantis

164 2631 386 2691 incendii,
425 2632 662 2681 incolume
703 2634 1067 2682 tabernaculum
1106 2633 1235 2696 quod
1281 2632 1527 2681 habitator
1566 2631 1780 2680 inclusus
1820 2649 1914 2679 ser-

162 2713 322 2772 vabat,
356 2714 568 2763 emicuit.
637 2715 844 2764 Exultat
880 2716 1026 2764 turba
1066 2716 1315 2774 miraculo,
1341 2719 1391 2764 et
1435 2715 1615 2763 victam
1651 2732 1701 2762 se
1736 2714 1914 2762 divinis

162 2795 430 2845 virtutibus
487 2798 776 2860 gratulatur.
847 2798 1136 2847 Excubabat
1158 2806 1161 2810 ”
1187 2798 1357 2847 diebus
1405 2815 1458 2846 ac
1517 2798 1740 2846 noctibus
1799 2800 1914 2846 ante

163 2878 417 2943 tugurium
450 2879 673 2942 pauperiS
708 2881 882 2943 vulgus
918 2881 1018 2929 sine
1055 2898 1285 2940 numero,
1322 2881 1375 2928 hi
1411 2882 1598 2930 animas
1632 2897 1800 2929 curare
1836 2896 1914 2926 cu-

162 2962 362 3026 pientes,
390 2961 441 3008 hi
466 2978 677 3024 corpora.
748 2963 942 3012 Referri
971 2969 1219 3028 nequeunt
1243 2981 1350 3028 quae
1374 2965 1597 3015 Christus
1622 2964 1914 3027 operabatur

165 3111 252 3140 AJ).
269 3107 359 3152 794,
377 3100 504 3139 found
523 3101 620 3140 here
639 3101 711 3140 the
722 3101 849 3141 bones
869 3102 916 3142 of
926 3101 1000 3142 the
1060 3103 1199 3142 natale
1259 3115 1397 3142 secum
1448 3101 1734 3144 Altissiodoro,
1778 3098 1910 3150 capel-

166 3155 331 3194 various
368 3162 559 3208 mai-tyrs,
596 3156 732 3195 which
770 3157 854 3196 had
898 3157 1002 3197 been
1060 3157 1144 3197 lam
1162 3162 1405 3197 construens
1423 3158 1468 3196 111
1486 3158 1680 3196 honorem
1700 3153 1907 3204 martyris,

165 3209 376 3287 deposited
399 3211 494 3250 here
515 3211 567 3263 by
588 3211 832 3253 Germanus.
1064 3211 1307 3252 memorati.‘
1367 3212 1518 3251 Others
1565 3223 1639 3261 say
1678 3209 1770 3247 that
1806 3208 1906 3247 Ger·

250 3265 437 3317 abstulit]
455 3266 1010 3318 Thos.Walsingham,quot—
1063 3280 1212 3306 manus
1239 3267 1472 3307 translated
1490 3263 1694 3304 Albanus'
1722 3263 1840 3302 relics
1861 3267 1905 3302 to

165 3319 237 3372 ing
255 3319 375 3360 these
395 3321 539 3368 words,
560 3320 663 3360 adds
689 3324 757 3360 ‘et
783 3320 936 3361 detulit
955 3321 1010 3362 ad
1064 3322 1211 3362 Rome.
1269 3321 1420 3367 Usher,
1442 3334 1510 3373 pp.
1540 3327 1629 3370 177,
1653 3319 1742 3369 178.
