2216 3554
262 143 344 189 *22
854 137 1080 188 Historia
1114 138 1453 188 Ecclesiastica
1828 134 1961 204 [Lm.
1984 150 2023 186 Ι.

279 268 519 334 condigna
539 271 811 319 «exstructa.
881 269 946 319 In
963 287 1074 335 -quo
1104 270 1332 320 videlicet
1358 270 1463 319 loco
1487 284 1642 333 usque
1663 268 1726 316 ad
1747 266 1871 316 hanc
1894 268 2024 316 diem

279 352 468 401 curatio
501 352 805 402 infirmorum
838 356 890 402 et
924 353 1256 418 frequentium
1289 352 1506 418 operatio
1530 351 1773 401 virtutum
1796 350 2024 399 celebrari

279 450 377 482 non
400 434 592 483 desinit.

335 517 481 566 Passi
503 520 620 565 sunt
644 533 700 565 ea
723 519 1009 580 tempestate
1031 517 1198 567 Aaron
1227 521 1278 566 et
1308 516 1476 566 Julius
1494 514 1511 542 ¹
1540 514 1811 579 Legionum
1835 514 1991 563 Urbis
2007 514 2026 542 ²
2046 579 2047 582 Ἴ

304 625 383 660 and
395 625 437 659 or
448 624 573 660 Aaron
623 599 763 659 cives,
788 599 970 663 aliique
1004 600 1259 664 utriusque
1294 615 1438 648 sexus
1473 598 1678 647 diversis
1705 597 1758 644 in
1781 596 1897 645 locis
1919 584 2046 660 perf

321 676 556 713 andsssulius.
621 681 801 744 plures,
837 681 922 745 qui
972 682 1177 731 diversis
1225 681 1518 730 cruciatibus
1564 678 1686 728 torti
1725 683 1774 727 et
1808 678 2028 727 inaudita

280 764 605 812 membrorum
639 763 966 827 discerptione
1003 763 1217 824 lacerati,
1241 763 1427 813 animas
1462 762 1524 812 ad
1558 778 1780 825 supernae
1815 760 2030 810 civitatis

279 845 455 910 gaudia
477 845 692 910 perfecto,
707 862 862 910 agone
881 845 1134 896 miserunt.
1291 829 1309 850 ”

993 1004 1138 1054 ΟΑΡ.
1176 1004 1322 1054 V-III.

308 1124 360 1166 Ut
377 1124 455 1167 Ῑιασ
472 1132 648 1168 οεεεακηιε
663 1124 950 1180 persecutione,
971 1127 1136 1168 ecclesia
1161 1128 1209 1168 in
1228 1127 1460 1168 Brittwniis
1478 1126 1786 1179 aliquantulam
1805 1140 1928 1181 usque
1944 1126 2004 1168 ad

675 1202 857 1250 tempora
875 1197 1072 1238 Arrianae
1089 1197 1266 1240 vesanioe
1286 1210 1426 1250 pacem
1443 1196 1644 1238 habuerit.

348 1291 428 1340 A'r
472 1292 558 1342 ubi
603 1295 747 1342 turbo
786 1293 1137 1357 persecutionis
1179 1294 1380 1358 quievit,
1415 1294 1657 1358 progressi
1695 1293 1748 1342 in
1782 1293 2031 1358 publicum

297 1413 377 1450 The
392 1413 540 1449 British
623 1376 786 1425 fideles
811 1376 996 1425 Christi
1020 1377 1103 1440 qui
1139 1374 1221 1426 se'3
1256 1383 1474 1441 tempore
1498 1377 1794 1425 discriminis
1817 1377 1954 1426 silvis
1977 1393 2033 1426 ac

310 1462 463 1499 chureh
478 1465 520 1498 at
626 1458 828 1507 desertis
874 1458 1113 1507 abditisve
1167 1456 1408 1523 speluncis
1457 1459 1744 1528 occulerant,
1797 1463 2034 1507 renovant

363 1523 490 1556 pffloe'
621 1540 842 1590 ecclesias
876 1541 938 1589 ad
974 1540 1128 1590 solum
1164 1557 1317 1605 usque
1345 1541 1630 1600 destructas,
1654 1540 1877 1590 basilicas
1900 1557 2032 1590 sanc·

279 1628 441 1673 torum
491 1627 763 1686 martyrum
821 1623 1044 1684 fundant,
1104 1626 1406 1684 construunt,
1455 1623 1727 1688 perficiunt,
1775 1640 1833 1674 ac
1877 1623 2033 1673 veluti

279 1706 500 1755 victricia
547 1707 688 1771 signa
732 1705 912 1770 passim
942 1694 950 1711 ’
958 1706 1232 1770 propalant,
1268 1707 1372 1755 dies
1424 1707 1573 1755 festos
1609 1707 1864 1766 celebrant,
1901 1722 2035 1755 sacra

279 1789 463 1837 mundo
487 1788 630 1837 corde
653 1794 799 1852 atque
824 1805 906 1836 ore
924 1788 1223 1838 conficiunt:
1260 1789 1534 1852 mansitque
1551 1789 1570 1816 ⁴
1600 1788 1703 1838 haec
1737 1789 1790 1836 in
1824 1788 2034 1837 ecclesiis

281 1871 466 1922 Christi
501 1887 610 1935 quae
645 1876 785 1920 erant
819 1870 872 1918 in
906 1871 1151 1920 Brittania
1181 1888 1278 1935 pax
1306 1888 1459 1935 usque
1483 1873 1545 1920 ad
1568 1876 1787 1935 tempora
1810 1870 2035 1920 Arrianae

281 1952 504 2014 vesaniae,
546 1968 657 2016 quae
704 1957 934 2016 corrupto
982 1953 1098 2002 orbe
1142 1957 1265 2014 toto,
1308 1953 1432 2002 hanc
1468 1954 1615 2002 etiam
1650 1954 1861 2003 insulam
1897 1959 2035 2003 extra

283 2034 451 2083 orbem
477 2040 579 2084 tam
614 2036 756 2099 longe
791 2041 1029 2084 remotam
1063 2053 1248 2085 veneno
1285 2036 1360 2085 sui
1394 2035 1563 2084 infecit
1598 2036 1810 2085 erroris:
1861 2042 1910 2086 et
1944 2036 2035 2085 hac

283 2116 421 2182 quasi
443 2118 524 2166 via
546 2118 836 2181 pestilentiae
864 2123 1000 2167 trans
1029 2135 1261 2167 oceanum
1291 2119 1547 2182 patefacta,
1577 2136 1675 2167 non
1704 2135 1851 2179 mora,
1877 2119 2034 2168 omnis

283 2216 335 2248 se
368 2200 472 2248 lues
506 2200 740 2248 haereseos
776 2200 1021 2263 cujusque,
1058 2200 1231 2248 insulae
1266 2200 1383 2249 novi
1418 2217 1608 2264 semper
1642 2200 1830 2265 aliquid
1864 2201 2035 2250 audire

282 2281 513 2347 gaudenti
537 2286 586 2330 et
608 2281 733 2329 nihil
757 2283 878 2331 certi
900 2282 1106 2331 firmiter
1128 2283 1370 2331 obtinenti
1392 2283 1587 2332 infudit.

351 2363 451 2412 His
474 2364 771 2427 temporibus
786 2365 804 2391 ⁵
828 2364 1143 2414 Constantius
1167 2364 1251 2429 qui
1275 2365 1471 2413 vivente
1496 2364 1800 2414 Diocletiano
1825 2364 2034 2414 Galliam

326 2447 573 2536 0ῡῖξῷἰῖξῶ
628 2448 1018 2513 Hispaniamque
1044 2449 1255 2514 regebat,
1279 2450 1357 2497 vir
1371 2450 1389 2477 ⁶
1423 2466 1624 2498 summae
1647 2450 2035 2499 mansuetudinis

301 2549 382 2586 dies
395 2549 611 2585 inBritain.
629 2533 679 2579 et
714 2531 968 2580 civilitatis
1002 2531 1055 2579 in
1090 2531 1334 2580 Brittania
1367 2538 1524 2581 morte
1560 2532 1696 2581 obiit.
1766 2531 1867 2582 Hic
1907 2532 2034 2583 Con-
2068 2577 2085 2643 ἱ

286 2655 409 2708 again
435 2668 520 2695 was
547 2654 767 2708 destroyed
792 2654 849 2707 by
876 2654 949 2694 the
974 2655 1129 2703 Danes,
1185 2654 1232 2695 of
1252 2655 1369 2694 them
1395 2669 1480 2696 was
1507 2655 1614 2704 Isca,
1646 2655 1782 2696 where
1809 2656 1884 2696 the
1901 2657 2034 2709 ‘legio

285 2710 364 2750 but
390 2710 544 2749 rebuilt
571 2710 630 2762 by
658 2709 878 2756 Lanfiauo,
900 2710 1032 2749 under
1058 2710 1132 2749 the
1186 2711 1368 2750 secunda
1384 2709 1394 2727 '
1425 2724 1510 2750 was
1538 2712 1758 2760 stationed,
1789 2725 1884 2752 now
1912 2712 2034 2752 caer-

287 2779 380 2805 care
401 2765 448 2805 of
471 2764 619 2805 abbots
636 2764 745 2804 Paul
771 2764 855 2803 and
882 2765 1068 2804 Richard
1086 2766 1133 2804 in
1186 2764 1491 2814 leon-on-Usk3
1531 2766 1604 2805 the
1645 2767 1766 2806 other
1801 2780 1900 2820 may
1926 2766 2034 2808 have

285 2830 374 2861 Aa).
399 2828 517 2869 1115.
1185 2819 1294 2859 been
1313 2820 1488 2860 Chester
1505 2834 1552 2859 or
1570 2821 1793 2861 Leicester.

341 2873 357 2898 ¹
384 2874 528 2915 Aaron
548 2877 584 2914 et
601 2873 764 2926 Julius]
786 2874 846 2913 To
866 2873 982 2913 these
1000 2874 1131 2914 saints
1239 2874 1255 2897 ³
1284 2875 1356 2926 qui
1374 2888 1414 2915 se
1433 2907 1444 2917 .
1467 2906 1477 2917 .
1498 2906 1509 2917 .
1528 2876 1765 2929 conficiunt]
1794 2876 1921 2916 From
1944 2876 2034 2916 Gil-

286 2942 396 2969 were
435 2929 654 2968 dedicated
693 2933 778 2968 two
819 2929 868 2968 of
903 2929 975 2968 the
1015 2929 1131 2968 three
1184 2929 1271 2978 das,
1292 2930 1378 2969 viii.

286 2985 377 3024 first
405 2983 604 3023 churches
636 2983 682 3023 in
715 2983 895 3025 Britain.
971 2983 1130 3024 Girald.
1242 2982 1257 3006 ¹
1285 2985 1515 3036 mansitque
1544 3015 1555 3025 .
1586 3015 1598 3025 .
1629 3016 1639 3026 .
1668 2985 1849 3038 infudit]
1881 2985 2032 3039 Freely

287 3039 432 3079 Camb.
451 3038 554 3079 Itin.
574 3037 603 3077 i.
624 3048 662 3089 5.
691 3038 733 3079 S.
1185 3039 1387 3079 rendered
1406 3040 1514 3079 from
1531 3040 1645 3082 Gild.
1663 3041 1720 3081 ix,

342 3092 359 3115 ²
386 3093 613 3145 Leyionum
647 3092 782 3145 Urbis]
809 3093 909 3132 Two
929 3092 1035 3132 Caer
1051 3093 1131 3132 Le·
1241 3094 1258 3118 ⁵
1285 3094 1370 3134 His
1386 3096 1651 3148 temporibus]
1674 3106 1762 3136 Λα).
1788 3092 1880 3145 306.

287 3148 405 3199 gions
445 3162 517 3188 are
556 3148 796 3188 mentioned
835 3148 881 3187 in
922 3147 967 3186 N
969 3146 1127 3187 ennius’
1239 3147 1255 3171 ⁶
1282 3150 1349 3190 vir
1379 3181 1389 3192 ‚
1428 3179 1440 3191 .
1472 3179 1483 3191 .
1513 3149 1701 3204 reliquit]
1742 3149 1922 3197 Orosius,
1958 3149 2030 3192 vii.

287 3203 502 3257 catalogue
530 3202 578 3244 of
603 3202 733 3244 ciues.
807 3202 1024 3256 Certainly
1051 3216 1129 3243 one
1188 3214 1208 3242 2
1215 3215 1252 3257 5.
