2216 3554
643 190 692 238 U
687 188 1099 255 yremutlzensium
1134 195 1176 237 et
1213 187 1594 254 Gyruuensium.
1892 194 1988 240 373

234 321 347 369 inde
370 321 644 387 digrediens
667 322 730 371 ad
753 321 963 370 insulam
981 321 1337 385 Lyrinensem¹‚
1357 321 1540 370 ibidem
1571 338 1621 370 se
1644 321 1989 370 monachorum

233 404 379 452 coetui
424 404 642 460 tradidit,
689 410 942 453 tonsuram
1000 403 1198 467 accepit,
1246 409 1296 452 et
1355 404 1662 467 disciplinam
1718 405 1991 467 regularem

232 487 455 535 monachi
478 491 590 536 voto
621 486 882 551 insignitus
918 485 1083 534 debita
1114 503 1225 534 cum
1261 486 1587 535 sollicitudine
1622 487 1866 536 servavit:
1903 487 1991 535 ubi

230 586 319 633 per
357 570 607 618 biennium
647 570 818 618 idonea
860 569 1135 618 monasticae
1173 569 1552 618 conversationis
1591 569 1812 617 doctrina
1850 570 1990 617 insti-

230 656 382 712 tutus,
407 670 574 701 rursus
609 653 737 701 beati
764 653 899 701 Petri
934 652 1265 716 apostolorum
1299 652 1533 717 principis
1569 670 1730 702 amore
1755 653 1987 711 devictus,

229 738 466 783 sacratam
490 736 594 797 ejus
618 751 816 798 corpore
840 734 1086 783 civitatem
1110 735 1340 799 repedare
1365 735 1551 784 statuit.

301 833 346 879 3.
384 817 487 867 Nec
523 822 633 880 post
673 817 873 881 longum
917 817 1203 866 adveniente
1243 835 1368 867 nave
1408 818 1709 878 mercatoria,
1748 816 1986 866 desiderio

229 899 464 948 satisfecit
478 901 510 949 2.
580 899 656 948 Eo
691 903 855 948 autem
890 905 1107 964 tempore
1142 901 1340 950 miserat
1364 901 1644 966 Egberthus
1714 915 1812 953 [an.
1829 913 1918 953 667·]

229 981 605 1031 Oantuariorum
640 999 726 1030 rex
760 983 820 1031 de
845 983 1086 1032 Brittania
1121 985 1326 1032 electum
1354 985 1416 1033 ad
1441 984 1743 1048 episcopatus
1775 981 1986 1031 officium

227 1065 389 1112 virum
423 1065 619 1113 nomine
642 1065 979 1129 Vyghardum,
1005 1067 1090 1131 qui
1124 1085 1154 1116 a
1181 1067 1414 1116 Romanis
1439 1067 1568 1115 beati
1591 1064 1817 1129 Gregorii
1848 1081 1987 1127 papae

227 1146 478 1210 discipulis
511 1146 565 1194 in
601 1146 775 1196 Cantia
810 1149 969 1196 fuerat
1004 1148 1138 1196 omni
1180 1149 1498 1198 ecclesiastica
1538 1147 1850 1197 institutione
1891 1146 2007 1194 suf-.

226 1229 446 1278 ficienter
469 1230 666 1278 edoctus
682 1247 695 1290 3
746 1231 944 1295 cupiens
977 1248 1086 1279 eum
1123 1231 1216 1280 sibi
1240 1232 1409 1281 Romae
1446 1231 1663 1280 ordinari
1691 1230 1985 1301 episcopum,

227 1318 465 1377 quatenus
492 1304 611 1362 ⁵“suae
656 1314 815 1377 gentis
856 1321 905 1363 et
945 1315 1127 1379 linguae
1163 1315 1345 1364 habens
1381 1315 1666 1374 antistitem,
1704 1320 1841 1364 tanto
1876 1330 1985 1377 per-

224 1396 399 1444 fectius
435 1413 546 1444 cum
575 1397 803 1460 subjectis
827 1396 919 1446 sibi
943 1398 1135 1461 populis
1159 1399 1237 1447 vel
1259 1399 1423 1447 verbis
1448 1399 1748 1447 imbueretur
1771 1397 1885 1446 fidei
1908 1397 1986 1446 vel

225 1480 492 1543 mysteriis;
543 1484 725 1543 quanto
761 1480 863 1529 haec
898 1498 996 1529 non
1031 1498 1118 1544 per
1142 1481 1473 1545 interpretem,
1500 1482 1583 1530 sed
1608 1498 1694 1545 per
1718 1480 1912 1545 cognati
1938 1485 1987 1529 et

225 1562 510 1611 contribulis
528 1563 624 1611 viri
646 1563 866 1627 linguam
892 1563 1038 1611 simul
1062 1581 1358 1628 manumque
1385 1564 1661 1628 susciperet.
1733 1563 1831 1625 Qui
1849 1562 1982 1612 vide-

223 1645 336 1693 licet
359 1645 637 1709 Vighardus
660 1646 871 1694 Romam
895 1646 1108 1706 venienS,
1135 1664 1245 1695 cum
1281 1647 1467 1695 cunctis
1503 1647 1589 1711 qui
1626 1664 1787 1696 secum
1810 1663 1985 1694 venere

223 1727 496 1788 comitibus,
526 1732 786 1792 antequam
811 1729 1016 1794 gradum
1051 1729 1360 1792 pontificatus
1396 1730 1682 1794 perciperet,
1707 1730 1878 1778 morbo
1907 1729 1981 1775 in-

222 1815 425 1874 gruente
450 1810 704 1859 defunctus
740 1817 827 1860 est.
898 1811 970 1860 At
994 1829 1109 1860 vero
1144 1829 1270 1876 papa
1307 1813 1614 1876 apostolicus,
1641 1830 1700 1861 ne
1735 1811 1982 1876 legatariis

223 1893 516 1942 obeuntibus
551 1894 729 1959 legatio
762 1894 989 1958 religiosa
1012 1894 1228 1943 fidelium
1252 1895 1415 1943 fructu
1447 1900 1750 1958 competente
1785 1899 1985 1954 careret,

222 1975 346 2025 inito
388 1976 587 2026 consilio
630 1977 776 2042 elegit
817 1978 877 2026 de
916 1978 1015 2026 suis
1058 1995 1202 2041 quem
1244 1978 1528 2026 Britannias
1570 1977 1983 2042 archiepiscopum

222 2059 455 2119 mitteret,
502 2060 811 2109 Theodorum
857 2061 1082 2109 videlicet
1127 2061 1329 2110 seculari
1375 2061 1524 2110 simul
1571 2065 1620 2109 et
1667 2060 1985 2109 ecclesiastica

222 2141 526 2206 philosophia
561 2143 823 2206 praeditum
859 2143 1038 2203 virum,
1064 2149 1113 2192 et
1147 2144 1238 2192 hoc
1275 2143 1327 2191 in
1363 2150 1570 2208 utraque
1606 2144 1788 2209 lingua,
1815 2143 1985 2191 Graeca

223 2224 405 2272 scilicet
451 2229 501 2273 et
540 2225 736 2285 Latina,
779 2226 894 2275 dato
941 2226 986 2275 ei
1033 2227 1216 2290 collega
1263 2230 1314 2275 et
1355 2226 1660 2275 consiliatore
1697 2226 1802 2275 viro
1849 2241 1985 2289 aeque

222 2306 558 2356 strenuissimo
593 2325 649 2356 ac
682 2308 1063 2372 prudentissimo
1086 2308 1303 2358 Adriano
1327 2310 1500 2358 abbate
1519 2326 1530 2358 :
1577 2313 1627 2358 et
1650 2309 1764 2373 quia
1787 2325 1984 2357 venera·

223 2390 371 2438 bilem
395 2390 711 2439 Benedictum
736 2391 1018 2455 sapientem,
1043 2392 1355 2452 industrium,
1380 2393 1666 2456 religiosum
1691 2410 1745 2441 ac
1769 2392 1982 2440 nobilem

221 2472 382 2520 virum
416 2473 518 2522 fore
553 2475 817 2538 conspexit,
843 2475 956 2524 huic
991 2475 1271 2524 ordinatum
1307 2492 1420 2524 cum
1455 2476 1555 2533 suis
1592 2475 1818 2524 omnibus
1853 2491 1982 2523 com-

222 2555 472 2604 mendavit
523 2557 814 2621 episcopum,
863 2559 1207 2622 praecepitque,
1248 2565 1305 2608 ut
1362 2559 1532 2608 relicta
1589 2558 1983 2623 peregrinatione

222 2655 370 2702 quam
405 2656 494 2702 pro
520 2639 719 2689 Christo
753 2647 1041 2705 susceperat,
1068 2643 1306 2690 commodi
1331 2642 1518 2691 altioris
1554 2642 1738 2691 intuitu
1773 2641 1982 2706 patriam

220 2738 454 2782 reversus,
478 2722 720 2772 doctorem
745 2723 791 2772 ei
814 2724 1036 2773 veritatis
1062 2742 1207 2789 quem
1232 2726 1395 2774 sedulo
1421 2726 1680 2790 quaesierat
1704 2725 1979 2782 adduceret,

222 2805 300 2853 cui
323 2805 401 2853 vel
435 2805 522 2853 illo
557 2806 781 2871 pergenti
804 2807 884 2856 vel
919 2806 1102 2856 ibidem
1137 2809 1344 2869 docenti,
1369 2809 1555 2873 pariter
1579 2809 1822 2872 interpres
1858 2806 1981 2855 exis—

220 2894 323 2936 tere
349 2893 512 2951 posset
535 2892 587 2937 et
608 2889 792 2938 ductor.
866 2889 1005 2939 Fecit
1027 2895 1086 2939 ut
1116 2893 1359 2955 jusserat:
1397 2895 1639 2942 venerunt
1705 2905 1802 2943 [Am.
1821 2900 1912 2943 669·]

274 3048 290 3072 ¹
317 3048 605 3102 Lyrinensem]
644 3051 689 3091 A
722 3050 842 3090 small
866 3064 997 3104 group
1030 3050 1077 3091 of
1127 3051 1267 3092 Rome*
1278 3053 1314 3093 is
1334 3053 1463 3093 dated
1482 3063 1569 3094 A.D.
1587 3051 1666 3091 668
1687 3051 1743 3102 by
1759 3048 1974 3098 Florence,

219 3104 375 3143 islands
412 3104 473 3143 off
514 3104 689 3153 Oannes,
728 3106 776 3145 of
813 3105 950 3145 which
997 3106 1070 3147 the
1125 3108 1249 3148 while
1271 3108 1507 3161 Wighard's
1530 3106 1685 3147 arrival
1713 3108 1759 3144 at
1784 3104 1918 3142 Rome
1943 3102 1982 3142 is

219 3159 373 3212 largest
391 3159 427 3198 is
446 3159 580 3199 called
598 3160 660 3200 St.
675 3158 916 3207 Honorat’s,
931 3161 1070 3202 where
1125 3162 1251 3203 dated
1279 3175 1368 3206 A.D,
1389 3163 1470 3216 667
1502 3163 1560 3215 by
1579 3162 1652 3202 the
1682 3160 1822 3200 Saxon
1852 3158 1980 3198 Chro-

219 3227 291 3255 are
312 3214 384 3254 the
403 3215 584 3255 remains
605 3215 652 3255 of
664 3229 690 3255 a
709 3222 959 3269 monastery.
1128 3218 1249 3260 niele.

274 3267 291 3292 ²
317 3269 540 3323 satisfecit]
581 3270 665 3310 His
692 3269 808 3311 third
830 3271 1011 3325 journey
1027 3275 1074 3312 to
