2216 3554
127 178 249 229 CAP.
275 176 405 248 XIV]
777 181 941 230 Gentis
974 179 1251 243 Anqlorum.
1775 188 1868 233 125

124 311 290 374 bergia
323 312 489 375 regina
521 311 778 376 progeniti,
815 312 1070 372 AEdilhun,
1106 316 1156 361 et
1191 312 1472 377 AEdilthryd
1507 312 1621 373 filia,
1657 320 1706 363 et
1746 317 1870 364 alter

124 393 254 442 filius
277 394 521 455 Vuscfrea,
548 411 752 458 quorum
786 394 934 458 primi
969 394 1151 442 31113111ι
1185 395 1342 443 adhuc
1376 395 1505 459 rapti
1539 401 1654 445 sunt
1688 398 1747 446 de
1782 398 1871 447 1130

123 476 240 535 vita,
266 480 315 524 et
338 476 548 525 Eburaci
572 477 625 524 in
649 476 847 525 ecclesia
881 477 1071 540 sepulti.
1142 477 1425 540 Baptizatus
1450 484 1522 526 est
1546 484 1596 527 et
1621 479 1716 526 Yffi
1741 479 1871 528 filius

125 557 324 618 osfridi,
343 559 425 606 sed
449 565 498 607 et
522 557 606 606 alii
629 558 809 606 nobiles
833 576 888 607 30
911 558 1034 622 regii
1051 557 1147 606 viri
1170 576 1267 607 non
1290 559 1447 624 pauci.
1494 560 1682 608 Tantus
1706 566 1870 609 autem

122 639 277 689 fertur
318 646 434 689 tunc
474 641 621 688 fuisse
658 641 817 709 fervor
856 640 969 688 fidei
1010 658 1064 689 30
1100 641 1396 690 desiderium
1429 642 1611 691 lavacri
1647 644 1871 692 salutaris

121 728 263 784 gente
288 723 818 786 Nordanhymbrorum,
842 727 900 771 ut
935 724 1142 787 quodam
1177 730 1395 787 tempore
1418 725 1651 774 Paulinus
1674 716 1869 778 veniens

122 821 232 851 cum
265 821 377 868 rege
413 810 461 853 et
496 804 661 867 regina
696 805 747 852 in
782 805 951 853 villam
986 806 1169 869 regiam
1206 823 1314 870 quae
1350 812 1552 855 vocatur
1577 806 1821 871 Adgefrin
1836 809 1868 867 2,

121 885 327 948 triginta
362 904 445 934 sex
480 887 646 935 diebus
682 887 861 935 ibidem
896 905 1006 935 cum
1041 888 1110 936 eis
1145 888 1470 938 catechizandi
1504 896 1553 939 et
1588 890 1870 954 baptizandi

122 969 276 1016 officio
311 969 502 1017 deditus
537 974 837 1018 moraretur:
876 969 1050 1033 quibus
1083 970 1254 1019 diebus
1291 972 1477 1020 cunctis
1502 989 1530 1020 3
1553 990 1694 1022 1113110
1718 991 1869 1038 usque

121 1051 183 1098 ad
218 1069 464 1115 vesperam
501 1052 571 1099 nil
606 1051 738 1100 aliud
772 1058 935 1115 ageret
972 1069 1117 1116 quam
1146 1054 1472 1102 *confluentem
1505 1072 1560 1103 00
1588 1057 1647 1105 de
1682 1057 1869 1105 cunctis

120 1134 293 1182 viculis
318 1152 372 1182 ac
401 1134 515 1183 locis
544 1134 731 1198 plebem
758 1134 939 1183 Christi
962 1135 1110 1183 verbo
1146 1135 1315 1184 salutis
1344 1137 1600 1197 instruere,
1627 1143 1771 1202 atque
1795 1139 1868 1188 in-

122 1223 356 1266 structam
380 1217 433 1265 in
458 1217 606 1264 fluvio
631 1215 789 1276 (Heni,
816 1217 902 1280 qui
926 1217 1176 1282 proximus
1200 1224 1317 1279 erat,
1344 1220 1535 1269 lavacro
1571 1222 1868 1270 remissionis

120 1300 329 1349 abluere.
400 1299 523 1348 Haec
547 1299 663 1347 villa
687 1295 904 1363 tempore
939 1301 1241 1365 sequentium
1276 1321 1446 1367 regum
1471 1305 1675 1365 deserta,
1701 1311 1748 1354 et
1772 1305 1867 1353 alia

118 1399 208 1446 pro
232 1384 316 1431 illa
340 1389 410 1432 est
434 1384 560 1432 facta
583 1382 636 1430 in
659 1383 761 1431 loco
786 1383 870 1447 qui
894 1388 1094 1433 vocatur
1119 1385 1349 1433 Maelmin
1365 1386 1396 1436 3.
1450 1387 1570 1435 Haec
1595 1387 1790 1451 quidem
1815 1388 1866 1436 in

118 1466 368 1530 provincia
413 1465 780 1525 Berniciorum3
842 1466 924 1514 sed
970 1471 1019 1516 et
1065 1467 1116 1516 in
1163 1469 1411 1532 provincia
1458 1469 1733 1528 Deirorum,
1780 1470 1867 1518 ubi

119 1549 294 1612 saepius
331 1565 523 1596 manere
558 1565 668 1596 cum
703 1564 814 1612 rege
852 1548 1048 1609 solebat,
1087 1550 1364 1612 baptizabat
1398 1550 1449 1599 in
1486 1551 1633 1599 fluvio
1670 1551 1866 1607 Sualua,

118 1631 203 1695 qui
227 1631 388 1678 vicum
414 1630 718 1679 Cataractam
734 1632 752 1656 ⁴
776 1631 1074 1694 praeterfluit.
1145 1633 1375 1683 Nondum
1405 1633 1534 1681 enim
1559 1634 1767 1682 oratoria
1790 1635 1868 1683 vel

116 1712 401 1776 baptisteria
424 1712 476 1758 in
499 1712 606 1775 ipso
635 1713 831 1761 exordio
868 1714 1107 1762 nascentis
1142 1714 1211 1762 ibi
1247 1715 1456 1764 ecclesiae
1492 1719 1717 1779 poterant
1751 1716 1865 1764 aedj-

116 1796 265 1844 ficari.
337 1794 576 1843 Attamen
624 1795 676 1843 in
725 1796 1034 1860 Oampodono
1051 1797 1083 1855 5,
1119 1796 1205 1844 ubi
1244 1802 1362 1845 tunc
1402 1796 1550 1845 etiam
1587 1798 1700 1845 villa
1733 1799 1866 1862 regia

117 1884 234 1938 erat,
260 1878 376 1927 fecit
406 1878 667 1938 basilicam,
696 1896 840 1942 quam
864 1879 1174 1942 postmodum
1209 1880 1384 1943 pagani
1409 1896 1437 1927 3
1461 1880 1638 1943 quibus
1662 1881 1865 1929 AEduini

116 1978 203 2010 rex
238 1960 434 2019 occisus,
459 1978 568 2009 cum
591 1965 696 2028 tota
731 1961 895 2009 eadem
918 1961 1034 2010 villa
1069 1962 1447 2010 succenderunt:
1483 1980 1573 2026 *pro
1599 1980 1694 2027 qua
1729 1980 1866 2027 reges

116 2043 403 2108 posteriores
438 2043 590 2112 fecere
625 2043 718 2092 sibi
753 2032 926 2092 villam·
966 2044 1018 2092 in
1059 2045 1252 2109 regione
1291 2060 1397 2108 quae
1436 2050 1638 2093 vocatur
1684 2046 1864 2095 Loidis.

115 2126 290 2175 Evasit
300 2127 322 2154 '⁶
357 2130 519 2175 autem
554 2127 716 2191 ignem
752 2127 916 2186 altare,
954 2127 1069 2191 quia
1101 2127 1346 2190 lapideum
1382 2133 1514 2175 erat:
1563 2131 1612 2176 et
1647 2134 1867 2177 servatur

115 2209 273 2258 adhuc
296 2209 348 2256 in
372 2209 662 2258 monasterio
682 2209 1061 2258 reverentissimi
1095 2210 1283 2259 abbatis
1306 2213 1356 2258 et
1378 2210 1648 2274 presbyteri
1675 2211 1863 2274 Thryd-

115 2291 250 2352 uulfi,
276 2292 404 2355 quod
429 2297 503 2340 est
526 2293 578 2340 in
602 2293 722 2341 silva
745 2293 933 2341 Elmete
948 2293 979 2342 ⁷.

170 2386 367 2438 1αῑόαιὶ]
388 2393 397 2408 ‘
411 2387 465 2427 In
484 2388 585 2427 albs.
590 2385 600 2400 '
1019 2387 1237 2429 Donafeld.
1294 2388 1381 2427 But
1417 2401 1532 2428 more
1567 2388 1770 2442 probably
1800 2403 1864 2429 we

169 2440 186 2464 ²
213 2442 439 2494 Adyqfrin]
481 2443 592 2482 Now
622 2442 821 2491 Yeverin‚
856 2442 902 2482 in
938 2456 964 2483 a
1018 2456 1116 2496 may
1141 2443 1319 2495 identify
1340 2443 1375 2482 it
1403 2443 1508 2483 with
1535 2443 1607 2483 the
1635 2443 1865 2484 Cambodu-

117 2497 255 2550 valley
285 2497 374 2537 still
401 2497 531 2536 called
561 2496 775 2542 Glendale,
805 2497 963 2549 though
1018 2511 1119 2536 num
1147 2498 1195 2538 of
1213 2498 1466 2544 Antoninus,
1488 2511 1527 2550 p.
1546 2499 1629 2537 xxi.
1650 2499 1713 2538 M.
1727 2499 1784 2538 H.
1798 2499 1865 2545 B..

115 2553 189 2593 the
233 2552 345 2591 river
386 2551 421 2592 is
467 2565 560 2592 now
596 2552 669 2592 the
715 2552 962 2591 Beaumont.
1017 2552 1152 2592 which
1170 2553 1240 2604 lay
1254 2566 1308 2592 on
1327 2553 1398 2592 the
1415 2553 1516 2592 road
1534 2553 1723 2593 between
1740 2554 1865 2593 York

116 2607 315 2656 Camden,
337 2606 395 2647 iii.
417 2613 511 2660 497,
541 2617 632 2659 521.
694 2607 947 2658 ‘AEtgefrin,
953 2607 963 2622 ’
1019 2607 1101 2646 and
1117 2607 1400 2653 Manehester,
1416 2608 1608 2659 eighteen
1626 2609 1744 2648 miles
1758 2609 1864 2647 from

116 2663 157 2703 S.
178 2662 235 2702 V.
1020 2661 1092 2702 the
1105 2662 1243 2702 latter.
1290 2663 1361 2702 No
1375 2663 1456 2702 less
1470 2663 1574 2702 than
1592 2676 1715 2703 seven
1730 2663 1863 2715 places

170 2717 186 2740 ³
214 2714 432 2767 Maelma’n]
466 2719 476 2737 ‘
491 2715 706 2762 Maelmin‚
736 2729 828 2756 now
857 2715 962 2755 Mel·
1018 2715 1063 2754 in
1099 2717 1172 2757 the
1208 2716 1544 2769 neighbourhood
1576 2718 1623 2757 of
1650 2717 1865 2757 Hudders-

116 2771 228 2811 feld?
284 2771 482 2816 Camdem
515 2771 574 2809 iii.
603 2780 696 2824 497.
752 2770 960 2821 Millfield,
1018 2771 1128 2818 field,
1148 2775 1193 2811 at
1211 2772 1268 2811 all
1287 2771 1332 2812 of
1346 2772 1483 2812 which
1502 2773 1665 2812 Roman
1683 2773 1863 2812 remains

115 2839 217 2867 near
235 2826 307 2866 the
326 2825 422 2865 Till.
473 2825 537 2865 Ib.
560 2835 608 2876 52
620 2837 652 2865 1.
1018 2825 1125 2866 have
1143 2826 1248 2866 been
1267 2826 1408 2874 found,
1427 2827 1534 2867 have
1562 2827 1666 2867 been
1694 2827 1862 2879 pitched

171 2881 187 2904 ⁴
215 2880 498 2933 cataractam]
581 2879 960 2931 Κατουρρακτόνιον,
1018 2893 1129 2933 upon
1147 2881 1208 2921 for
1226 2882 1282 2922 its
1300 2882 1401 2930 site3
1428 2882 1506 2921 but
1526 2883 1715 2933 Μαι-1357,
1735 2887 1744 2902 ‘
1758 2881 1860 2920 with

117 2937 296 2976 Ptolem.
339 2935 618 2980 Cataractoni,
639 2935 842 2977 Antonin.
885 2937 962 2977 Ca·
1016 2935 1213 2976 tolerable
1248 2936 1490 2989 certainty?
1538 2936 1778 2980 Yorkshire,
1818 2948 1857 2986 p.

116 2990 390 3039 taractonion,
421 2990 612 3029 Ravenn.
640 2989 788 3042 Geogr.
846 2991 964 3031 Cete-
1019 3002 1112 3042 429,
1146 2990 1353 3031 identifies
1389 2991 1425 3031 it
1456 2991 1560 3031 with
1600 2990 1733 3035 813011,
1770 2989 1862 3027 four

116 3046 222 3095 teht,
245 3046 286 3086 S.
306 3046 357 3084 V.
415 3044 524 3084 Now
544 3044 766 3085 Catterick.
1018 3045 1102 3086 and
1120 3045 1253 3086 a-half
1270 3046 1387 3086 miles
1406 3047 1509 3085 from
1528 3043 1832 3085 Huddersfield.

172 3101 189 3125 ⁵
218 3097 498 3165 Campodono]
549 3100 777 3138 Stevenson
814 3103 963 3141 assei-ts
1072 3099 1089 3124 ⁶
1116 3101 1259 3141 Evasit
1288 3131 1298 3141 .
1319 3131 1328 3142 .
1351 3131 1362 3143 .
1391 3101 1559 3152 Elmete]
1592 3096 1778 3138 Omitted
1806 3097 1861 3148 by

116 3155 212 3196 that
243 3155 326 3195 this
359 3155 395 3194 is
427 3154 681 3193 Doncaster:
730 3154 812 3194 and
848 3168 960 3195 some
1015 3154 1055 3195 S.
1068 3155 1126 3197 V.

116 3209 396 3263 probability
385 3223 421 3249 13
444 3209 568 3260 given
586 3212 632 3248 to
657 3207 741 3248 this
760 3208 864 3248 from
888 3209 962 3251 the
1070 3208 1086 3232 ⁷
1108 3209 1278 3262 E'lmete]
1292 3209 1392 3249 This
1404 3221 1532 3248 seems
1545 3206 1651 3246 tobe
1663 3204 1859 3244 identical

117 3265 336 3317 rendering
380 3264 426 3303 in
477 3263 546 3303 the
593 3262 732 3303 Saxon
769 3263 959 3315 version,
1017 3264 1119 3305 with
1147 3271 1157 3288 ‘
1171 3266 1283 3318 regio
1312 3262 1479 3311 Loidis‚'
1502 3263 1589 3314 just
1617 3261 1758 3301 above.
1815 3259 1859 3299 It
