2216 3554
294 162 390 207 298
438 134 444 140 ’
858 156 1087 206 Ηκεειοήα
1120 156 1461 207 Ecclesiastica
1492 147 1495 148 *
1840 154 1974 226 [Lm
1992 172 2043 210 v.

292 290 422 353 apud
464 289 712 338 internum
754 294 927 338 testem
976 288 1173 338 habitus
1214 288 1294 350 sit,
1334 294 1382 339 et
1429 289 1480 338 in
1528 289 1696 340 multis
1736 291 1859 352 aliis,
1900 297 1950 341 et
1991 292 2043 341 in

292 372 473 435 meipso
511 372 719 420 maxime
765 377 992 435 expertus
1033 388 1172 420 sum:
1216 372 1395 435 quippe
1437 389 1581 436 quem
1620 374 1681 421 ab
1722 374 1840 437 ipso,
1876 379 1933 423 ut
1973 374 2044 423 ita

291 455 464 512 dicam,
500 455 672 503 mortis
712 454 868 502 limite
904 470 1148 513 revocanS,
1184 455 1246 503 ad
1290 455 1421 504 viam
1461 455 1578 503 vitae
1614 472 1701 504 sua
1739 456 1954 505 oratione
1988 473 2044 505 ac

291 536 622 585 benedictione
663 536 872 586 reduxit.
956 537 1086 584 Nam
1128 554 1236 585 cum
1272 537 1505 600 primaevo
1544 538 1877 588 adolescentiae
1923 545 2044 588 tem—

292 635 410 681 pore
437 619 490 666 in
523 619 649 667 clero
681 619 814 667 illius
847 619 1070 683 degerem
1099 619 1292 683 legendi
1322 619 1518 683 quidem
1546 621 1841 684 canendique
1870 621 2045 670 studiis

291 702 518 761 traditus,
543 702 625 749 sed
649 718 748 749 non
772 701 929 750 adhuc
960 701 1177 749 animum
1200 702 1408 765 perfecte
1438 720 1466 751 a
1491 702 1792 766 juvenilibus
1817 703 2046 752 cohibens

291 784 558 843 inlecebris,
585 783 792 847 contigit
824 783 904 832 die
936 783 1144 847 quadam
1178 800 1266 832 nos
1300 784 1396 832 iter
1427 789 1624 850 agentes
1655 801 1765 832 cum
1796 785 1882 833 illo
1905 785 2045 835 deve·

292 866 420 915 nisse
454 866 508 914 in
542 866 672 915 viam
708 866 903 929 planam
938 870 987 913 et
1028 865 1238 928 amplam
1277 871 1538 931 aptamque
1572 867 1738 916 cursui
1772 884 2042 931 equorum:

292 952 634 1011 coeperuntque
670 949 868 1011 juvenes
903 947 988 1010 qui
1028 963 1138 995 cum
1180 947 1286 1011 ipso
1332 955 1484 1008 erant,
1521 950 1731 998 maxime
1771 950 1897 1010 laici,
1934 967 2044 1013 pos-

291 1030 449 1078 tulare
485 1031 763 1094 episcopum
798 1035 855 1077 ut
890 1045 1036 1077 cursu
1067 1029 1248 1092 majore
1277 1046 1424 1093 equos
1459 1048 1568 1080 suos
1600 1032 1809 1081 invicem
1839 1034 2046 1096 probare

291 1112 470 1160 liceret.
542 1113 614 1160 At
649 1112 732 1160 ille
766 1111 925 1174 primo
960 1111 1170 1175 negavit,
1196 1112 1406 1161 otiosum
1437 1114 1599 1162 dicens
1628 1131 1729 1163 esse
1762 1115 1893 1178 quod
1921 1116 2046 1164 desi-

291 1195 555 1255 derabant3
612 1195 696 1243 sed
749 1195 812 1242 ad
868 1194 1100 1242 ultimum
1162 1195 1431 1244 multorum
1490 1197 1720 1246 unanima
1777 1198 2046 1247 intentione

291 1276 508 1325 devictus
524 1294 537 1338 ;
577 1281 604 1304 “
620 1276 827 1337 Facite,''
852 1277 1030 1341 inq-uit,
1055 1282 1083 1303 “
1099 1277 1140 1326 si
1163 1278 1328 1337 vultiS‚
1352 1278 1423 1327 ita
1445 1284 1608 1328 tamen
1631 1285 1689 1328 ut
1712 1279 1959 1329 Herebald
1983 1282 2046 1330 ab

290 1358 374 1406 illo
414 1376 463 1407 se
504 1361 767 1410 certamine
806 1361 1031 1410 funditus
1071 1359 1357 1409 abstineat.''
1428 1362 1578 1412 Porro
1624 1362 1728 1426 ipse
1765 1363 2045 1426 diligentius

291 1442 556 1503 obsecrans,
589 1448 646 1492 ut
678 1450 726 1493 et
758 1443 879 1492 mihi
911 1443 1128 1492 certandi
1161 1461 1270 1492 cum
1301 1443 1400 1492 illis
1432 1444 1569 1508 copia
1600 1445 1813 1505 daretur,
1837 1445 2046 1495 fidebam

291 1541 498 1589 namque
533 1543 656 1590 equo
693 1544 838 1591 quem
874 1526 996 1574 mihi
1030 1526 1135 1590 ipse
1164 1526 1406 1591 optimum
1438 1527 1714 1588 donaverat,
1743 1545 2046 1593 nequaquam

290 1607 550 1672 impetrare
574 1609 728 1673 potui.

360 1690 463 1739 ‘At
499 1710 608 1740 cum
643 1692 816 1755 saepius
850 1691 945 1741 huc
986 1697 1133 1756 atque
1167 1691 1286 1741 illuc
1327 1698 1575 1756 spectante
1610 1710 1686 1742 me
1722 1699 1771 1742 et
1806 1693 2042 1757 episcopo,

290 1774 545 1823 concitatis
574 1775 626 1823 in
656 1791 852 1824 cursum
890 1774 1029 1839 equis
1060 1779 1448 1837 reverterentur3
1486 1781 1534 1826 et
1565 1776 1668 1840 ipse
1703 1777 1880 1825 lascivo
1905 1792 2043 1839 supe-

289 1861 425 1904 ratus
461 1857 624 1906 animo
659 1874 757 1906 non
792 1874 871 1905 me
903 1857 1045 1921 potui
1080 1858 1319 1917 cohibere,
1349 1860 1446 1918 sed,
1476 1859 1759 1923 prohibente
1793 1859 1908 1907 licet
1942 1858 2042 1917 illo,

290 1939 571 1989 ludentibus
613 1957 691 1988 me
731 1940 919 1998 miscui,
956 1946 1006 1988 et
1052 1940 1196 1988 simul
1237 1957 1380 1988 cursu
1423 1941 1536 2004 equi
1576 1941 1864 1990 contendere
1906 1941 2041 2005 coepi.

290 2022 434 2082 Quod
463 2023 580 2070 dum
609 2039 815 2085 agerem,
840 2022 1008 2070 audivi
1035 2022 1178 2070 illum
1204 2027 1317 2086 post
1343 2029 1537 2087 tergum
1566 2024 1689 2071 mihi
1718 2041 1829 2071 cum
1857 2024 2045 2086 gemitu

289 2105 531 2153 dicentem
555 2121 565 2153 ε
604 2110 633 2131 “
652 2105 694 2153 Ο
721 2122 868 2168 quam
892 2122 1117 2169 magnam
1140 2123 1214 2154 Vae
1236 2105 1353 2155 facis
1377 2106 1496 2153 mihi
1522 2106 1589 2154 sic
1607 2106 1867 2169 equitando
1883 2106 1927 2154 1'’
1977 2107 2044 2155 Et

289 2203 376 2249 ego
405 2187 621 2247 audiens,
646 2188 964 2238 nihilominus
989 2188 1160 2252 coeptis
1185 2189 1343 2238 institi
1367 2189 1548 2237 vetitis.
1622 2190 1726 2237 Nec
1751 2206 1899 2249 mora,
1926 2189 2043 2238 dum

288 2269 478 2317 fervens
520 2286 674 2334 equus
721 2270 966 2334 quoddam
1011 2270 1201 2319 itineris
1249 2288 1512 2320 concavum
1552 2272 1819 2320 valentiore
1856 2272 2041 2336 impetu

288 2352 568 2412 transiliret,
594 2353 758 2417 lapsus
783 2353 952 2412 decidi,
977 2357 1028 2401 et
1058 2371 1174 2402 mox
1197 2354 1334 2402 velut
1365 2354 1599 2402 emoriens
1632 2371 1823 2402 sensum
1848 2355 2043 2417 penitus

290 2440 573 2498 motumque
615 2453 808 2484 omnem
853 2435 1058 2499 perdidi.
1143 2436 1269 2485 Erat
1315 2453 1527 2500 namque
1570 2437 1653 2485 illo
1695 2437 1746 2484 in
1780 2438 1884 2485 loco
1919 2437 2043 2501 lapis

288 2523 431 2566 terrae
466 2518 662 2581 aequalis
698 2519 919 2567 obtectus
956 2518 1138 2582 cespite
1172 2519 1325 2580 tenui,
1350 2537 1505 2583 neque
1537 2521 1668 2569 ullus
1702 2520 1825 2569 alter
1858 2520 1911 2568 in
1938 2524 2043 2569 tota

288 2599 375 2647 illa
410 2600 569 2662 campi
604 2600 806 2663 planitie
840 2601 966 2664 lapis
1001 2601 1212 2650 inveniri
1246 2606 1470 2666 poterat3
1510 2620 1716 2667 casuque
1751 2603 1928 2663 evenit,
1964 2604 2043 2652 vel

288 2682 451 2746 potius
503 2683 670 2731 divina
729 2684 1020 2746 provisione,
1067 2685 1131 2732 ad
1184 2684 1484 2748 puniendam
1533 2685 1872 2734 inobedientiae
1922 2703 2041 2735 meae

290 2765 494 2828 culpam,
530 2771 587 2813 ut
621 2766 751 2813 hunc
786 2766 943 2829 capite
977 2783 1032 2815 ac
1072 2783 1220 2815 manu
1255 2784 1400 2832 quam
1435 2767 1587 2831 capiti
1621 2785 1766 2816 ruens
1806 2769 2042 2832 subposu-

290 2863 436 2906 eram,
470 2851 731 2910 tangerem,
766 2851 912 2912 atque
944 2849 1150 2898 infracto
1181 2849 1355 2913 pollice
1388 2849 1559 2913 capitis
1590 2867 1780 2913 quoque
1808 2853 2043 2913 junctura

289 2930 583 2990 solveretur;
621 2933 670 2978 et
699 2947 800 2994 ego,
825 2934 883 2978 ut
906 2931 1024 2990 dixi,
1050 2932 1327 2980 simillimus
1355 2938 1549 2981 mortuo
1582 2931 1758 2981 fierem.
1831 2934 1901 2982 Et
1929 2934 2042 2998 quia

289 3011 472 3060 moveri
518 3029 617 3060 non
662 3016 896 3076 poteram,
933 3014 1249 3062 tetenderunt
1293 3014 1474 3063 ibidem
1520 3015 1814 3079 papilionem
1850 3017 1904 3064 in
1946 3033 2042 3079 qua

284 3097 506 3156 jacerem.
577 3095 701 3143 Erat
748 3101 908 3143 autem
955 3096 1074 3144 hora
1120 3097 1217 3145 diei
1263 3097 1454 3146 circiter
1494 3098 1714 3162 septima,
1762 3116 1791 3146 a
1837 3115 1932 3161 qua
1978 3098 2040 3145 ad

288 3194 540 3241 vesperum
587 3194 742 3242 usque
789 3178 998 3242 quietus,
1047 3183 1096 3227 et
1143 3179 1281 3244 quasi
1327 3184 1549 3228 mortuus
1594 3197 1878 3243 permanens
1923 3186 2039 3228 tunc
