2216 3554
84 180 208 230 CAP.⁴
223 180 340 250 VIL]
705 180 868 233 Gentis
901 178 1189 242 Anylorwm.
1735 183 1826 228 105

150 312 375 376 Denique
407 318 462 360 ut
492 328 640 360 unum
673 311 870 359 virtutis
893 313 1006 373 ejus,
1032 310 1161 358 unde
1191 314 1363 358 caetera
1394 308 1603 370 intelligi
1627 309 1828 372 possint,

81 396 413 443 testimonium
460 396 696 454 referam3
733 399 948 456 tempore
990 393 1201 456 quodam
1238 391 1408 440 civitas
1444 392 1830 440 Doruvernensis

82 494 169 539 per
191 478 381 540 culpam
405 477 602 525 incuriae
625 475 733 539 ignix
751 479 984 537 correpta,
1009 474 1416 522 crebrescentibus
1446 473 1592 536 coepit
1624 473 1830 520 fiammis

82 560 327 608 consumi:
381 559 555 623 quibus
601 575 710 606 cum
757 558 890 605 nullo
940 574 1175 621 aquarum
1221 557 1400 619 injectu
1447 560 1608 618 posset
1654 554 1829 617 aliquis

83 641 334 699 obsistere,
345 641 540 704 jamque
573 639 782 688 civitatis
811 647 934 687 esset
964 656 1077 702 pars
1104 642 1293 686 vastata
1324 655 1422 685 non
1446 637 1660 696 minima,
1686 641 1830 700 atque

82 723 144 771 ad
181 723 475 787 episcopium
510 723 674 770 furens
713 738 762 770 se
799 721 993 770 flamma
1027 722 1268 779 dilataret,
1305 719 1547 768 confidens
1582 719 1831 782 episcopus

83 807 134 853 in
170 807 400 867 divinum,
439 806 523 854 ubi
563 806 828 854 humanum
870 805 1046 865 deerat,
1082 804 1329 864 auxilium,
1361 804 1505 867 jussit
1551 820 1600 851 se
1638 803 1839 851 obviam

83 889 403 949 saevientibus,
443 894 491 937 et
527 888 621 936 huc
666 889 878 952 illucque
917 888 1194 937 volantibus
1240 887 1432 951 ignium*
1465 887 1621 951 globis
1659 886 1829 934 efferri.

83 972 208 1020 Erat
230 976 393 1020 autem
411 988 466 1019 eo
490 971 585 1019 loci
608 971 693 1019 ubi
716 972 1019 1019 flammarum
1036 971 1255 1034 impetus.
1272 970 1480 1018 maxime
1505 970 1828 1028 incumbebat,
1854 1023 1856 1027 y

82 1055 369 1117 martyrium
396 1055 646 1102 beatorum
673 1054 896 1115 Quatuor
921 1040 1276 1102 Coronatorum
1290 1053 1322 1101 ¹.
1393 1052 1474 1100 Ibi
1504 1052 1718 1116 perlatus
1749 1052 1830 1100 ob-

82 1140 366 1200 sequentum
401 1137 629 1184 manibus
646 1137 910 1200 episcopus,
937 1136 1082 1200 coepit
1110 1136 1288 1184 orando
1320 1135 1588 1199 periculum
1611 1133 1832 1181 infirmus

82 1218 295 1282 abigere,
325 1219 453 1282 quod
494 1218 634 1267 firma
673 1218 875 1267 fortium
913 1236 1085 1267 manus
1120 1219 1331 1266 multum
1366 1217 1623 1265 laborando
1664 1217 1832 1280 nequi-

82 1305 233 1349 verat.
315 1302 419 1351 Nec
460 1318 606 1361 mora,
643 1307 816 1350 ventus
859 1302 942 1366 qui
982 1319 1010 1350 a
1047 1302 1249 1350 meridie
1289 1302 1434 1362 flans,
1463 1301 1574 1349 urbi
1608 1299 1832 1348 incendia

83 1387 336 1445 sparserat,
377 1387 545 1431 contra
583 1383 832 1431 meridiem
879 1383 1096 1443 reflexus,
1137 1383 1294 1446 primo
1331 1383 1434 1430 vim
1472 1382 1548 1431 sui
1586 1381 1762 1429 furoris
1803 1398 1832 1428 a

81 1465 274 1513 laesione
308 1466 522 1513 locorum
557 1482 662 1528 quae
698 1471 865 1513 contra
901 1470 1052 1525 erant,
1082 1465 1332 1525 abstraxit,
1369 1482 1425 1513 ac
1459 1482 1574 1512 mox
1609 1463 1831 1511 funditus

82 1547 379 1611 quiescendo,
405 1547 611 1595 fiammis
642 1548 826 1611 pariter
857 1547 1028 1611 sopitis
1064 1554 1209 1611 atque
1245 1547 1496 1596 exstinctis
1525 1546 1828 1608 compescuit.

83 1629 152 1677 Et
193 1630 305 1693 quia
345 1628 423 1676 vir
460 1629 554 1677 Dei
600 1629 713 1693 igne
759 1629 937 1679 divinae
979 1630 1193 1678 caritatis
1234 1630 1426 1678 fortiter
1466 1629 1680 1687 ardebat,
1719 1629 1834 1692 quia

80 1715 393 1776 tempestates
449 1716 747 1774 potestatum
801 1713 1039 1760 aeriarum
1086 1729 1115 1760 a
1161 1730 1248 1761 sua
1295 1729 1588 1776 suorumque
1639 1712 1832 1759 laesione

79 1793 262 1842 crebris
309 1794 605 1842 orationibus
645 1795 722 1843 vel
770 1795 1187 1843 exhortationibus
1229 1795 1460 1858 repellere
1506 1800 1831 1852 consueverat,

81 1876 255 1924 merito
301 1875 461 1925 ventis
507 1876 811 1941 flammisque
857 1878 1185 1926 mundialibus
1231 1876 1508 1941 praevalere,
1552 1882 1600 1925 et
1637 1894 1698 1925 ne
1740 1877 1833 1924 sibi

80 1958 274 2022 suisque
309 1963 549 2018 nocerent,
585 1960 801 2008 obtinere
834 1963 1037 2024 poterat.

152 2040 221 2089 Et
255 2040 333 2089 hic
369 2058 482 2104 ergo
517 2047 775 2106 postquam
811 2042 952 2090 annis
988 2042 1204 2106 quinque
1237 2043 1365 2091 rexit
1399 2042 1646 2090 ecclesiam
1682 2042 1832 2090 AEod-

80 2123 226 2172 baldo
260 2129 493 2186 regnante
521 2124 751 2188 migravit
786 2125 847 2172 ad
881 2126 1035 2185 caelos,
1072 2127 1384 2189 sepultusque
1420 2129 1493 2174 est
1577 2134 1702 2190 Deam
1714 2134 1756 2168 01'

81 2223 192 2253 cum
210 2206 430 2270 patribus
456 2206 555 2254 suis
572 2206 625 2254 in
644 2207 899 2270 saepedicto
919 2209 1209 2257 monasterio
1229 2214 1277 2256 et
1296 2209 1491 2257 ecclesia
1574 2184 1759 2283 2453}th

82 2288 349 2337 beatissimi
383 2290 712 2352 apostolorum
747 2290 995 2354 principis,
1029 2308 1154 2338 anno
1183 2291 1244 2339 ab
1276 2291 1493 2339 incarna-
1578 2292 1752 2332 A·D·⁶24·

81 2372 214 2420 tione
249 2370 452 2419 Domini
487 2373 834 2422 sexcentesimo
859 2373 1084 2423 vicesimo
1111 2380 1299 2439 quarto,
1326 2375 1437 2423 die2
1468 2377 1637 2423 octavo
1668 2373 1835 2421 kalen-

82 2453 254 2501 darum
284 2453 539 2504 Maiarum.

136 2582 149 2606 ¹
170 2584 378 2626 beatorum
408 2585 590 2634 Quacum·
619 2586 926 2640 Coronatorum]
986 2587 1087 2639 kept
1119 2601 1172 2627 on
1198 2588 1306 2628 Nov.
1332 2588 1369 2633 8,
1393 2588 1585 2635 together
1608 2586 1712 2628 with
1739 2587 1835 2626 that

82 2639 163 2678 We
192 2652 262 2678 are
291 2640 378 2679 told
412 2641 469 2693 by
503 2641 598 2682 MS.
628 2643 672 2681 A
701 2642 748 2681 of
771 2642 931 2682 Florus'
986 2644 1032 2682 os
1045 2644 1126 2682 five
1150 2643 1301 2690 others,
1322 2644 1532 2689 Claudius,
1555 2643 1831 2690 Nicostratus,

32 2744 35 2745 ⁷
82 2693 309 2733 Additions
334 2698 378 2733 to
406 2694 555 2735 Beda’s
581 2696 930 2749 Martyrologium
985 2697 1319 2750 symphorianus,
1350 2698 1576 2745 Castorius,
1614 2698 1698 2738 and
1734 2698 1836 2738 Sim-

82 2748 179 2788 that
234 2749 343 2787 their
392 2763 533 2789 names
580 2764 686 2790 were
741 2752 927 2800 Severus,
984 2753 1144 2805 pliciuS.
1202 2753 1244 2794 S.

84 2803 343 2852 Severianus,
377 2804 630 2852 Victorinus,
667 2806 748 2845 and
782 2806 928 2858 Carpo-
1039 2806 1055 2829 ²
1073 2808 1158 2862 die]
1187 2808 1312 2861 April
1335 2820 1398 2862 24,
1417 2818 1505 2849 A.D.
1525 2807 1619 2859 624.
1676 2806 1832 2853 Surius,

84 2858 250 2909 phorus,
285 2859 366 2897 and
399 2859 492 2899 that
523 2860 595 2900 the
634 2860 716 2912 day
749 2861 796 2900 of
819 2861 930 2900 their
983 2861 1026 2903 ii.
1046 2862 1139 2915 842.

83 2912 210 2952 death
241 2913 396 2966 having
418 2914 521 2954 been
546 2915 765 2967 forgotten,
786 2916 822 2955 it
843 2929 929 2956 was
