2216 3554
159 185 278 234 OAP.
294 181 367 252 x.]
389 251 394 255 .
790 182 953 232 Gentis
985 181 1271 245 Anylorum.
1816 185 1908 230 159

158 323 321 365 scente
371 315 537 364 dolore
587 314 803 363 cessabat
855 314 916 361 ab
967 313 1151 362 insanis
1199 312 1531 360 membrorum
1586 311 1812 373 motibus,
1863 319 1911 361 et

158 403 386 446 consueto
421 414 653 461 equorum
686 414 832 455 more,
871 396 1011 460 quasi
1045 401 1156 459 post
1190 394 1527 443 lassitudinem
1568 394 1621 442 in
1663 395 1911 443 diversum

158 481 286 529 latus
324 480 536 528 vicissim
572 496 674 528 sese
708 479 916 538 volvere,
955 478 1220 541 statimque
1256 493 1521 541 exsurgens
1558 477 1696 540 quasi
1738 494 1911 526 sanum

158 579 247 625 per
271 562 446 622 omnia,
471 562 652 610 virecta
673 562 934 610 herbarum
957 561 1150 610 avidius
1174 576 1372 624 carpere
1397 559 1558 622 coepit.

227 645 337 706 Quo
368 646 449 693 ille
477 644 594 704 viso,
627 650 684 713 ut
717 644 794 691 vir
825 644 1008 707 sagacis
1040 643 1241 707 ingenii,
1273 642 1517 691 intellexit
1553 642 1742 706 aliquid
1775 642 1909 690 mirae

158 727 429 776 sanctitatis
464 727 578 775 huic
616 714 718 774 loco
755 743 851 789 quo
893 742 1046 790 equus
1082 731 1155 774 est
1198 729 1409 784 curatus,
1444 725 1598 774 inesse
1613 742 1625 785 ;
1665 731 1713 773 et
1750 726 1910 788 posito

158 810 229 858 ibi
260 810 412 873 signo,
436 826 533 857 non
560 808 716 856 multo
740 813 850 871 post
884 808 1104 857 ascendit
1137 825 1333 872 equum,
1358 812 1506 871 atque
1545 808 1606 855 ad
1643 807 1910 871 hospitium

158 909 253 955 quo
282 895 611 956 proposuerat,
636 890 862 939 accessit:
902 907 998 955 quo
1029 891 1147 938 dum
1180 890 1448 950 adveniret,
1474 890 1663 938 invenit
1695 890 1909 955 puellam

158 974 242 1034 ibi,
281 980 473 1037 neptem
510 973 912 1037 patris-familias,
950 973 1096 1036 longo
1134 973 1374 1036 paralysis
1420 973 1589 1021 morbo
1629 978 1908 1036 gravatam:

157 1060 207 1103 et
253 1073 364 1104 cum
403 1056 666 1104 familiares
707 1056 877 1104 domus
917 1055 1064 1114 illius,
1102 1055 1163 1103 de
1202 1055 1376 1103 acerba
1416 1055 1589 1118 puellae
1625 1054 1910 1104 infirmitate

156 1138 260 1201 ipso
283 1145 516 1202 praesente
538 1144 872 1202 quererentur,
897 1138 1045 1201 coepit
1077 1138 1236 1187 dicere
1260 1138 1341 1186 ille
1367 1138 1425 1186 de
1450 1138 1551 1186 loco
1577 1138 1663 1186 ubi
1696 1138 1910 1187 caballus

155 1237 271 1268 suus
301 1227 423 1269 esset
453 1225 666 1269 curatus.
741 1221 876 1281 Quid
904 1221 1093 1269 multa‘l
1124 1221 1430 1284 imponentes
1463 1237 1569 1268 eam
1601 1212 1752 1280 carro,
1780 1220 1908 1268 dux-

156 1309 301 1352 erunt
346 1304 409 1351 ad
454 1304 628 1363 locum,
669 1303 946 1368 ibidemque
994 1305 1335 1368 deposuerunt.
1407 1303 1479 1351 At
1525 1303 1612 1351 illa
1652 1304 1811 1366 posita
1855 1304 1909 1351 in

155 1386 274 1445 loc0,
312 1385 604 1434 obdormivit
648 1403 934 1450 parumper;
985 1391 1034 1435 et
1074 1386 1159 1435 ubi
1194 1385 1459 1450 evigilavit,
1493 1392 1717 1434 sanatam
1754 1403 1804 1436 se
1846 1388 1908 1435 ab

153 1468 239 1516 illa
285 1467 497 1531 corporis
538 1468 854 1517 dissolutione
899 1469 1125 1529 sentiens,
1163 1469 1413 1533 postulata
1458 1486 1599 1532 aqua,
1636 1470 1743 1533 ipsa
1783 1470 1909 1519 lavit

154 1550 336 1609 faciem,
372 1550 528 1598 crines
570 1551 850 1615 composuit,
888 1556 1037 1615 caput
1081 1552 1231 1600 linteo
1281 1553 1544 1615 cooperuit,
1581 1556 1631 1600 et
1678 1570 1786 1601 cum
1833 1553 1908 1602 his

155 1633 238 1696 qui
262 1649 311 1681 se
335 1633 650 1693 adduxerant,
676 1650 791 1682 sana
812 1634 1017 1697 pedibus
1041 1633 1307 1682 incedendo
1332 1651 1526 1684 reversa
1550 1640 1638 1684 est.

913 1810 1056 1859 OAP.
1100 1810 1159 1858 X.

549 1941 600 1983 Ut
619 1941 755 1993 pulvis
775 1941 854 1981 loci
874 1940 993 1981 illiue
1013 1946 1154 1981 contra
1173 1941 1309 1993 iynem
1327 1941 1518 1981 valuerit.

218 2061 406 2109 EODEM
440 2067 654 2125 tempore
694 2061 830 2111 venit
864 2061 988 2109 alius
1029 2061 1230 2125 quidam
1265 2060 1324 2108 de
1366 2061 1562 2110 natione
1597 2061 1903 2123 Brettonum,

150 2149 208 2191 ut
241 2143 415 2203 ferunt,
448 2144 542 2192 iter
576 2144 754 2193 faciens
785 2147 928 2207 juxta
962 2144 1123 2208 ipsum
1158 2144 1317 2191 locum
1352 2144 1405 2191 in
1437 2161 1534 2208 quo
1562 2145 1764 2208 praefata
1800 2153 1904 2194 erat

150 2241 317 2289 pugna
355 2226 620 2290 completa;
670 2232 720 2275 et
765 2228 893 2276 vidit
933 2227 1082 2276 unius
1123 2227 1217 2276 loci
1259 2227 1471 2291 spatium
1514 2233 1687 2277 caetero
1735 2246 1903 2293 campo

150 2306 354 2355 viridius
388 2325 442 2355 ac
482 2309 764 2358 venustius:
815 2310 1056 2373 coepitque
1098 2310 1256 2374 sagaci
1297 2310 1460 2359 animo
1496 2311 1730 2374 conjicere
1773 2313 1904 2376 quod

149 2390 285 2437 nulla
314 2396 438 2439 esset
465 2391 561 2439 alia
592 2407 734 2439 causa
765 2391 975 2439 insolitae
1009 2391 1092 2439 illo
1124 2391 1175 2438 in
1210 2391 1316 2440 loco
1349 2391 1630 2453 viriditatis,
1662 2394 1757 2442 nisi
1790 2394 1903 2457 quia

150 2471 334 2519 ibidem
368 2473 576 2521 sanctior
610 2479 784 2522 caetero
819 2475 1035 2522 exercitu
1070 2474 1148 2522 vir
1182 2474 1358 2537 aliquis
1393 2475 1566 2524 fuisset
1601 2475 1900 2525 interfectus.

151 2553 288 2602 Tulit
322 2553 488 2618 itaque
521 2556 582 2604 de
617 2557 815 2619 pulvere
851 2562 995 2606 terrae
1029 2556 1161 2604 illius
1203 2573 1364 2605 secum
1400 2557 1611 2622 inligans
1647 2559 1699 2606 in
1734 2559 1901 2618 linteo,

151 2637 367 2700 cogitans
414 2639 543 2701 quod
588 2639 812 2687 futurum
858 2643 974 2698 erat,
1011 2639 1125 2703 quia
1165 2640 1228 2687 ad
1271 2640 1507 2690 medelam
1549 2641 1901 2691 infirmantium

151 2719 280 2766 idem
327 2719 487 2782 pulvis
533 2721 815 2783 proficeret;
864 2726 915 2770 et
966 2739 1169 2786 pergens
1215 2722 1390 2771 itinere
1436 2740 1522 2772 suo
1570 2725 1794 2788 pervenit
1839 2725 1901 2772 ad

109 2800 122 2871 1
150 2801 312 2849 vicum
349 2802 590 2864 quendam
624 2821 833 2867 vespere,
869 2805 1168 2869 intravitque
1203 2805 1255 2853 in
1290 2806 1488 2854 domum
1523 2807 1575 2854 in
1612 2825 1708 2871 qua
1739 2807 1900 2856 vicani

151 2891 393 2932 coenantes
426 2886 776 2948 epulabantur:
815 2890 865 2935 et
902 2893 1151 2951 susceptus
1188 2906 1218 2936 a
1255 2888 1466 2938 dominis
1505 2890 1690 2948 domus,
1722 2889 1900 2937 resedit

151 2971 201 3014 et
239 2966 340 3029 ipse
377 2983 487 3014 cum
523 2966 592 3015 eis
627 2968 689 3016 ad
725 2969 1015 3030 convivium,
1044 2971 1321 3035 adpendens
1356 2971 1609 3021 linteolum
1647 2988 1755 3019 cum
1791 2970 1898 3032 pul-

149 3066 261 3097 vere
298 3066 440 3113 quem
477 3049 733 3110 adtulerat,
769 3051 821 3099 in
856 3068 955 3102 una
989 3059 1130 3117 posta
1164 3054 1378 3118 parietis.
1451 3055 1672 3117 Cumque
1710 3051 1898 3099 diutius

149 3131 306 3195 epulis
344 3138 490 3196 atque
518 3133 741 3182 ebrietati
779 3139 1022 3195 vacarent,
1055 3153 1252 3186 accenso
1293 3138 1465 3202 grandi
1498 3138 1609 3201 igne
1641 3136 1692 3182 in
1723 3133 1895 3192 medi0‚

151 3214 355 3279 contigit
400 3215 675 3265 volantibus
724 3215 775 3265 in
821 3217 975 3267 altum
1024 3220 1260 3281 scintillis,
1298 3222 1486 3270 culmen
1535 3219 1722 3277 domus,
1768 3217 1897 3279 quod
