2216 3554
308 150 406 196 410
874 144 1100 212 Epistola
1133 145 1386 210 Bonifacii
1420 146 1492 195 ad

307 293 512 326 canones
542 276 731 340 antiqui
757 277 1062 341 praecipiunt,
1088 283 1145 326 ut
1176 289 1340 328 omnes
1372 276 1735 341 metropolitani
1763 276 1916 325 sciant
1947 277 2059 326 soli-

308 360 575 409 citudinem
611 359 763 408 totius
797 360 1058 424 provinciae
1093 378 1287 424 gerere:
1326 366 1374 408 et
1410 364 1489 422 (ut
1522 359 1659 408 verbi
1694 359 1853 422 gratia
1887 359 2060 418 dicam,

308 442 436 491 sicut
459 439 629 506 timeo)
653 459 825 490 navem
857 443 1221 506 gubernandam
1252 443 1381 492 inter
1409 443 1587 491 fluctus
1619 441 1710 490 feri
1739 442 1886 490 maris
1917 442 2063 490 semel

309 523 616 588 suscepimus,
643 541 789 588 quam
823 541 911 573 nec
945 530 1084 573 caute
1118 542 1294 590 regere,
1331 543 1418 574 nec
1454 525 1556 573 sine
1589 528 1784 589 peccato
1816 524 2064 572 dimittere

308 607 539 656 valemus.
611 607 751 669 Quia,
776 611 834 656 ut
872 607 1068 671 quidam
1103 609 1396 672 sapientium
1431 608 1582 656 dicit:
1623 612 1635 633 ‘
1652 608 1706 657 Si
1740 607 2066 671 periculosum

310 693 383 738 est
424 706 598 738 navem
632 690 761 739 inter
798 691 974 739 fluctus
1011 695 1148 738 caute
1183 707 1280 739 non
1316 708 1497 755 regere,
1534 694 1715 755 quanto
1751 689 2066 753 periculosius

309 778 384 822 est
419 790 525 821 eam
561 771 703 821 undis
738 773 1117 822 tumescentibus
1152 773 1468 822 fluctuantem
1508 773 1561 821 in
1600 776 1887 836 tempestate
1921 771 2066 820 relin-

311 854 511 919 quere‘l'
580 855 650 903 Et
684 855 865 903 idcirco
889 855 1117 914 Ecclesia,
1144 873 1251 919 quae
1275 856 1411 905 velut
1444 856 1582 906 navis
1613 872 1787 919 magna
1822 871 1909 918 per
1936 869 2068 901 mare

310 937 484 985 mundi
505 937 650 1000 hujus
676 937 912 1001 enavigat,
941 954 1047 1002 quae
1072 937 1276 987 diversis
1299 940 1625 989 tentationum
1652 938 1879 986 fluctibus
1903 935 1955 983 in
1978 935 2069 983 hac

310 1020 414 1069 vita
444 1020 684 1080 tunditur,
711 1037 807 1068 non
844 1024 916 1068 est
951 1027 1113 1069 tamen
1149 1020 1479 1085 relinquenda,
1514 1022 1598 1070 sed
1625 1021 1847 1084 regenda.
1919 1017 2070 1081 Cujus

311 1102 381 1151 rei
404 1102 457 1150 in
482 1102 699 1166 exemplo
724 1102 910 1166 priores
935 1107 1096 1166 patres
1115 1103 1349 1152 habemus
1369 1103 1685 1163 Clementem,
1705 1109 1753 1151 et
1775 1100 2067 1159 Cornelium,

312 1190 362 1234 et
391 1188 586 1233 caeteros
619 1185 890 1249 complures
926 1185 977 1233 in
1013 1186 1136 1234 urbe
1161 1187 1329 1246 Roma,
1357 1186 1658 1251 Cyprianum
1681 1185 1734 1233 in
1760 1183 2068 1247 Carthagine,

311 1267 636 1316 Athanasium
690 1267 742 1315 in
797 1267 1106 1328 Alexandria,
1161 1269 1247 1334 qui
1303 1271 1391 1318 sub
1445 1268 1647 1334 paganis
1700 1266 2072 1332 imperatoribus

312 1367 486 1399 navem
509 1349 709 1410 Christi,
730 1351 826 1399 imo
846 1351 1181 1400 charissimam
1206 1369 1433 1415 sponsam
1458 1355 1572 1415 ejus,
1593 1351 1854 1400 Ecclesiam
1874 1348 2070 1405 scilicet,

312 1432 542 1492 docendo,
567 1433 881 1493 defendendo,
908 1434 1182 1495 laborando,
1209 1438 1258 1483 et
1283 1435 1512 1499 patiendo
1546 1451 1697 1499 usque
1728 1433 1790 1482 ad
1824 1430 2073 1496 sanguinis

313 1510 610 1575 effusionem,
630 1517 984 1581 gubernabant.
1055 1518 1260 1566 Possum
1285 1518 1414 1566 enim
1439 1518 1498 1566 de
1520 1516 1805 1580 memetipso
1828 1532 1917 1579 pro
1943 1517 2073 1563 certo

308 1599 453 1661 juxta
493 1615 662 1647 vocem
706 1599 896 1649 Cantici
939 1600 1254 1649 Canticorum
1295 1601 1453 1649 dicere
1468 1601 1498 1660 ¹,
1545 1604 1556 1626 ‘
1574 1599 1691 1648 Filii
1736 1598 1907 1647 matris
1954 1611 2072 1644 meae

313 1687 656 1745 pugnaverunt
691 1687 860 1730 contra
895 1699 1002 1732 me:
1045 1688 1314 1747 posuerunt
1341 1683 1591 1732 custodem
1615 1682 1668 1730 in
1690 1681 1858 1741 vineis,
1882 1679 2074 1728 vineam

315 1780 472 1811 meam
520 1780 619 1811 non
667 1764 920 1814 custodivi.
1004 1764 1186 1814 Vinea'
1240 1766 1382 1825 enim,
1432 1765 1695 1813 secundum
1740 1762 2027 1828 prophetam
2041 1757 2073 1818 ²,

316 1850 328 1871 ‘
350 1846 533 1894 domini
575 1847 799 1908 Sabaoth,
841 1849 1013 1897 domus
1055 1846 1208 1897 Israel
1250 1854 1323 1897 est
1347 1847 1380 1896 τ’
1427 1865 1555 1897 1111110
1594 1846 1819 1896 videlicet
1860 1842 2075 1893 Ecclesia

316 1930 552 1978 catholica
588 1947 690 1979 esse
725 1931 1083 1994 comprobatur.

386 2029 432 2073 4.
470 2012 623 2077 Cujus
661 2014 902 2076 synodum
941 2014 1322 2079 congregandam
1364 2019 1415 2063 et
1455 2013 1745 2063 hortandam
1782 2013 1920 2075 jussu
1957 2026 2075 2074 pon-

315 2094 462 2144 tificis
497 2095 721 2155 Romani,
760 2101 810 2144 et
844 2101 1021 2159 rogatu
1055 2097 1332 2161 principum
1363 2096 1691 2145 Francorum³
1721 2098 1771 2143 et
1808 2093 2074 2151 Gallorum,

317 2177 408 2226 sub
433 2194 516 2241 spe
540 2177 867 2227 restaurandae
892 2178 1011 2242 legis
1036 2179 1237 2240 Christi,
1264 2179 1465 2244 suscepi,
1492 2177 1788 2236 circumfodi,
1815 2176 2076 2241 cophinum

318 2260 543 2310 stercoris
585 2260 871 2324 apportavi:
926 2260 1011 2309 sed
1061 2278 1160 2310 non
1204 2262 1456 2310 custodivi.
1530 2261 1656 2311 Cum
1702 2264 1867 2309 autem
1907 2274 2075 2322 expec-

317 2347 473 2392 tarem
504 2347 516 2369 ‘
532 2347 589 2392 ut
623 2343 834 2391 faceret*
868 2360 1002 2404 uvas,
1026 2343 1144 2392 fecit
1178 2343 1453 2393 labruscas.’
1524 2344 1591 2392 Et
1612 2343 1758 2407 juxta
1786 2342 1937 2391 alium
1966 2358 2077 2404 pro-

318 2425 574 2488 phetam⁵:
614 2429 626 2452 ‘
644 2425 913 2474 Mentietur
948 2442 1070 2490 opus
1106 2426 1263 2485 olivae,
1301 2430 1350 2475 et
1384 2426 1541 2490 campi
1576 2443 1674 2474 non
1708 2424 1887 2473 facient
1919 2423 2076 2472 escas.’

321 2507 418 2556 Sed
441 2507 562 2571 proh
587 2508 739 2568 dolor,
756 2508 965 2557 officium
990 2509 1166 2558 laboris
1195 2509 1292 2557 mei
1316 2526 1480 2557 rerum
1504 2508 1756 2556 collatione
1775 2506 2078 2556 simillimum

321 2607 422 2640 esse
445 2590 639 2639 videtur
671 2591 778 2638 cani
810 2591 1024 2651 latranti,
1051 2597 1100 2640 et
1128 2591 1316 2640 videnti
1346 2591 1475 2638 fures
1511 2596 1559 2639 et
1594 2591 1805 2639 latrones
1839 2589 2076 2651 frangere,

320 2677 369 2721 et
394 2672 663 2732 subfodere,
688 2677 737 2720 et
759 2678 948 2721 vastare
983 2673 1181 2721 domum
1217 2672 1403 2721 domini
1438 2672 1530 2732 sui,
1559 2677 1608 2720 et
1640 2671 1756 2735 quia
1786 2670 2078 2720 defensionis

321 2753 635 2802 auxiliatores
674 2771 772 2802 non
812 2754 1002 2815 habeat,
1047 2756 1447 2804 submurmurans
1483 2754 1767 2818 ingemiscat
1808 2758 1859 2802 et
1897 2754 2076 2816 lugeat.

321 2836 465 2887 Nunc
489 2841 666 2897 autem,
692 2837 823 2901 quod
846 2837 966 2886 mihi
990 2838 1042 2886 in
1065 2838 1153 2886 tali
1175 2837 1389 2903 periculo
1416 2837 1574 2901 posito
1593 2837 1783 2901 justum
1806 2842 1855 2885 et
1879 2841 2078 2885 cautum

375 2960 390 2984 ²
416 2962 566 3015 dicere]
597 2961 709 3014 Song
726 2961 773 3000 of
787 2961 979 3003 solomon
999 2963 1026 3003 i.
1047 2961 1085 3003 6.
1224 2962 1308 3003 and
1333 2962 1411 3003 left
1441 2962 1514 3003 the
1532 2962 1664 3003 whole
1693 2965 1738 3001 to
1763 2961 1829 3000 his
1849 2964 1932 3000 two
1956 2972 2078 3009 sons;

374 3014 391 3038 ²
415 3017 673 3071 prophetam]
699 3016 840 3056 Isaiah
858 3030 899 3056 v.
922 3024 958 3067 7.
1223 3018 1447 3058 Austrasia
1470 3018 1554 3058 and
1573 3017 1779 3057 Frankish
1801 3017 2015 3067 Germany
2033 3019 2078 3054 to

376 3071 392 3095 ⁸
413 3072 658 3124 principum
693 3071 964 3122 Francorum]
1006 3072 1055 3111 If
1085 3073 1170 3113 this
1225 3074 1476 3119 Carloman;
1506 3072 1590 3112 and
1609 3073 1652 3112 N
1657 3072 1822 3121 eustria,
1845 3069 2077 3123 Burgundy

322 3126 447 3166 letter
465 3140 575 3166 were
593 3127 762 3167 written
786 3136 873 3166 ΑΛ).
898 3134 988 3178 742,
1009 3127 1171 3167 France
1226 3129 1310 3168 and
1329 3129 1539 3167 Provence
1558 3131 1602 3167 to
1622 3127 1756 3178 Pepin
1773 3126 1813 3165 le
1831 3126 1945 3165 Bref.

324 3194 409 3220 was
431 3195 485 3221 no
510 3183 654 3234 longer
678 3182 812 3221 under
835 3181 908 3221 the
927 3182 1170 3234 Merwings.
1281 3182 1298 3205 4
1318 3182 1495 3236 faceret]
1527 3182 1669 3222 lsaiah
1686 3195 1727 3223 v.
1747 3194 1787 3232 4.

324 3235 496 3277 Char-les
525 3236 686 3277 Mar-tel
714 3236 799 3277 had
827 3236 924 3276 died
955 3246 1043 3279 A.D.
1080 3244 1171 3289 741,
1282 3238 1298 3262 ⁵
1322 3237 1578 3291 prophetam]
1609 3235 1858 3277 Habakkuk
1875 3234 1935 3275 111.
1961 3241 2022 3285 17.
