2216 3554
291 77 390 124 408
474 52 483 61 ’
858 72 1086 138 Epistola
1120 71 1372 134 Bomzfaciz·
1406 72 1473 119 aa

291 206 380 255 tali
402 206 505 255 vita
527 204 763 265 vivamus,
788 203 915 253 inter
937 222 1025 253 nos
1047 204 1232 268 jugiter
1256 203 1578 260 insinuentur,
1603 203 1690 252 illo
1715 208 1990 268 praestante,
2009 224 2039 255 a

258 284 261 292 Χ
293 305 391 354 quo
423 289 525 337 solo
541 289 557 315 ¹
589 293 754 338 sancta.
788 287 1039 347 desideria,
1065 292 1197 336 recta
1225 287 1436 347 consilia,
1472 290 1521 335 et
1550 289 1682 350 justa
1717 292 1831 336 sunt
1866 306 2037 352 opera:

290 389 377 421 vos
400 371 573 420 melius
596 376 646 419 et
669 369 870 435 plenius,
897 370 1068 434 quibus
1090 370 1226 418 Deus
1250 370 1462 430 donavit,
1488 370 1656 418 multis
1681 375 1729 418 et
1752 371 2038 434 prudentius

290 471 443 514 nosse,
482 457 532 502 et
565 452 737 502 melius
773 456 822 500 et
851 453 1043 516 plenius
1080 469 1249 515 posse:
1287 469 1375 500 nos
1404 452 1541 516 quasi
1582 452 1634 499 in
1670 453 1834 515 paucis
1874 452 2039 501 fideles

289 537 440 585 vestri
464 541 513 584 et
537 535 714 595 devoti,
735 535 1014 583 studeamus
1037 534 1216 582 instrui
1240 551 1384 583 aureo
1408 534 1610 584 caelestis
1633 535 1811 582 amoris
1829 535 2038 594 vinculo,

291 619 420 683 quod
455 617 617 681 rumpi
652 634 750 665 non
782 622 956 681 potest,
990 617 1198 665 invicem
1230 617 1483 666 cathenati.
1553 617 1696 678 Nam*
1713 618 1850 665 labor
1884 618 2040 666 nostri

289 699 551 749 ministerii
588 700 734 748 unius
769 705 819 748 et
854 701 1067 762 ejusdem
1101 716 1255 748 causae
1291 716 1392 747 esse
1422 699 1716 748 dinoscitur:
1759 705 1808 748 et
1839 700 2040 763 aequalis

287 784 550 847 speculatio
574 783 629 830 in
652 782 780 831 curis
804 782 1116 830 ecclesiarum
1141 781 1240 830 sive
1264 782 1555 844 populorum
1578 781 1718 829 nobis
1742 782 1927 830 credita
1950 786 2037 840 est,

288 867 391 915 sive
414 866 467 914 in
490 866 717 925 docendo,
745 863 845 913 sive
868 864 919 911 in
944 865 1148 913 artando
1184 868 1234 913 et
1264 865 1516 925 monendo,
1541 865 1642 913 sive
1666 865 1717 912 in
1741 864 2039 912 defendendo

288 948 540 997 canonicos
582 948 762 1011 gradus
803 948 880 995 vel
920 947 1146 1010 plebeios.
1217 946 1409 995 Idcirco
1450 947 1726 996 humillima
1770 964 1912 1011 prece
1959 947 2039 994 de-

284 1043 442 1094 posco,
478 1034 537 1079 ut
571 1031 688 1078 dum
723 1030 861 1078 vobis
897 1030 1090 1078 salubre
1126 1029 1387 1078 consilium
1428 1029 1562 1078 Deus
1595 1029 1919 1094 inspiraverit,
1960 1030 2039 1079 vel

285 1130 375 1162 suo
393 1113 595 1177 Spiritu,
610 1114 688 1162 vel
709 1113 946 1177 colloquio
966 1113 1272 1176 synodalium
1297 1112 1604 1160 consultuum
1627 1113 1768 1161 nobis
1791 1113 2039 1161 insinuare

285 1211 385 1243 non
416 1196 612 1259 pigeat3
661 1201 711 1244 et
746 1213 835 1244 nos
870 1193 1095 1243 similiter
1129 1194 1170 1242 si
1206 1194 1437 1258 parvitati
1472 1197 1651 1242 nostrae
1686 1195 1818 1243 Deus
1854 1194 2040 1258 aliquid

285 1278 383 1326 tale
418 1279 556 1327 vobis
596 1279 727 1343 quod
768 1278 1089 1328 necessarium
1129 1277 1206 1326 vel
1247 1277 1451 1325 amabile
1490 1277 1828 1337 insinuaverit,-
1864 1277 2041 1325 similia

284 1361 527 1410 faciemus.
614 1363 772 1426 Major
814 1363 945 1412 enim
994 1361 1133 1410 nobis
1180 1360 1436 1410 solicitudo
1479 1361 1784 1410 ecclesiarum
1829 1366 1879 1409 et
1925 1378 2041 1409 cura

282 1444 574 1507 populorum
622 1450 825 1508 propter
874 1445 1020 1508 pallia
1073 1443 1255 1492 credita
1303 1448 1352 1492 et
1398 1448 1609 1507 recepta,
1657 1461 1804 1508 quam
1851 1443 2039 1492 caeteris

285 1526 537 1590 episcopis,
580 1528 665 1591 qui
700 1527 923 1591 proprias
958 1531 1152 1576 tantum
1188 1532 1450 1591 procurant
1485 1526 1749 1590 parochias,
1786 1526 2038 1574 incumbit.

283 1608 559 1672 Propterea,
607 1609 896 1669 charissime,
944 1627 1042 1658 non
1091 1609 1205 1673 quia
1251 1615 1437 1658 vestrae
1484 1609 1758 1673 prudentiae
1807 1626 1927 1673 opus
1975 1608 2040 1658 sit

281 1690 572 1739 rusticitatis
607 1697 786 1740 nostrae
824 1696 1009 1741 statuta
1039 1691 1206 1740 audire
1230 1692 1307 1740 vel
1338 1691 1507 1755 legere,
1533 1692 1616 1740 sed
1639 1695 1839 1756 propter
1861 1693 2040 1740 bonam

285 1776 335 1820 et
357 1773 606 1834 humilem,
637 1781 685 1823 et
710 1781 924 1823 sanctam
948 1775 1249 1824 voluntatem
1273 1778 1500 1833 vestram,
1525 1779 1752 1838 putamus
1775 1792 1860 1823 vos
1884 1775 2038 1824 liben-

282 1855 381 1904 tius
424 1856 546 1905 scire
589 1858 728 1918 velle,
773 1875 918 1922 quam
959 1858 1158 1918 nescire,
1202 1874 1308 1922 quae
1349 1858 1429 1906 hic
1474 1857 1742 1906 sacerdotes
1787 1858 2038 1906 nobiscum

283 1940 519 1987 servanda
566 1940 920 2001 decreverunt3
974 1940 1113 1989 vobis
1164 1940 1463 1989 emendanda
1509 1943 1558 1988 et
1605 1939 1886 2002 corrigenda
1923 1934 2037 1988 'des-

283 2020 511 2069 tinamus.

356 2120 399 2151 2.
437 2102 757 2152 Decrevimus
792 2110 955 2153 autem
990 2105 1043 2152 in
1078 2109 1243 2154 nostro
1280 2105 1497 2170 synodali
1527 2108 1770 2154 conventu
1782 2105 1816 2164 ²,
1844 2108 1894 2152 et
1925 2120 2036 2152 con-

284 2183 399 2231 fessi
445 2202 611 2234 sumus
658 2187 803 2235 fidem
850 2187 1149 2247 catholicam,
1202 2194 1250 2236 et
1296 2187 1549 2248 unitatem,
1599 2193 1648 2236 et
1696 2186 2039 2250 subjectionem

283 2266 520 2318 Romanae
557 2270 766 2318 ecclesiae
802 2270 897 2319 fine
932 2275 1073 2318 tenus
1101 2271 1217 2319 vitae
1246 2274 1424 2319 nostrae
1455 2270 1578 2319 velle
1613 2286 1834 2318 servare:
1874 2273 2038 2318 sancto

282 2349 448 2409 Petro,
483 2355 532 2398 et
555 2351 738 2400 vicario
767 2353 868 2416 ejus
900 2351 1025 2402 velle
1061 2353 1263 2416 subjici:
1302 2353 1542 2416 synodum
1573 2369 1660 2416 per
1691 2368 1856 2400 omnes
1888 2368 2038 2399 annos

283 2447 606 2496 congregare:
658 2434 1057 2499 metropolitanos
1097 2435 1246 2499 pallia
1287 2435 1350 2483 ab
1391 2435 1476 2483 illa
1522 2435 1633 2483 sede
1674 2451 1922 2499 quaerere:
1973 2440 2036 2494 et,

334 2554 351 2579 1
379 2568 407 2594 a
433 2568 509 2607 quo
534 2556 636 2608 solo]
679 2557 896 2597 ‘Without
934 2571 1018 2611 any
1046 2572 1134 2598 rea-
1187 2570 1274 2598 A.D.
1299 2568 1390 2610 742,
1412 2573 1533 2612 agree
1561 2560 1653 2600 best
1671 2559 1774 2599 with
1799 2558 1918 2599 those
1939 2559 2040 2599 here

281 2610 451 2650 sonable
489 2610 620 2650 doubt
656 2625 701 2651 as
739 2613 807 2652 old
844 2627 890 2652 as
926 2614 1000 2652 the
1037 2614 1133 2653 fifth
1188 2614 1413 2656 described.
1471 2615 1515 2655 It
1529 2615 1670 2655 would
1687 2615 1739 2654 be
1757 2614 1925 2654 natural
1943 2614 2038 2654 that

281 2669 470 2718 century,-
504 2665 614 2705 since
643 2666 678 2705 it
708 2680 848 2706 occurs
877 2668 922 2707 in
956 2668 1028 2708 the
1062 2669 1133 2709 Sa·
1187 2670 1234 2708 in
1253 2670 1503 2709 accordance
1522 2670 1624 2710 with
1643 2670 1716 2709 the
1734 2669 2038 2708 recommenda-

282 2724 544 2773 eramentary
577 2720 623 2760 of
653 2721 854 2771 Gelasius‚
895 2734 937 2762 A.
940 2734 983 2763 D.
1021 2722 1131 2776 494?
1187 2724 1298 2764 tions
1327 2724 1375 2764 of
1399 2725 1483 2764 this
1515 2725 1641 2764 letter
1672 2738 1698 2764 a
1723 2724 1855 2776 synod
1888 2723 2038 2763 should

282 2775 484 2814 Palmer’s
521 2774 712 2827 Origines
750 2753 987 2829 Litu’rgicae,
1024 2779 1052 2818 i.
1090 2793 1130 2831 p.
1186 2779 1471 2832 immediately
1503 2779 1609 2820 have
1641 2779 1746 2819 been
1783 2778 2036 2819 summoned.

287 2829 379 2870 261.
435 2830 548 2870 Now
583 2843 659 2870 our
703 2832 854 2871 second
895 2833 1040 2872 collect
1085 2838 1132 2873 at
1185 2834 1274 2873 Τ116
1305 2835 1443 2874 Saxon
1476 2834 1704 2874 chronicler
1727 2834 1935 2873 mentions
1958 2846 2037 2873 one

284 2885 479 2936 Evening
498 2885 667 2938 Prayer.
1188 2889 1326 2929 which
1355 2895 1440 2928 met
1472 2894 1518 2929 at
1544 2889 1780 2939 Oloveshoe,
1811 2899 1902 2930 ΑΛ).
1933 2897 2038 2941 742;

337 2938 353 2960 ²
380 2939 575 2991 synodali
592 2940 801 2993 conventa]
832 2942 1062 2989 willibald,
1091 2943 1136 2982 in
1189 2944 1272 2984 and
1301 2944 1385 2985 this
1403 2944 1577 2996 Thorpe‚
1606 2945 1738 2996 Lapp.
1763 2943 1792 2983 i.
1822 2955 1870 2982 22
1876 2955 1913 2995 5,
1942 2956 2037 2995 sup-

283 2993 349 3033 his
378 2994 472 3034 Life
506 2995 553 3034 of
575 2995 785 3041 Boniface‚
813 2998 1018 3036 mentions
1055 2998 1135 3037 five
1189 3010 1307 3051 poses
1344 3004 1388 3038 to
1424 2999 1529 3039 have
1565 2999 1670 3039 been
1706 2997 1947 3038 summoned
1992 2998 2037 3037 in

282 3049 433 3101 synods
447 3050 493 3088 in
508 3049 642 3089 which
661 3051 713 3090 he
727 3050 826 3090 took
837 3056 944 3103 part.
975 3052 1130 3099 Mansi,
1186 3064 1480 3106 consequence.
1537 3054 1584 3093 If
1604 3067 1661 3103 so,
1683 3053 1756 3093 the
1774 3053 1872 3093 date
1891 3052 1937 3093 of
1949 3052 2036 3092 this

283 3103 479 3151 Concilia,
499 3105 569 3144 xii.
596 3113 688 3157 370,
709 3106 924 3145 concludes
944 3107 1038 3146 that
1056 3107 1130 3147 the
1185 3108 1311 3150 letter
1328 3109 1365 3150 is
1383 3109 1491 3150 fixed
1509 3120 1612 3162 very
1630 3108 1844 3162 precisely.

283 3171 436 3199 canons
470 3159 518 3200 of
543 3159 616 3200 the
645 3161 827 3202 German
857 3161 1002 3214 synod,
1032 3161 1130 3202 held
