2216 3554
182 232 510 303 CAP.XXV11.]
807 233 970 283 &emis
1004 227 1291 294 Anqlorum.
1342 234 1345 236 ’
1860 235 1921 281 61

183 370 403 433 quaedam
449 386 535 433 per
579 367 814 416 fervorem
856 365 1068 429 corrigit,
1106 365 1326 429 quaedam
1371 379 1459 427 per
1505 362 1927 413 mansuetudinem

181 453 370 510 tolerat,
396 452 616 516 quaedam
639 466 726 513 per
749 449 1182 497 considerationem
1206 446 1494 505 dissimulat,
1513 450 1657 509 atque
1675 446 1748 494 ita
1766 453 1929 509 portat

182 541 230 583 et
277 535 565 592 dissimulat,
607 538 663 581 ut
698 548 823 595 saepe
869 531 1052 578 malum
1088 530 1219 594 quod
1265 529 1550 576 adversatur
1594 529 1833 591 portando
1880 534 1929 578 et

183 616 529 665 dissimulando
565 617 846 678 compescat.
915 613 1099 662 ¹Omnes
1129 617 1294 660 autem
1324 611 1409 674 qui
1442 611 1504 658 ad
1533 610 1677 658 fidem
1708 611 1929 671 veniunt,

182 698 470 748 admonendi
506 702 629 751 sunt,
667 713 727 743 ne
761 696 860 743 tale
893 694 1082 758 aliquid
1129 695 1339 742 audeant
1373 700 1667 756 perpetrare.
1741 693 1796 742 Si
1844 694 1930 757 qui

181 786 343 830 autem
367 779 763 844 perpetraverint,
781 779 993 842 corporis
1018 784 1067 826 et
1090 776 1342 839 sanguinis
1359 776 1563 824 Domini
1588 777 1928 825 communione

180 863 406 927 privandi
441 867 582 910 sunt:
622 861 736 924 quia
760 861 887 909 sicut
915 861 969 908 in
992 860 1070 907 his
1103 860 1189 924 qui
1212 877 1300 923 per
1333 859 1661 923 ignorantiam
1691 860 1930 918 fecerunt,

181 946 322 1008 culpa
355 944 654 1007 aliquatenus
689 943 939 991 toleranda
973 949 1062 1002 est,
1087 943 1159 991 ita
1194 942 1248 990 in
1277 942 1354 991 his
1389 942 1586 991 fertiter
1616 942 1930 1005 insequenda,

181 1028 265 1091 qui
290 1044 386 1074 non
409 1029 633 1074 metuunt
656 1026 846 1074 sciendo
870 1025 1094 1089 peccare.'

247 1109 335 1157 VI.
371 1108 698 1172 Interrogatio
721 1107 1005 1173 Augustini.
1076 1113 1088 1133 ‘
1107 1107 1159 1157 Si
1183 1106 1514 1171 longinquitas
1541 1106 1733 1156 itineris
1757 1124 1933 1171 magna

180 1190 443 1253 interjacet,
477 1195 534 1239 ut
574 1191 784 1255 episcopi
819 1209 918 1240 non
949 1191 1088 1240 facile
1123 1190 1318 1239 valeant
1353 1190 1624 1248 convenire,
1661 1207 1723 1238 an
1760 1190 1936 1240 debeat

179 1274 282 1323 sine
305 1273 509 1321 aliorum
534 1274 868 1338 episcoporum
891 1273 1152 1338 praesentia
1176 1273 1431 1337 episcopus
1457 1273 1672 1321 ordinari
1689 1272 1726 1320 ‘l'

247 1358 517 1420 Respondit
551 1359 827 1422 Gregorius.
900 1359 991 1406 ‘Et
1023 1358 1219 1421 quidem
1250 1357 1305 1404 in
1329 1355 1609 1420 Anglorum
1644 1357 1855 1417 ecclesia,
1881 1357 1935 1406 in

181 1457 277 1504 qua
300 1440 457 1489 adhuc
480 1441 609 1489 solus
631 1446 687 1489 tu
718 1441 969 1504 episcopus
992 1440 1244 1509 inveniris,
1271 1440 1496 1488 ordinare
1529 1440 1808 1503 episcopum
1837 1457 1935 1488 non

181 1523 322 1572 aliter
344 1523 439 1571 nisi
462 1523 564 1572 sine
587 1515 822 1587 episcopis
853 1529 1005 1586 potes.
1077 1524 1207 1571 Nam
1232 1523 1423 1586 quando
1448 1523 1507 1570 de
1538 1522 1694 1570 Gallis
1720 1523 1935 1586 episcopi

181 1606 399 1661 veniunt,
453 1607 539 1670 qui
579 1606 631 1654 in
681 1607 986 1654 ordinatione
1036 1606 1249 1670 episcopi
1295 1609 1444 1654 testes
1494 1605 1767 1653 adsistant?
1838 1605 1936 1654 Sed

182 1687 534 1736 fraternitatem
559 1694 695 1736 tuam
711 1689 727 1715 ¹
751 1689 821 1736 ita
845 1689 1067 1737 volumus
1100 1689 1348 1753 episcopos
1373 1687 1610 1747 ordinare,
1636 1694 1694 1736 ut
1721 1688 1818 1754 ipsi
1842 1689 1938 1738 sibi

182 1770 391 1833 episcopi
415 1771 558 1834 longo
581 1771 836 1819 intervallo
861 1771 1060 1820 minime
1093 1772 1468 1835 disjungantur;
1508 1777 1746 1837 quatenus
1762 1769 1779 1796 2
1804 1770 1939 1818 nulla

182 1853 246 1901 sit
281 1854 552 1915 necessitas,
583 1860 640 1902 ut
674 1854 726 1902 in
761 1854 1067 1903 ordinatione
1089 1855 1334 1918 episcopi,
1369 1839 1588 1918 pastores
1624 1870 1815 1917 quoque
1851 1853 1938 1902 alii

182 1952 390 1999 quorum
433 1937 691 2000 praesentia
736 1937 877 1985 valde
924 1941 997 1985 est
1047 1937 1199 1997 utilis,
1234 1937 1374 1985 facile
1422 1937 1632 1984 debeant
1667 1936 1939 1985 convenire.

182 2017 308 2068 Cum
331 2018 484 2083 igitur
515 2025 709 2068 auctore
734 2020 838 2068 Deo
863 2020 936 2068 ita
967 2019 1151 2068 fuerint
1182 2019 1396 2084 episcopi
1429 2019 1483 2067 in
1523 2007 1812 2083 propinquis
1845 2019 1939 2066 sibi

136 2102 141 2106 ’
181 2101 298 2149 locis
323 2102 547 2161 ordinati,
571 2119 659 2166 per
691 2103 854 2151 omnia
885 2103 1222 2166 episcoporum
1255 2101 1498 2159 ordinatio
1531 2101 1633 2150 sine
1659 2092 1939 2165 adgregatis

182 2183 339 2232 tribus
363 2184 441 2232 vel
466 2190 675 2248 quatuor
699 2184 935 2249 episcopis
958 2185 1066 2233 fieri
1090 2202 1188 2233 non
1213 2185 1371 2233 debet.
1428 2185 1560 2232 Nam
1583 2184 1635 2231 in
1658 2183 1776 2247 ipsis
1795 2184 1945 2251 rebus

184 2266 484 2330 spiritalibus
530 2270 587 2315 ut
639 2268 884 2331 sapienter
938 2274 988 2316 et
1042 2274 1231 2318 mature
1291 2268 1628 2332 disponantur,
1664 2267 1940 2330 exemplum

184 2345 374 2409 trahere
406 2362 435 2393 a
458 2346 600 2394 rebus
635 2346 784 2395 etiam
816 2347 1091 2396 carnalibus
1129 2339 1397 2410 possumus.
1469 2346 1614 2394 Certe
1650 2345 1783 2393 enim
1821 2346 1942 2393 dum

186 2428 406 2492 conjugia
440 2428 492 2476 in
528 2429 709 2477 mundo
746 2429 1067 2490 celebrantur,
1104 2430 1352 2493 conjugati
1388 2429 1567 2493 quique
1603 2433 1943 2492 convocantur,

186 2513 243 2558 ut
266 2509 350 2573 qui
373 2510 425 2557 in
448 2510 527 2558 via
545 2511 646 2574 jam
672 2511 884 2575 conjugii
909 2518 1272 2575 praecesserunt,
1298 2512 1352 2559 in
1385 2509 1722 2575 subsequentis
1747 2527 1942 2574 quoque

188 2592 372 2654 copulae
409 2592 587 2655 gaudio
634 2593 943 2643 misceantur.
1016 2594 1117 2643 Cur
1152 2611 1249 2643 non
1285 2611 1398 2657 ergo
1435 2599 1484 2642 et
1519 2594 1572 2641 in
1606 2594 1695 2642 hac
1730 2594 1943 2658 spiritali

189 2670 504 2729 ordinatione,
528 2689 622 2735 qua
644 2689 731 2736 per
755 2690 943 2722 sacrum
967 2673 1294 2722 ministerium
1315 2665 1460 2721 honio
1479 2673 1586 2721 Deo
1611 2674 1941 2738 conjungitur,

244 2807 259 2830 ¹
278 2808 590 2860 fraternitatem
631 2809 765 2862 tuam]
815 2809 878 2851 cf.
916 2809 1036 2850 Grat.

191 2876 285 2917 pars
306 2863 342 2903 I.
366 2863 461 2903 dist.
481 2863 583 2903 lxiii.
604 2877 644 2916 p.
666 2876 755 2904 222.

244 2916 261 2939 ²
289 2924 486 2970 quatenus
525 2949 534 2958 .
575 2949 584 2958 .
627 2949 637 2959 .
675 2919 904 2971 convenire]
955 2925 965 2941 ‘
982 2919 1037 2959 In

192 2972 311 3012 order
344 2970 462 3012 that'
493 2975 558 3023 (as
586 2973 821 3026 frequently
850 2974 895 3013 in
928 2978 1037 3025 post-

192 3027 377 3067 classical
405 3027 549 3076 Latin)
572 3034 582 3049 ‘
595 3028 712 3068 there
740 3029 791 3068 be
819 3042 873 3068 no
899 3042 1036 3069 neces-

194 3082 275 3134 sity
287 3082 382 3122 that
400 3083 519 3122 other
536 3082 674 3135 clergy
693 3083 842 3123 should
861 3096 974 3124 come
993 3088 1038 3124 to

194 3150 220 3176 a
245 3137 356 3176 fresh
385 3137 646 3185 ordinati0n;
681 3138 817 3177 whose
843 3152 1037 3191 presence

194 3191 229 3231 is
259 3192 452 3232 however
478 3205 579 3244 very
606 3192 808 3232 ‹lesirable
836 3193 974 3233 where
1002 3194 1038 3234 it

129 3247 133 3251 '
195 3258 272 3286 can
301 3247 352 3286 be
379 3245 487 3288 had?
543 3247 644 3287 This
672 3260 802 3287 seems
829 3252 872 3288 to
891 3248 941 3288 be
966 3249 1039 3288 the

196 3304 385 3355 meaning
397 3302 443 3343 of
448 3302 522 3343 the
533 3306 701 3357 present
713 3306 818 3344 text.
864 3303 950 3344 But
965 3304 1037 3344 the

429 3426 451 3451 -7,

1090 2809 1393 2856 Benedictines,
1424 2810 1531 2862 Epp.
1561 2809 1617 2850 xi.
1639 2808 1705 2862 64,
1732 2809 1846 2855 read,
1869 2814 1879 2830 ‘
1895 2812 1943 2848 ut

1090 2865 1136 2904 in
1155 2865 1414 2905 ordinatione
1444 2865 1623 2917 alicujus
1652 2865 1831 2917 episcopi
1850 2877 1943 2903 con-

1090 2920 1232 2959 venire
1261 2933 1344 2959 non
1372 2921 1543 2972 possint.
1601 2920 1821 2959 Pastorum
1843 2932 1942 2971 quo·

1092 2987 1173 3027 que
1205 2975 1437 3027 aliquorum
1471 2975 1693 3028 praesentia
1723 2974 1845 3013 valde
1878 2976 1943 3012 est

1092 3030 1220 3077 utilis,
1238 3035 1285 3070 ut
1297 3030 1492 3070 facillime
1505 3031 1684 3070 debeant
1695 3025 1941 3073 convenire‚'

1091 3085 1228 3124 which
1259 3085 1397 3125 would
1430 3098 1563 3130 mean,
1595 3091 1604 3106 ⁴
1620 3085 1663 3122 in
1696 3083 1818 3122 order
1847 3083 1943 3121 that

1092 3140 1212 3179 there
1238 3140 1290 3179 be
1315 3153 1370 3180 no
1389 3140 1605 3192 difficulty,
1626 3139 1779 3189 arising
1803 3142 1877 3175 out
1901 3136 1949 3175 of

1092 3195 1166 3235 the
1184 3195 1271 3234 fact
1290 3195 1384 3234 that
1402 3195 1569 3246 bishops
1595 3197 1744 3232 cannot
1763 3205 1877 3231 come
1897 3195 1943 3230 to

1093 3263 1175 3302 any
1211 3250 1324 3289 fresh
1361 3248 1622 3293 ordination‚'
1657 3247 1728 3286 διο.
1785 3246 1838 3286 So
1875 3250 1944 3286 too

1093 3304 1212 3347 Grat.
1232 3318 1328 3358 pars
1347 3305 1383 3345 Ι.
1403 3305 1499 3344 dist.
1519 3303 1636 3342 lxxx.
1657 3299 1696 3341 6.
