2216 3554
267 182 360 227 120
837 179 1063 228 Historia
1097 180 1434 229 Ecclesiastica
1797 178 1927 249 [Lm.
1954 197 2009 230 11.

262 309 410 373 capiti
457 311 571 372 ejus,
624 309 783 358 dicens
803 308 838 359 τ’
869 315 881 337 ⁴
901 311 1026 360 Cum
1072 311 1163 360 hoc
1209 329 1322 375 ergo
1370 310 1462 359 tibi
1503 310 1697 375 signum
1743 311 2006 368 advenerit,

262 396 500 440 memento
542 392 687 455 hujus
723 393 969 456 temporis,
1007 410 1062 441 ac
1096 394 1300 457 loquelae
1336 401 1528 454 nostrae,
1566 399 1613 441 et
1648 411 1704 441 66
1739 410 1846 456 quae
1881 409 2008 439 nunc

213 539 216 541 q
260 474 507 537 promittis
554 474 816 537 adimplere
871 491 932 522 ne
978 474 1200 524 differas.'
1293 477 1358 525 Et
1404 476 1480 524 his
1527 476 1683 534 dictis,
1732 482 1788 524 ut
1834 475 2007 532 ferunt,

261 561 460 619 repente
507 556 761 620 disparuit,
804 562 860 605 ut
901 557 1193 622 intelli-geret
1232 576 1329 607 non
1371 558 1620 607 hominem¹
1655 575 1755 606 esse
1798 557 1881 620 qui
1918 556 2009 605 sibi

260 639 578 702 apparuisset,
616 640 700 686 sed
734 639 976 702 spiritum.

328 722 398 770 Et
433 738 542 770 cum
576 721 737 784 regius
767 722 961 784 juvenis
997 723 1126 770 solus
1162 723 1318 771 adhuc
1354 723 1535 771 ibidem
1576 722 1776 781 sederet,
1817 720 2009 784 gavisus

261 804 457 869 quidem
492 805 552 852 de
587 804 762 852 collata
809 804 903 852 sibi
951 805 1285 865 consolatione,
1323 806 1406 854 sed
1447 806 1657 853 multum
1695 804 1914 852 solicitus
1955 820 2010 850 ac

260 892 420 936 mente
467 887 632 935 sed-ula
678 887 891 950 cogitans
933 887 1042 950 quis
1089 891 1212 936 esset
1256 888 1350 948 1116,
1398 888 1473 936 vel
1521 888 1650 936 unde
1696 886 1885 934 veniret
1926 885 2010 948 qui

260 971 362 1018 haec
408 969 501 1017 sibi
552 969 843 1032 loqueretur,
891 969 1028 1017 venit
1078 971 1139 1018 ad
1194 987 1304 1018 eum
1349 971 1581 1033 praefatus
1635 970 1815 1018 amicus
1861 968 2006 1026 illius,

259 1053 466 1116 laetoque
501 1051 641 1099 vultu
678 1051 891 1099 salutans
927 1068 1066 1099 eum:
1108 1057 1119 1076 ‘
1137 1052 1318 1115 Surge-‚⁹
1348 1053 1526 1116 inquit,
1553 1052 1723 1111 ‘intra‚
1756 1057 1804 1099 et
1837 1050 2009 1113 sopitis

259 1153 313 1184 ac
364 1133 544 1183 relictis
604 1150 829 1181 curarum
885 1133 1228 1192 anxietatibus,
1284 1134 1437 1198 quieti
1488 1135 1703 1182 membra
1764 1133 1907 1182 simul
1960 1139 2009 1180 et

258 1217 475 1265 animum
504 1231 748 1278 compone,
774 1215 887 1277 quia
917 1218 1160 1262 mutatum
1193 1221 1265 1264 est
1300 1232 1383 1263 cor
1417 1215 1557 1279 regis,
1583 1232 1669 1263 nec
1700 1214 1797 1263 tibi-
1825 1215 2010 1278 aliquid

258 1300 375 1367 mali
397 1300 563 1358 facere,
589 1298 671 1346 sed
703 1297 847 1344 fidem
871 1297 1038 1359 potius
1070 1297 1340 1360 pollicitam
1372 1314 1562 1345 servare
1594 1297 1839 1360 disponit:
1879 1303 2009 1360 post-

260 1400 406 1448 quam
430 1382 558 1431 enim
589 1380 932 1443 cogitationem
965 1397 1121 1440 suam,
1144 1381 1202 1428 de
1236 1398 1330 1444 qua
1353 1380 1445 1428 tibi
1478 1384 1590 1428 ante
1613 1380 1731 1438 dixi,
1755 1379 1934 1442 reginae
1958 1379 2010 1426 in

258 1470 441 1515 secreto
476 1463 723 1523 revelavit,
761 1464 1006 1513 revocavit
1040 1481 1152 1512 eum
1192 1464 1276 1512 illa
1312 1465 1373 1512 ab
1408 1463 1691 1522 intentione,
1729 1479 2010 1510 ammonens

259 1548 373 1612 quia
397 1547 530 1595 nulla
553 1546 742 1594 ratione
773 1546 1027 1595 conveniat
1058 1552 1195 1595 tanto
1226 1547 1330 1609 regi
1364 1546 1572 1594 amicum
1609 1562 1750 1594 suum
1773 1544 2009 1608 optimum

258 1631 310 1678 in
351 1629 632 1678 necessitate
677 1626 891 1690 positum
932 1645 1051 1676 auro
1085 1628 1304 1688 vendere,
1344 1628 1492 1676 immo
1526 1627 1671 1675 fidem
1712 1643 1862 1685 suam,
1902 1643 2010 1690 quae

258 1712 485 1761 omnibus
530 1709 825 1758 ornamentis
874 1710 1131 1773 pretiosi-or
1177 1716 1261 1769 est,
1308 1727 1468 1758 amore
1520 1709 1737 1773 pecuniae
1782 1708 2009 1772 perdere!

259 1795 392 1856 Quid
437 1792 609 1857 plural
686 1791 825 1840 Fecit
869 1809 956 1840 rex
1000 1797 1057 1840 ut
1103 1793 1289 1841 dictum
1336 1796 1436 1840 est:
1491 1809 1578 1840 nec
1619 1791 1777 1839 solum
1817 1791 2008 1838 exulem

259 1876 449 1926 nunciis
483 1874 743 1923 hostilibus
782 1891 881 1922 non
919 1875 1137 1934 tradidit,
1173 1875 1257 1923 sed
1292 1875 1438 1923 etiam
1480 1891 1589 1922 eum
1623 1877 1681 1921 ut
1719 1873 1773 1920 111
1806 1889 2008 1935 regnum

258 1957 548 2023 perveni-ret,
595 1956 795 2020 adjuvit.
886 1957 1014 2004 Nam
1052 1974 1166 2005 mox
1206 1956 1518 2004 redeuntibus
1558 1955 1759 2002 domum·
1802 1955 2007 2014 nunciis,

258 2039 526 2089 exercitum
584 2039 646 2086 ad
703 2038 1039 2087 debellandum
1098 2039 1426 2087 Aedilfridum
1485 2037 1680 2100 collegit
1747 2036 2007 2099 copiosum,

258 2139 464 2185 eumque
511 2120 604 2168 sibi
650 2127 976 2169 occurrentem
1022 2139 1134 2170 cum
1179 2122 1394 2170 exercitu
1438 2121 1648 2168 multum
1685 2119 1875 2182 impari,
1911 2137 2007 2166 non

259 2205 390 2253 enim
424 2204 623 2252 dederat
656 2203 731 2250 illi
766 2204 981 2267 spatium·
1012 2221 1107 2268 quo
1141 2209 1302 2252 totum
1339 2220 1479 2251 suum
1514 2205 1826 2266 congregaret
1863 2209 2007 2264 atque

259 2288 497 2335 adunaret
538 2285 814 2345 exercitum,
851 2287 1052 2335 occidit¹
1100 2288 1152 2335 in
1198 2286 1377 2335 finibus
1419 2285 1580 2348 gentis
1615 2284 1905 2332 Merciorum
1945 2283 2008 2331 ad

259 2368 543 2418 orientalem
575 2368 774 2432 plagam·
804 2369 957 2416 amnis
992 2369 1076 2432 qui
1110 2374 1312 2418 vocatur
1346 2368 1494 2416 Idlae:
1531 2367 1584 2414 in
1616 2383 1710 2430 quo
1746 2366 2007 2414 certamine

260 2456 308 2500 et
349 2451 482 2499 filius
532 2450 785 2511 Redualdi,
822 2451 1055 2500 vocabulo
1102 2451 1385 2516 Raegenheri
1400 2449 1430 2512 ²,
1468 2450 1654 2499 occisus
1691 2453 1763 2498 est
1779 2465 1795 2497 :v
1839 2465 1893 2497 ac
1940 2449 2007 2496 616

314 2575 331 2599 ¹
359 2575 510 2616 occidit
531 2605 541 2615 .
563 2603 573 2613 .
592 2605 604 2615 .
625 2575 751 2627 Idloe]
781 2576 870 2615 The
889 2576 982 2615 Idle
1007 2576 1107 2616 rises
1161 2576 1235 2616 the
1273 2577 1411 2617 Saxon
1447 2575 1663 2616 Ghronicle
1701 2572 1784 2613 and
1820 2573 2009 2613 Annales

261 2632 308 2671 in
326 2630 548 2671 Sherwood
563 2629 720 2679 Forest,
736 2631 819 2670 and
833 2631 946 2671 flows
965 2632 1105 2670 north·
1162 2632 1364 2672 Gambriae
1385 2646 1394 2677 ;
1444 2631 1531 2670 and*
1562 2627 1710 2669 Beda's
1756 2628 2008 2679 subsequent

260 2685 397 2726 wards
415 2685 505 2723 into
524 2684 597 2724 the
615 2685 757 2725 Trent.
804 2686 893 2725 The
912 2686 1046 2725 battle
1070 2687 1108 2726 is
1161 2687 1455 2739 computation‚
1477 2699 1516 2737 p.
1541 2696 1630 2736 124,
1651 2685 1752 2722 fixes
1771 2683 1807 2721 it
1825 2687 1870 2722 to
1895 2696 2007 2722 some

262 2740 352 2780 said
370 2743 414 2779 to
439 2739 546 2779 have
565 2739 695 2778 taken
722 2740 837 2792 place
864 2743 909 2779 at
929 2741 1106 2787 Idleton,
1162 2741 1242 2794 day
1271 2742 1406 2780 before
1438 2739 1563 2792 April
1596 2751 1642 2778 12
1673 2739 1717 2778 in
1752 2738 1846 2776 that
1878 2750 2004 2789 year3

261 2808 363 2835 near
400 2793 586 2833 Retford.
643 2794 792 2845 Henry
829 2795 1107 2847 Huntingdon
1161 2795 1322 2848 though
1351 2796 1550 2835 Florence
1578 2794 1623 2833 of
1645 2793 1892 2840 Worcester,
1911 2792 2008 2831 mis-

262 2853 422 2902 quotes,
439 2861 484 2887 as
507 2862 533 2887 a
551 2848 783 2900 proverbial
800 2849 955 2901 saying,
979 2852 990 2871 ‘
1002 2851 1107 2890 Am-
1160 2850 1230 2890 led
1266 2851 1466 2903 probably
1495 2849 1550 2901 by
1579 2849 1664 2887 this
1699 2848 1781 2887 last
1818 2859 2004 2898 passage,

262 2906 328 2944 1116
343 2904 435 2943 11116
449 2903 679 2955 Anglorum
699 2904 900 2951 sanguine
920 2905 1106 2953 sorduit,'
1160 2906 1275 2957 gives
1294 2906 1328 2945 it
1347 2919 1392 2945 as
1411 2905 1454 2943 in
1474 2915 1560 2943 AD.
1580 2902 1674 2942 616.

262 2960 327 2999 M.
346 2959 404 2998 H.
424 2958 475 2996 B.
525 2972 566 3010 p.
607 2965 696 3009 715,
746 2958 833 2996 and·
874 2971 967 3010 says
1012 2960 1106 2999 that
1214 2958 1231 2981 ²
1249 2955 2008 3013 311396ηή6νί]1161111161116,Η.Η111117.;

263 3012 545 3054 AEthelfirith's
590 3012 726 3051 defeat
761 3026 846 3051 was
889 3013 1025 3065 owing
1060 3019 1105 3053 to
1159 3014 1232 3053 the
1247 3028 1360 3054 same
1375 3012 1613 3054 namewith
1629 3012 1810 3062 Ragnar,
1824 3010 2005 3061 Rayner,

262 3069 338 3108 the
377 3080 534 3107 success
569 3067 617 3107 of
648 3067 713 3106 his
748 3067 837 3106 first
873 3067 1106 3119 impetuous
1161 3069 1306 3108 Rene:
1360 3068 1555 3119 meaning
1601 3064 1815 3117 originally
1863 3070 1872 3084 ⁵
1883 3063 2006 3114 judg-

264 3124 426 3175 charge,
445 3122 581 3162 which
609 3121 822 3173 separated
841 3121 929 3161 him
956 3126 1024 3161 too
1042 3122 1107 3162 far
1159 3122 1484 3164 ment-warrior?
1553 3121 1669 3162 Hist.
1708 3119 1754 3159 of
1793 3118 2004 3159 Christian

263 3179 368 3217 from
402 3177 475 3216 the
509 3177 623 3216 main
655 3176 764 3227 body
795 3176 843 3215 of
869 3176 934 3215 his
971 3189 1103 3228 army.
1121 3184 1130 3192 '
1160 3178 1330 3230 Names,
1351 3179 1394 3220 ii.
1419 3184 1510 3231 377.

264 3233 354 3273 The
372 3232 504 3273 battle
520 3232 556 3272 is
581 3230 759 3272 referred
777 3234 821 3271 to
837 3241 927 3272 Ama
949 3230 1025 3284 617
1048 3231 1106 3286 by
