2216 3554
287 159 385 206 222
855 151 916 198 H
911 126 1085 200 istoria
1121 147 1463 198 Ecclesiastica
1820 137 1953 215 [Lln.
1969 161 2041 198 lv.

287 284 537 344 Vulfheri,
574 283 660 349 qui
694 283 852 334 adhuc
887 286 1148 347 supererat,
1186 285 1431 345 sceptrum
1465 278 1605 343 regni
1639 278 1851 328 tenebat.
1920 278 2044 327 Era-t

287 375 454 418 autem
488 366 703 432 Vynfrid
733 366 793 414 de
826 366 953 414 clero
989 368 1092 429 ejus
1128 366 1208 414 cui
1243 365 1348 428 ipse
1381 367 1674 412 successerat
1709 361 1958 420 antistitis,
1995 365 2045 410 et

289 452 571 500 diaconatus
595 449 751 498 officio
775 449 865 499 sub
889 465 945 498 eo
970 466 1068 498 non
1091 464 1244 513 pauco
1268 452 1487 510 tempore
1510 445 1814 508 fungebatur.

1026 687 1176 738 OAP.
1225 687 1315 737 IV.

320 829 373 871 Ut
392 830 568 872 Colman
582 829 802 881 episcopus,
823 827 966 867 relicta
985 826 1220 877 Brittania,
1242 826 1325 866 duo
1345 825 1599 867 monasteria
1618 825 1666 864 in
1685 824 1856 874 Suettio,
1879 838 2010 866 wnum

540 897 705 947 Scottis,
727 897 903 937 alterum
921 895 1082 947 Anylis,
1103 896 1204 936 duos
1222 909 1354 937 secum
1372 896 1621 944 adduxerat,
1633 895 1794 947 fecerit.

361 1023 599 1072 ΙΝΤΕΒΕΑ
623 1019 899 1078 Colmanus‚
925 1017 1011 1082 qui
1034 1017 1094 1066 de
1111 1017 1314 1067 ‘Scottia
1345 1023 1449 1067 erat
1481 1018 1747 1082 episcopus,
1774 1017 2050 1082 relinquens

294 1104 607 1160 Brittaniam,
632 1101 750 1150 tulit
779 1117 941 1150 secum
965 1117 1131 1149 omnes
1155 1118 1277 1164 quos
1308 1101 1362 1149 in
1395 1100 1867 1149 Lindisfarnensium
1891 1100 2053 1149 insula

295 1190 671 1252 congregaverat
700 1183 921 1233 Scottos:
958 1183 1042 1233 sed
1067 1189 1116 1233 et
1144 1183 1204 1232 de
1233 1189 1379 1247 gente
1406 1183 1676 1247 Anglorum
1699 1184 1830 1232 viros
1858 1183 2053 1232 circiter

349 1312 494 1353 Bishop
509 1308 590 1344 001-
641 1266 862 1330 triginta,
880 1266 965 1330 qui
984 1266 1180 1330 utrique
1205 1265 1498 1315 monachicae
1515 1266 1891 1315 conversationis
1915 1272 2054 1314 erant

337 1372 429 1398 man
442 1362 596 1416 returns
637 1349 813 1400 studiis
859 1349 1057 1400 imbuti.
1145 1349 1214 1398 Et
1261 1348 1442 1398 relictis
1487 1348 1540 1396 in
1586 1349 1783 1397 ecclesia
1822 1366 1908 1398 sua
1955 1349 2053 1397 fra·

394 1413 436 1446 ω
450 1410 539 1450 Hm
641 1433 801 1483 tribus
835 1432 1036 1496 aliquot,
1073 1432 1233 1496 primo
1268 1432 1404 1481 venit
1439 1432 1502 1480 ad
1536 1431 1744 1481 insulam
1778 1433 1886 1493 Hii,
1924 1433 2055 1480 unde

298 1525 404 1570 erat
419 1518 481 1567 ad
499 1515 862 1582 praedicandum
877 1515 1080 1563 verbum
1098 1514 1377 1579 Anglorum
1392 1515 1529 1578 genti
1544 1515 1825 1564 destinatus.
1867 1515 2056 1565 Deinde

299 1601 493 1652 secessit
539 1599 601 1648 ad
647 1597 859 1646 insulam
899 1597 1142 1662 quandam
1189 1614 1404 1661 parvam,
1447 1615 1555 1662 quae
1602 1599 1663 1648 ad
1711 1598 2058 1646 occidentalem

299 1686 494 1751 plagam
529 1683 590 1731 ab
625 1681 867 1731 Hibernia
901 1681 1069 1745 procul
1104 1685 1297 1741 secreta,
1333 1698 1553 1730 sermone
1590 1681 1802 1731 Scottico
1832 1682 2057 1730 Inisbou-

376 1797 570 1833 thenoeto
643 1763 775 1812 finde
790 1763 821 1823 ¹,
868 1763 921 1812 id
962 1769 1046 1824 est,
1087 1764 1276 1813 ‘insula
1320 1763 1489 1813 vitulae
1535 1763 1684 1824 albae‚'
1727 1770 2058 1828 nuncupatur.

386 1846 555 1885 helam,
645 1847 707 1894 In
740 1847 864 1895 hanc
899 1863 1012 1910 ergo
1049 1846 1347 1910 perveniens,
1383 1847 1656 1896 construxit
1694 1847 2058 1907 monasterium,

302 1936 352 1981 et
374 1929 630 1979 monachos
653 1929 791 1988 inibi,
817 1946 938 1993 quos
974 1930 1032 1977 de
1057 1934 1264 1992 utraque
1295 1929 1492 1978 natione
1521 1930 1746 1979 collectos
1777 1931 2059 1990 adduxerat,

303 2012 568 2063 collocavit.
643 2011 743 2072 Qui
778 2029 888 2060 cum
920 2011 1131 2060 invicem
1160 2013 1447 2061 concordare
1481 2030 1578 2061 non
1606 2019 1817 2076 possent,
1844 2031 1898 2061 eo
1931 2014 2062 2076 quod

304 2096 462 2146 Scotti
507 2101 725 2157 tempore
771 2094 958 2143 aestatis
1006 2111 1102 2158 quo
1148 2095 1315 2159 fruges
1361 2102 1502 2144 erant
1550 2096 1842 2159 colligendae,
1890 2096 2062 2146 relicto

305 2178 599 2229 monasterio
644 2194 732 2241 per
777 2181 894 2226 nota
942 2177 1034 2225 sibi
1075 2176 1180 2226 loca
1226 2177 1434 2242 dispersi
1473 2184 1805 2242 vagarentur3
1853 2184 1905 2228 at
1945 2196 2062 2228 vero

304 2264 463 2313 hieme
508 2261 791 2310 succedente
832 2259 1062 2319 redirent,
1099 2265 1150 2309 et
1195 2261 1272 2310 his
1313 2279 1422 2326 quae
1465 2261 1615 2326 Angli
1656 2266 2062 2327 praeparaverant,

306 2345 628 2396 communiter
662 2343 738 2392 uti
773 2343 1135 2393 desiderarent:
1177 2345 1405 2408 quaesivit
1441 2345 1703 2394 Colmanus
1735 2345 1848 2394 huic
1881 2346 2064 2394 dissen-

306 2429 433 2480 sioni
468 2426 753 2487 remedium,
787 2433 837 2475 et
872 2427 1157 2476 circumiens
1193 2428 1368 2488 omnia,
1402 2446 1552 2493 prope
1585 2430 1662 2478 vel
1697 2430 1852 2493 longe,
1880 2429 2066 2478 invenit

307 2513 467 2561 locum
502 2511 555 2558 in
591 2509 832 2558 Hibernia
867 2509 1042 2570 insula,
1075 2517 1249 2574 aptum
1284 2511 1575 2560 monasterio
1612 2512 1946 2572 construendo,
1981 2512 2066 2576 qui

385 2613 512 2648 where
526 2612 575 2648 he
649 2593 817 2658 lingua
875 2593 1157 2642 Scottorum
1216 2594 1389 2658 Mageo
1405 2595 1423 2622 ²
1481 2595 1792 2656 nominatur3
1851 2595 2066 2659 emitque

371 2662 590 2754 '331¹ssssss
650 2683 839 2740 partem
880 2677 983 2741 ejus
1028 2695 1127 2726 non
1172 2679 1419 2742 grandem,
1467 2679 1530 2726 ad
1577 2679 1955 2727 construendum
1996 2679 2067 2727 ibi

393 2763 435 2798 of
447 2762 572 2805 Mayo.
658 2760 1019 2821 monasterium,
1051 2778 1080 2810 a
1112 2761 1287 2810 comite
1318 2762 1380 2810 ad
1410 2765 1546 2826 cujus
1580 2761 1927 2826 possessionem
1958 2778 2068 2825 per-

364 2884 381 2909 1
411 2883 717 2935 Inisboufinde]
753 2884 842 2923 The
859 2885 1006 2934 island,
1028 2886 1162 2926 called
1215 2886 1390 2927 another
1409 2887 1543 2927 island
1563 2867 1610 2927 of
1623 2887 1696 2927 the
1724 2900 1838 2927 same
1861 2900 1983 2926 name
2011 2887 2074 2926 off

311 2944 357 2980 to
387 2940 473 2980 this
510 2939 592 2991 day
625 2939 871 2990 Inishbofin,
905 2940 941 2979 is
979 2954 1005 2981 a
1042 2941 1163 2980 small
1215 2942 1290 2981 the
1318 2942 1566 2983 north-west
1593 2947 1708 2983 coast
1735 2943 1783 2982 of
1805 2942 1879 2982 the
1913 2946 2068 2995 eounty

311 2995 449 3035 island
468 2995 531 3034 off
545 2994 618 3034 the
628 2998 732 3034 west
751 2998 865 3034 coast
884 2995 930 3034 of
942 3009 1002 3036 co.
1017 2997 1158 3048 Mayo.
1218 2997 1264 3037 of
1277 2997 1480 3050 Donegal.

313 3051 404 3089 The
424 3050 572 3090 Ulster
589 3049 766 3093 Annale,
787 3049 870 3088 and
890 3050 1007 3089 those
1027 3052 1074 3090 of
1088 3052 1162 3091 the
1272 3051 1288 3073 ²
1317 3052 1480 3104 Mayeo]
1514 3053 1624 3093 Now
1648 3052 1792 3104 May0.
1850 3051 2069 3102 Eugenius

313 3106 428 3146 Four
448 3106 643 3149 Masters,
663 3104 780 3157 place
799 3104 1005 3144 Colman’s
1022 3107 1164 3146 retire-
1217 3120 1309 3148 mac
1329 3108 1522 3148 Brehoan
1543 3121 1625 3147 was
1652 3107 1723 3147 the
1744 3107 1827 3147 last
1844 3107 2003 3160 bishop‚
2023 3107 2069 3146 in

313 3164 427 3200 ment
454 3160 596 3199 hither
622 3159 668 3198 in
694 3169 785 3199 ΔΑ).
819 3158 913 3211 667,
940 3161 1092 3213 calling
1129 3162 1165 3201 it
1220 3173 1309 3203 ΑΛ).
1334 3172 1450 3213 1557,
1472 3164 1554 3203 and
1579 3164 1615 3201 it
1643 3163 1679 3202 is
1705 3176 1798 3202 now
1816 3162 2004 3201 annexed
2024 3166 2069 3201 to

315 3221 326 3238 ‘
342 3215 489 3255 Insula
534 3214 684 3255 Vaccae
729 3212 878 3254 Albaess
947 3215 1083 3256 There
1128 3217 1166 3257 is
1221 3217 1295 3258 the
1314 3218 1524 3271 bishopric
1543 3218 1590 3258 of
1612 3218 1760 3259 Tuam.
1817 3217 1894 3257 See
1914 3217 2069 3268 Usher,

2203 2027 2216 2407 Qmffl2-..A2—
2211 1925 2216 2006 .-.m—
2212 1898 2216 1905 .
