2216 3554
318 208 379 252 78
890 204 1118 254 Historia
1153 205 1488 254 Ecclesiastica
1875 202 2008 273 [LIB.
2028 219 2061 254 1.

314 341 425 384 tura
450 353 584 384 sacra
607 353 667 384 ex
690 335 849 385 verbis
873 337 1078 385 Domini
1109 338 1455 403 omnipotentis
1486 337 1790 401 agnoscimus
1813 338 2064 402 praesentis

316 418 489 466 mundi
508 421 610 481 jam
633 419 868 467 terminus
886 419 1029 482 juxta
1053 426 1125 468 est
1140 422 1169 480 1,
1197 427 1244 469 et
1277 425 1554 469 sanctorum
1578 438 1783 484 regnum
1807 426 2066 469 venturum

317 505 405 560 est,
431 502 563 564 quod
585 502 720 549 nullo
743 518 958 565 unquam
981 503 1164 565 poterit
1189 504 1284 551 fine
1308 504 1572 552 terminari.
1626 502 2067 566 Adpropinquante

316 586 481 631 autem
517 584 684 632 eodem
720 584 892 632 mundi
926 585 1148 645 termino,
1174 587 1329 634 multa
1360 587 1620 634 imminent
1653 602 1762 649 quae
1792 592 1935 633 antea
1971 602 2068 632 non

316 665 543 714 fuerunt:
590 667 812 715 videlicet
845 668 1208 718 immutationes
1244 670 1380 728 ae‘ris,
1416 673 1719 732 terroresque
1755 668 1814 716 de
1851 669 1980 727 caelo,
2018 671 2069 715 et

319 752 487 796 contra
510 748 863 796 ordinationem
887 753 1163 813 temporum
1186 755 1511 815 tempestates,
1537 752 1702 811 bella2‚
1727 753 1891 810 fames,
1916 749 2065 813 pesti-

317 830 492 890 lentiae,
536 836 679 879 terrae
716 837 876 880 motus
913 850 1000 895 per
1036 833 1168 893 loca;
1217 851 1324 897 quae
1359 841 1522 883 tamen
1558 852 1655 882 non
1693 833 1856 882 omnia
1890 832 2068 880 nostris

319 913 486 961 diebus
509 919 713 962 ventura
737 919 865 973 sunt,
891 915 974 962 sed
998 921 1108 978 post
1142 920 1331 964 nostros
1366 917 1468 964 dies
1505 917 1666 965 omnia
1701 916 2069 980 subsequentur.

318 996 418 1043 Vos
452 995 630 1058 itaque,
668 995 710 1043 si
752 1012 846 1058 qua
882 1012 942 1043 ex
977 996 1054 1044 his
1088 998 1280 1046 evenire
1311 998 1364 1045 in
1398 1003 1530 1047 terra
1564 999 2070 1061 vestraeognoscitis,

320 1078 454 1126 nullo
473 1079 616 1126 modo
633 1082 851 1126 vestrum
869 1078 1089 1127 animum
1106 1081 1405 1142 perturbetis
1422 1098 1436 1141 ;
1473 1082 1588 1145 quia
1612 1081 1793 1130 idcirco
1812 1081 1913 1130 haec
1932 1081 2072 1144 signa

321 1161 380 1208 de
410 1159 506 1207 fine
530 1159 694 1207 saeculi
725 1159 1109 1222 praemittuntur,
1135 1167 1191 1209 ut
1224 1162 1283 1210 de
1312 1163 1564 1212 animabus
1599 1164 1778 1212 nostris
1813 1164 2073 1212 debeamus

321 1259 422 1292 esse
459 1242 650 1300 soliciti,
677 1242 735 1289 de
770 1241 940 1289 mortis
972 1242 1091 1291 hora
1124 1244 1348 1307 suspecti,
1374 1249 1425 1293 et
1447 1250 1652 1294 venturo
1671 1246 1824 1309 judici
1848 1246 1902 1294 in
1934 1246 2074 1294 bonis

321 1325 509 1374 actibus
547 1324 853 1372 inveniamur
889 1341 989 1373 esse
1032 1327 1310 1389 praeparati.
1383 1328 1502 1375 Haec
1547 1345 1690 1386 nunc,
1737 1328 1946 1391 gloriose
1987 1327 2073 1385 fili,

320 1407 486 1471 paucis
523 1407 710 1454 locutus
747 1423 868 1463 sum,
911 1413 968 1455 ut
1009 1424 1120 1456 cum
1160 1409 1440 1458 Christiana
1479 1409 1598 1458 fides
1637 1411 1687 1458 in
1729 1427 1877 1474 regno
1911 1416 2074 1459 vestro

321 1490 600 1547 excreverit,
636 1492 802 1537 nostra
838 1507 1027 1553 quoque
1062 1491 1192 1555 apud
1216 1510 1300 1541 vos
1336 1493 1516 1542 locutio
1551 1494 1698 1542 latior
1734 1498 1988 1552 excrescat,
2025 1499 2075 1541 et

320 1577 457 1622 tanto
494 1572 603 1635 plus
638 1572 771 1636 loqui
805 1574 967 1634 libeat,
1006 1581 1187 1638 quanto
1224 1593 1274 1625 se
1309 1577 1364 1624 in
1398 1583 1559 1626 mente
1599 1583 1767 1627 nostra
1806 1577 1982 1642 gaudia
2017 1577 2076 1625 de

321 1655 483 1719 gentis
506 1661 678 1703 vestrae
703 1657 917 1719 perfecta
942 1658 1251 1706 conversione
1275 1659 1617 1723 multiplicant,

336 1762 340 1767 ·
392 1737 579 1786 ‘Parva
637 1745 800 1786 autem
858 1739 1059 1787 exenia⁸
1109 1740 1372 1800 transmisi,
1420 1758 1527 1805 quae
1575 1741 1713 1791 vobis
1771 1759 1921 1806 parva
1978 1759 2077 1790 non

322 1827 480 1879 erunt,
507 1837 615 1868 cum
639 1837 668 1868 a
691 1820 831 1868 vobis
864 1838 924 1869 ex
958 1821 1089 1869 beati
1119 1821 1258 1870 Petri
1287 1824 1493 1886 apostoli
1526 1824 1711 1872 fuerint
1741 1824 2077 1873 benedictione

323 1909 557 1965 suscepta.
618 1902 936 1967 Omnipotens
960 1904 1122 1968 itaque
1147 1905 1281 1953 Deus
1305 1905 1356 1952 in
1374 1906 1511 1954 vobis
1535 1906 1744 1970 gratiam
1768 1924 1903 1954 suam
1930 1924 2077 1970 quam

325 1985 485 2048 coepit,
533 1985 764 2048 perficiat,
814 1992 962 2050 atque
998 1987 1152 2035 vitam
1188 1991 1414 2047 vestram,
1457 1994 1506 2037 et
1552 1989 1631 2037 hic
1677 2006 1764 2052 per
1810 1990 2078 2037 multorum

324 2084 560 2115 annorum
595 2069 834 2116 curricula
869 2070 1113 2128 extendat,
1140 2073 1188 2117 et
1209 2074 1321 2134 post
1355 2071 1501 2135 longa
1530 2075 1751 2133 tempora
1787 2071 1839 2119 in
1876 2072 2078 2120 caelestis

325 2165 412 2197 vos
436 2149 612 2212 patriae
632 2151 1002 2213 congregatione
1021 2151 1240 2214 recipiat.
1294 2152 1597 2201 Incolumem
1622 2153 1955 2202 excellentiam
1973 2170 2076 2202 ves-

326 2237 454 2281 tram
489 2232 646 2295 gratia
682 2249 892 2296 superna
927 2235 1182 2294 custodiat,
1219 2235 1412 2283 domine
1449 2235 1533 2284 fili.
1604 2237 1732 2284 Data
1771 2236 1851 2284 die
1892 2235 2078 2284 decima

415 2335 504 2363 Aa).
520 2329 594 2362 601.
667 2317 987 2364 kalendarum
1025 2317 1057 2364 J
1060 2316 1269 2365 uliarum
1283 2318 1314 2377 ⁴,
1350 2318 1621 2381 imperante
1661 2319 1874 2367 Domino
1914 2324 2080 2366 nostro

329 2399 568 2449 Mauricio
614 2399 810 2447 Tiberio
855 2398 1072 2462 piissimo
1109 2401 1335 2463 Augusto
1381 2418 1508 2450 anno
1555 2401 1742 2450 decimo
1788 2418 1930 2461 nono,
1967 2404 2080 2465 post

328 2482 631 2532 consulatum
656 2481 869 2544 ejusdem
892 2497 1021 2530 anno
1045 2481 1230 2530 decimo
1255 2487 1438 2543 octavo,
1464 2482 1727 2532 indictione
1751 2481 1953 2548 quarta?

383 2613 398 2637 ²
417 2614 544 2665 juxta
572 2613 647 2665 est]
679 2615 754 2653 An
779 2612 874 2653 idea
891 2613 1028 2652 which
1047 2627 1177 2654 seems
1287 2612 1303 2636 ⁴
1328 2615 1488 2655 decima
1528 2615 1802 2655 kalendarum
1837 2612 2078 2667 Juliarum]

329 2674 375 2710 to
412 2669 519 2708 have
549 2669 655 2708 been
692 2669 840 2719 deeply
868 2669 1090 2720 impressed
1122 2683 1177 2708 on
1231 2669 1296 2709 At
1314 2670 1386 2709 the
1411 2683 1522 2709 same
1541 2671 1643 2709 time
1664 2670 1890 2721 Gregorius
1910 2673 2035 2709 wrote
2055 2682 2080 2708 a

330 2721 564 2776 Gregorius’
599 2723 726 2769 mind,
760 2722 844 2762 and
881 2725 1177 2776 consequently
1230 2725 1356 2764 letter
1387 2731 1428 2764 to
1461 2725 1628 2774 Berhte‚
1661 2725 1881 2776 exhorting
1916 2724 2004 2770 her,
2035 2737 2081 2763 as

329 2793 384 2819 on
412 2779 505 2818 that
537 2777 584 2818 of
605 2778 884 2830 Augustinus.
940 2778 1069 2819 Serm.
1107 2782 1172 2830 38.
1233 2779 1305 2819 she
1325 2793 1410 2819 was
1429 2783 1566 2820 ‘reeta
1585 2780 1665 2819 fide
1684 2780 1857 2825 munita,
1881 2785 1925 2818 et
1945 2778 2081 2818 literis

332 2836 398 2875 81.
1235 2833 1379 2880 docta?
1409 2838 1454 2874 to
1485 2848 1712 2886 encourage
1740 2833 2008 2873 AEthelberht
2036 2834 2080 2873 in

385 2889 401 2911 ²
429 2888 533 2929 bella
555 2916 564 2926 .
586 2917 596 2928 .
621 2919 630 2929 .
652 2886 759 2938 loca]
782 2887 911 2928 Matt.
931 2888 1042 2929 xxiV.
1062 2887 1100 2938 6,
1122 2897 1158 2941 7.
1234 2889 1535 2942 Christianity3
1572 2890 1719 2941 saying
1750 2890 1844 2928 that
1872 2889 1947 2927 her
1971 2887 2082 2940 good.

385 2944 401 2968 ³
429 2943 590 2996 exenia]
619 2949 629 2964 ‘
643 2942 856 2990 Enniam,
893 2942 1059 2992 donum,
1090 2957 1180 2983 mu·-
1234 2944 1359 2983 deeds
1380 2945 1410 2995 (‘
1424 2942 1575 2993 bona')
1598 2944 1679 2983 had
1698 2957 1813 2983 come
1831 2948 1874 2983 to
1893 2943 1966 2982 the
1990 2955 2081 2982 ears

331 3012 410 3038 nus
426 3013 437 3045 ;
467 2998 578 3038 idem
596 2997 706 3050 quod
722 2995 878 3048 ξένιον.’
934 2997 1005 3037 Du
1024 2998 1176 3050 Gange,
1234 3012 1339 3038 even
1366 3000 1413 3038 of
1436 2999 1510 3039 the
1530 2999 1730 3052 Emperor
1751 2998 2019 3052 (Mauricius)
2040 2996 2088 3037 of

331 3053 385 3094 ad
403 3067 443 3095 v,
1233 3054 1583 3107 Constantinople.
