2216 3554
293 156 392 204 376
915 149 1145 199 Historia
1181 147 1423 198 Abbatum

291 284 580 335 Benedictus
613 299 713 332 non
736 281 831 331 vile
862 298 1041 330 munus
1075 281 1259 341 attulit,
1283 281 1541 346 epistolam
1574 279 1821 345 privilegii
1851 297 1880 329 a
1903 296 2045 329 vene-

291 367 433 416 rabili
487 383 614 431 papa
659 363 921 429 Agathone
978 381 1089 414 cum
1146 363 1355 424 licentia,
1403 379 1651 423 consensu,
1698 362 1948 422 desiderio,
1994 365 2046 410 et

291 450 492 498 hort-atu
517 448 710 512 ngridi
732 448 863 512 regis
895 453 1156 511 acceptam,
1181 464 1277 511 qua
1310 446 1662 495 monasterium
1685 446 1817 510 quod
1838 445 1956 494 fecit
1983 444 2046 493 ab

291 532 423 581 omni
458 548 657 595 prorsus
691 531 962 580 extrinseca
994 529 1269 593 irruptione
1300 533 1462 578 tutum
1496 533 1731 592 perpetuo
1760 527 2048 576 redderetur

291 631 346 662 ac
381 614 601 667 liberum.
673 613 928 675 Quintum,
964 613 1181 677 picturas
1215 610 1483 675 imaginum
1518 616 1794 660 sanctarum
1829 627 1951 674 quas
1986 609 2048 658 ad

291 696 564 745 ornandum
611 695 858 745 ecclesiam
904 695 1037 744 beati
1078 694 1212 743 Petri
1258 694 1468 758 apostoli
1515 710 1662 757 quam
1709 698 2049 742 construxerat

291 781 499 842 detulit3
557 780 821 845 imaginem
859 778 1085 827 videlicet
1132 778 1288 827 beatae
1328 777 1424 826 Dei
1463 776 1721 842 genetricis
1767 791 2049 840 semperque

291 863 497 928 virginis
519 862 706 923 Mariae,
732 862 878 911 simul
902 866 951 910 et
974 860 1228 910 duodecim
1261 862 1606 925 apostolorum,
1632 860 1808 925 quibus
1840 859 2051 908 mediam

292 946 506 1010 ejusdem
542 945 754 994 ecclesiae
789 944 1100 1003 testudinem,
1128 943 1274 992 ducto
1299 960 1329 991 a
1349 943 1534 1007 pariete
1565 944 1626 992 ad
1650 943 1887 1007 parietem
1911 943 2051 990 tabu-

291 1029 392 1078 lato
424 1029 775 1093 praecingeret3
823 1025 1057 1090 imagines
1092 1026 1380 1090 evangelicae
1403 1026 1619 1075 historiae
1654 1026 1831 1091 quibus
1866 1030 2052 1074 austra-

292 1112 388 1160 lem
412 1110 620 1160 ecclesiae
653 1109 886 1174 parietem
911 1109 1187 1167 decoraret3
1226 1107 1463 1172 imagines
1485 1108 1730 1158 visionum
1753 1105 2053 1172 apocalypsis

290 1194 423 1243 beati
446 1194 479 1242 J
483 1193 704 1253 ohannis,
730 1192 909 1256 quibus
944 1190 1371 1255 septentrionalem
1406 1207 1544 1255 aeque
1576 1191 1810 1254 parietem
1843 1192 2053 1248 ornaret,

292 1282 533 1340 quatenus
556 1277 796 1325 intrantes
819 1274 1068 1324 ecclesiam
1093 1290 1257 1323 omnes
1290 1273 1439 1322 etiam
1460 1273 1713 1322 literarum
1737 1272 1910 1337 ignari,
1934 1288 2052 1336 qua-

293 1376 583 1423 quaversum
631 1358 953 1417 intenderent,
992 1357 1071 1405 vel
1117 1373 1307 1420 semper
1346 1355 1602 1405 amabilem
1643 1355 1831 1405 Christi
1867 1358 2054 1404 sancto·

293 1458 501 1506 rumque
536 1441 653 1506 ejus,
692 1440 914 1505 quamvis
949 1439 1002 1487 in
1036 1438 1263 1503 imagine,
1300 1439 1742 1503 contemplarentur
1775 1444 2050 1503 aspectum3

292 1525 369 1574 vel
407 1524 680 1575 Dominicae
715 1522 1062 1573 incarnationis
1095 1522 1305 1587 gratiam
1340 1521 1651 1586 vigilantiore
1684 1525 1846 1571 mente
1881 1521 2055 1572 recole-

292 1614 437 1670 rent;
497 1608 575 1657 vel
622 1606 830 1657 extremi
876 1605 1139 1655 discrimen
1192 1604 1444 1666 examinis,
1492 1605 1634 1670 quasi
1682 1621 1844 1654 coram
1903 1603 2055 1654 oculis

292 1691 540 1750 habentes,
566 1689 843 1739 districtius
866 1705 917 1738 se
938 1688 1035 1753 ipsi
1061 1689 1336 1739 examinare
1362 1688 1706 1738 meminissent.

364 1776 408 1839 6,
445 1773 612 1839 Igitur
635 1772 928 1823 venerabilis
951 1771 1207 1821 Benedicti
1231 1772 1429 1832 virtute,
1455 1771 1698 1820 industria
1728 1788 1784 1820 ac
1807 1770 2054 1833 religione,

365 1869 568 1910 [Antea]
639 1873 728 1905 rex
786 1854 1023 1919 ngridus
1079 1871 1178 1902 non
1235 1854 1495 1903 minimum
1552 1854 1833 1914 delectatus,
1875 1858 2057 1902 terram

295 1955 438 2003 quam
468 1938 531 1987 ad
556 1938 936 1988 construendum
970 1937 1318 1986 monasterium
1348 1937 1394 1986 ei
1416 1937 1695 1998 donaverat,
1721 1937 1837 2001 quia
1860 1937 1982 1986 bene
2005 1953 2056 1986 se

295 2038 350 2070 ac
386 2021 631 2071 fructuose
667 2022 870 2070 donasse
904 2021 1172 2085 conspexit,
1210 2020 1531 2086 quadraginta
1564 2021 1723 2070 adhuc
1757 2021 2056 2071 familiarum

294 2105 412 2152 data
445 2104 757 2167 possessione,
790 2109 1106 2168 augmentare
1141 2104 1364 2165 curavit3
1413 2104 1500 2152 ubi
1533 2107 1645 2168 post
1678 2121 1862 2153 annum
1896 2104 2057 2154 missis

295 2186 543 2236 monachis
577 2203 783 2235 numero
807 2186 959 2235 ferme
988 2187 1151 2235 decem
1187 2193 1237 2235 et
1272 2190 1473 2251 septem,
1498 2192 1547 2236 et
1581 2187 1848 2251 praeposito
1882 2189 2058 2238 abbate

295 2286 351 2318 ac
385 2270 667 2334 presbytero
691 2268 950 2328 Ceolfrido,
976 2268 1274 2318 Benedictus
1308 2270 1531 2318 consultu
1556 2269 1705 2318 immo
1741 2270 1889 2320 etiam
1919 2273 2058 2334 jussu

296 2352 491 2418 praefati
526 2352 722 2417 ngridi
757 2352 900 2415 regis,
942 2352 1294 2400 monasterium
1334 2352 1466 2402 beati
1507 2353 1648 2402 Pauli
1695 2354 1903 2418 apostoli
1945 2370 2057 2403 con-

298 2435 520 2496 struxit¹,
548 2453 603 2484 ea
634 2436 875 2484 duntaxat
901 2434 1105 2494 ratione,
1129 2441 1187 2484 ut
1210 2453 1308 2484 una
1337 2436 1592 2500 utriusque
1623 2437 1717 2486 loci
1746 2453 1844 2502 pax
1868 2440 1918 2486 et
1948 2454 2058 2486 con-

298 2518 477 2577 cordia,
503 2518 669 2567 eadem
703 2524 938 2582 perpetua
963 2518 1271 2569 familiaritas
1294 2524 1662 2570 conservaretur
1686 2526 1736 2570 et
1770 2520 1958 2584 gratia:
2001 2527 2059 2570 ut

298 2600 426 2652 sicut
448 2601 587 2650 verbi
621 2600 795 2664 gratia,
820 2617 996 2664 corpus
1030 2619 1060 2650 a
1095 2601 1254 2666 capite
1289 2619 1377 2668 per
1410 2603 1542 2668 quod
1577 2603 1730 2668 spirat
1764 2621 1862 2652 non
1898 2607 2061 2668 potest

296 2683 458 2743 avelli,
496 2686 644 2746 caput
685 2683 900 2747 corporis
940 2683 1043 2733 sine
1079 2701 1176 2748 quo
1216 2701 1313 2734 non
1348 2685 1473 2735 vivit
1513 2686 1684 2750 nequit
1718 2685 1952 2746 oblivisci,
1988 2685 2061 2735 ita

299 2766 464 2816 nullus
485 2765 591 2814 haec
613 2766 906 2815 monasteria
937 2766 1207 2830 primorum
1232 2768 1562 2832 apostolorum
1585 2769 1798 2818 fraterna
1832 2769 2060 2818 societate

299 2849 554 2914 conjuncta
577 2849 743 2912 aliquo
766 2849 826 2897 ab
850 2848 1060 2898 invicem
1083 2854 1347 2915 temptaret
1364 2850 1637 2901 disturbare
1661 2857 1851 2901 conatu.
1920 2851 2059 2902 Ceol-

354 2965 371 2990 ¹
398 2966 646 3020 constr-uait]
673 2966 778 3007 This
799 2967 932 3007 whole
959 2973 1153 3010 sentence
1208 2969 1319 3010 batis
1348 2969 1536 3022 ejusdem
1564 2969 1746 3010 ecclesiae
1773 2970 1864 3010 Deo
1891 2974 2060 3010 auctore

299 3021 1045 3130 ἓωοῖἔιῗῗῗιξέἓᾙὲἷὲἒὲῗοΐηῗ
1055 3024 1153 3119 {gaii
1207 3024 1534 3133 ἓὲἚὶωιέἶῗέἲ
1525 3023 1901 3133 assss10ffi³ffi⁰2¹
1899 3025 1930 3119 ἓ
1942 3026 2061 3133 ¹³3}ss

300 3132 344 3172 of
363 3132 435 3172 the
454 3133 608 3172 church
628 3146 674 3173 as
695 3132 874 3173 follows:
907 3135 920 3154 ‘
931 3134 1152 3174 Dedicatio
1207 3148 1254 3175 as
1272 3135 1463 3188 Ecgfrith
1482 3135 1707 3175 succeeded
1725 3135 1770 3175 in
1788 3135 1890 3176 Feb.
1914 3146 1951 3187 7,
1970 3145 2059 3175 AD.

299 3187 480 3228 ecclesiae
503 3188 546 3228 S.
566 3188 691 3228 Pauli
709 3188 796 3229 viii.
819 3187 1003 3228 Kalend.
1027 3189 1148 3238 Maii,
1208 3188 1305 3240 670.
1360 3190 1464 3231 This
1492 3203 1578 3230 was
1616 3189 1768 3231 Beda's
1797 3203 1891 3230 own
1918 3202 2062 3230 mona-

299 3255 367 3284 an.
390 3256 460 3286 xv.
480 3243 667 3297 Ecgfridi
691 3243 814 3297 regis,
849 3243 1050 3285 Ceolfridi
1081 3244 1151 3285 ab·
1208 3249 1334 3298 story,
1348 3244 1760 3300 calledInGywum,
1776 3257 1870 3287 now
1880 3245 2059 3287 Jarrow.
