<?xml version="1.0" encoding="UTF-8"?>
<!DOCTYPE html PUBLIC "-//W3C//DTD XHTML 1.0 Transitional//EN"
    "http://www.w3.org/TR/xhtml1/DTD/xhtml1-transitional.dtd">
<html xmlns="http://www.w3.org/1999/xhtml" xml:lang="en" lang="en">
 <head>
  <title>
</title>
<meta http-equiv="Content-Type" content="text/html;charset=utf-8" />
  <meta name='ocr-system' content='tesseract 3.04.00' />
  <meta name='ocr-capabilities' content='ocr_page ocr_carea ocr_par ocr_line ocrx_word'/>
</head>
<body>
  <div class='ocr_page' id='page_1' title='image "./historiaecclesia00bedeuoft_0134.png"; bbox 0 0 2216 3554; ppageno 0'>
   <div class='ocr_carea' id='block_1_1' title="bbox 926 233 1527 285">
    <p class='ocr_par' dir='ltr' id='par_1_1' title="bbox 926 233 1527 285">
     <span class='ocr_line' id='line_1_1' title="bbox 926 233 1527 285; baseline -0.003 -2"><span class='ocrx_word' id='word_1_1' title='bbox 926 235 1155 285; x_wconf 74' lang='lat' dir='ltr'><em>Historia</em></span> <span class='ocrx_word' id='word_1_2' title='bbox 1189 233 1527 283; x_wconf 71' lang='lat' dir='ltr'>Ecclesiastica</span> 
     </span>
    </p>
   </div>
   <div class='ocr_carea' id='block_1_2' title="bbox 349 230 2093 297">
    <p class='ocr_par' dir='ltr' id='par_1_2' title="bbox 349 230 2093 297">
     <span class='ocr_line' id='line_1_2' title="bbox 349 230 2093 297; baseline -0.004 -8"><span class='ocrx_word' id='word_1_3' title='bbox 349 243 376 288; x_wconf 69' lang='lat'>²1</span> <span class='ocrx_word' id='word_1_4' title='bbox 387 244 450 289; x_wconf 88' lang='lat'>02</span> <span class='ocrx_word' id='word_1_5' title='bbox 1886 230 2020 297; x_wconf 75' lang='lat' dir='ltr'>[Lm.</span> <span class='ocrx_word' id='word_1_6' title='bbox 2036 245 2093 282; x_wconf 92' lang='lat'>11.</span> 
     </span>
    </p>
   </div>
   <div class='ocr_carea' id='block_1_3' title="bbox 347 361 2098 842">
    <p class='ocr_par' dir='ltr' id='par_1_3' title="bbox 347 361 2098 842">
     <span class='ocr_line' id='line_1_3' title="bbox 348 361 2096 434; baseline -0.007 -12"><span class='ocrx_word' id='word_1_7' title='bbox 348 374 547 431; x_wconf 87' lang='lat' dir='ltr'>intrare,</span> <span class='ocrx_word' id='word_1_8' title='bbox 573 368 688 434; x_wconf 87' lang='lat' dir='ltr'>quia</span> <span class='ocrx_word' id='word_1_9' title='bbox 720 384 805 417; x_wconf 90' lang='lat' dir='ltr'>nec</span> <span class='ocrx_word' id='word_1_10' title='bbox 829 381 950 431; x_wconf 86' lang='lat' dir='ltr'>opus</span> <span class='ocrx_word' id='word_1_11' title='bbox 977 367 1061 416; x_wconf 92' lang='lat' dir='ltr'>illo</span> <span class='ocrx_word' id='word_1_12' title='bbox 1089 383 1177 416; x_wconf 88' lang='lat' dir='ltr'>nos</span> <span class='ocrx_word' id='word_1_13' title='bbox 1204 366 1382 415; x_wconf 89' lang='lat' dir='ltr'>habere</span> <span class='ocrx_word' id='word_1_14' title='bbox 1411 364 1646 423; x_wconf 87' lang='lat' dir='ltr'>novimus,</span> <span class='ocrx_word' id='word_1_15' title='bbox 1672 361 1755 411; x_wconf 92' lang='lat' dir='ltr'>sed</span> <span class='ocrx_word' id='word_1_16' title='bbox 1778 365 1940 411; x_wconf 90' lang='lat' dir='ltr'>tamen</span> <span class='ocrx_word' id='word_1_17' title='bbox 1970 378 2096 427; x_wconf 86' lang='lat' dir='ltr'>pane</span> 
     </span>
     <span class='ocr_line' id='line_1_4' title="bbox 347 445 2096 514; baseline -0.006 -10"><span class='ocrx_word' id='word_1_18' title='bbox 347 457 433 504; x_wconf 86' lang='lat' dir='ltr'>illo</span> <span class='ocrx_word' id='word_1_19' title='bbox 457 453 589 502; x_wconf 89' lang='lat' dir='ltr'>refici</span> <span class='ocrx_word' id='word_1_20' title='bbox 619 450 873 500; x_wconf 66' lang='lat' dir='ltr'>volumus!</span> <span class='ocrx_word' id='word_1_21' title='bbox 943 450 1163 514; x_wconf 85' lang='lat' dir='ltr'><strong>Cumque</strong></span> <span class='ocrx_word' id='word_1_22' title='bbox 1195 450 1452 513; x_wconf 76' lang='lat' dir='ltr'><strong>diligenter</strong></span> <span class='ocrx_word' id='word_1_23' title='bbox 1479 464 1533 495; x_wconf 91' lang='lat' dir='ltr'>ac</span> <span class='ocrx_word' id='word_1_24' title='bbox 1566 462 1692 510; x_wconf 86' lang='lat' dir='ltr'>saepe</span> <span class='ocrx_word' id='word_1_25' title='bbox 1719 446 1781 493; x_wconf 87' lang='lat' dir='ltr'>ab</span> <span class='ocrx_word' id='word_1_26' title='bbox 1813 445 1899 493; x_wconf 93' lang='lat' dir='ltr'>illo</span> <span class='ocrx_word' id='word_1_27' title='bbox 1935 451 2096 494; x_wconf 78' lang='lat' dir='ltr'>essent</span> 
     </span>
     <span class='ocr_line' id='line_1_5' title="bbox 349 527 2096 596; baseline -0.006 -10"><span class='ocrx_word' id='word_1_28' title='bbox 349 535 599 593; x_wconf 82' lang='lat' dir='ltr'><strong>admoniti,</strong></span> <span class='ocrx_word' id='word_1_29' title='bbox 635 549 939 596; x_wconf 84' lang='lat' dir='ltr'><strong>nequaquam</strong></span> <span class='ocrx_word' id='word_1_30' title='bbox 972 531 1079 580; x_wconf 88' lang='lat' dir='ltr'>fieri</span> <span class='ocrx_word' id='word_1_31' title='bbox 1113 549 1250 596; x_wconf 89' lang='lat' dir='ltr'>posse</span> <span class='ocrx_word' id='word_1_32' title='bbox 1285 535 1342 579; x_wconf 91' lang='lat' dir='ltr'>ut</span> <span class='ocrx_word' id='word_1_33' title='bbox 1388 530 1570 593; x_wconf 82' lang='lat' dir='ltr'>absque</span> <span class='ocrx_word' id='word_1_34' title='bbox 1609 527 1899 592; x_wconf 80' lang='lat' dir='ltr'>purgatione</span> <span class='ocrx_word' id='word_1_35' title='bbox 1940 545 2096 576; x_wconf 90' lang='lat' dir='ltr'>sacro-</span> 
     </span>
     <span class='ocr_line' id='line_1_6' title="bbox 348 610 2096 681; baseline -0.006 -13"><span class='ocrx_word' id='word_1_36' title='bbox 348 625 513 668; x_wconf 88' lang='lat' dir='ltr'>sancta</span> <span class='ocrx_word' id='word_1_37' title='bbox 551 617 660 681; x_wconf 89' lang='lat' dir='ltr'>quis</span> <span class='ocrx_word' id='word_1_38' title='bbox 700 615 932 663; x_wconf 74' lang='lat' dir='ltr'>oblationi</span> <span class='ocrx_word' id='word_1_39' title='bbox 973 617 1286 663; x_wconf 72' lang='lat' dir='ltr'>sacrosanctae</span> <span class='ocrx_word' id='word_1_40' title='bbox 1331 611 1720 669; x_wconf 85' lang='lat' dir='ltr'>communicaret,</span> <span class='ocrx_word' id='word_1_41' title='bbox 1761 610 1822 658; x_wconf 88' lang='lat' dir='ltr'>ad</span> <span class='ocrx_word' id='word_1_42' title='bbox 1866 610 2096 658; x_wconf 88' lang='lat' dir='ltr'>ultimum</span> 
     </span>
     <span class='ocr_line' id='line_1_7' title="bbox 348 691 2096 757; baseline -0.006 -7"><span class='ocrx_word' id='word_1_43' title='bbox 348 703 514 750; x_wconf 89' lang='lat' dir='ltr'>furore</span> <span class='ocrx_word' id='word_1_44' title='bbox 555 696 796 757; x_wconf 86' lang='lat' dir='ltr'>commoti,</span> <span class='ocrx_word' id='word_1_45' title='bbox 832 696 1052 744; x_wconf 85' lang='lat' dir='ltr'>aiebant:</span> <span class='ocrx_word' id='word_1_46' title='bbox 1109 703 1122 723; x_wconf 91' lang='lat'>‘</span> <span class='ocrx_word' id='word_1_47' title='bbox 1139 694 1195 742; x_wconf 77' lang='lat' dir='ltr'>Si</span> <span class='ocrx_word' id='word_1_48' title='bbox 1231 711 1329 742; x_wconf 92' lang='lat' dir='ltr'>non</span> <span class='ocrx_word' id='word_1_49' title='bbox 1361 694 1434 741; x_wconf 85' lang='lat' dir='ltr'>vis</span> <span class='ocrx_word' id='word_1_50' title='bbox 1463 692 1706 740; x_wconf 81' lang='lat' dir='ltr'>adsentire</span> <span class='ocrx_word' id='word_1_51' title='bbox 1733 691 1872 739; x_wconf 90' lang='lat' dir='ltr'>nobis</span> <span class='ocrx_word' id='word_1_52' title='bbox 1907 691 1959 739; x_wconf 91' lang='lat' dir='ltr'>in</span> <span class='ocrx_word' id='word_1_53' title='bbox 1993 695 2096 740; x_wconf 84' lang='lat' dir='ltr'>tam</span> 
     </span>
     <span class='ocr_line' id='line_1_8' title="bbox 348 773 2098 842; baseline -0.005 -11"><span class='ocrx_word' id='word_1_54' title='bbox 348 783 479 832; x_wconf 82' lang='lat' dir='ltr'>facili</span> <span class='ocrx_word' id='word_1_55' title='bbox 514 797 657 831; x_wconf 87' lang='lat' dir='ltr'>causa</span> <span class='ocrx_word' id='word_1_56' title='bbox 692 795 835 842; x_wconf 91' lang='lat' dir='ltr'>quam</span> <span class='ocrx_word' id='word_1_57' title='bbox 868 777 1093 841; x_wconf 89' lang='lat' dir='ltr'>petimus,</span> <span class='ocrx_word' id='word_1_58' title='bbox 1125 793 1223 825; x_wconf 93' lang='lat' dir='ltr'>non</span> <span class='ocrx_word' id='word_1_59' title='bbox 1255 776 1435 839; x_wconf 89' lang='lat' dir='ltr'>poteris</span> <span class='ocrx_word' id='word_1_60' title='bbox 1460 775 1562 839; x_wconf 85' lang='lat' dir='ltr'>jam</span> <span class='ocrx_word' id='word_1_61' title='bbox 1585 774 1638 821; x_wconf 94' lang='lat' dir='ltr'>in</span> <span class='ocrx_word' id='word_1_62' title='bbox 1662 777 1827 821; x_wconf 82' lang='lat' dir='ltr'>nostra</span> <span class='ocrx_word' id='word_1_63' title='bbox 1849 773 2098 837; x_wconf 86' lang='lat' dir='ltr'>provincia</span> 
     </span>
    </p>
   </div>
   <div class='ocr_carea' id='block_1_4' title="bbox 349 855 2098 924">
    <p class='ocr_par' dir='ltr' id='par_1_4' title="bbox 349 855 2098 924">
     <span class='ocr_line' id='line_1_9' title="bbox 349 855 2098 924; baseline -0.006 -9"><span class='ocrx_word' id='word_1_64' title='bbox 349 862 616 915; x_wconf 61' lang='lat' dir='ltr'>demorari?</span> <span class='ocrx_word' id='word_1_65' title='bbox 687 863 754 909; x_wconf 92' lang='lat' dir='ltr'>Et</span> <span class='ocrx_word' id='word_1_66' title='bbox 777 860 1067 924; x_wconf 84' lang='lat' dir='ltr'>expulerunt</span> <span class='ocrx_word' id='word_1_67' title='bbox 1090 876 1217 919; x_wconf 92' lang='lat' dir='ltr'>eum,</span> <span class='ocrx_word' id='word_1_68' title='bbox 1243 876 1298 907; x_wconf 87' lang='lat' dir='ltr'>ac</span> <span class='ocrx_word' id='word_1_69' title='bbox 1333 859 1392 907; x_wconf 93' lang='lat' dir='ltr'>de</span> <span class='ocrx_word' id='word_1_70' title='bbox 1424 875 1512 906; x_wconf 92' lang='lat' dir='ltr'>suo</span> <span class='ocrx_word' id='word_1_71' title='bbox 1536 874 1684 920; x_wconf 89' lang='lat' dir='ltr'>regno</span> <span class='ocrx_word' id='word_1_72' title='bbox 1708 873 1820 904; x_wconf 91' lang='lat' dir='ltr'>cum</span> <span class='ocrx_word' id='word_1_73' title='bbox 1843 855 1942 905; x_wconf 89' lang='lat' dir='ltr'>suis</span> <span class='ocrx_word' id='word_1_74' title='bbox 1965 856 2098 905; x_wconf 85' lang='lat' dir='ltr'>abire</span> 
     </span>
    </p>
   </div>
   <div class='ocr_carea' id='block_1_5' title="bbox 314 951 2099 1093">
    <p class='ocr_par' dir='ltr' id='par_1_5' title="bbox 314 951 2099 1093">
     <span class='ocr_line' id='line_1_10' title="bbox 314 951 607 1013; baseline -0.003 -18"><span class='ocrx_word' id='word_1_75' title='bbox 314 978 326 995; x_wconf 76' lang='grc'><strong>.</strong></span> <span class='ocrx_word' id='word_1_76' title='bbox 343 951 607 1013; x_wconf 89' lang='lat' dir='ltr'>jusserunt.</span> 
     </span>
     <span class='ocr_line' id='line_1_11' title="bbox 418 1022 2099 1093; baseline -0.004 -14"><span class='ocrx_word' id='word_1_77' title='bbox 418 1030 518 1093; x_wconf 79' lang='lat' dir='ltr'>Qui</span> <span class='ocrx_word' id='word_1_78' title='bbox 542 1027 770 1092; x_wconf 85' lang='lat' dir='ltr'>expulsus</span> <span class='ocrx_word' id='word_1_79' title='bbox 787 1025 913 1084; x_wconf 89' lang='lat' dir='ltr'>inde,</span> <span class='ocrx_word' id='word_1_80' title='bbox 932 1024 1065 1073; x_wconf 87' lang='lat' dir='ltr'>venit</span> <span class='ocrx_word' id='word_1_81' title='bbox 1090 1022 1328 1082; x_wconf 84' lang='lat' dir='ltr'>Oantiam,</span> <span class='ocrx_word' id='word_1_82' title='bbox 1346 1027 1644 1071; x_wconf 84' lang='lat' dir='ltr'>tractaturus</span> <span class='ocrx_word' id='word_1_83' title='bbox 1658 1022 1674 1049; x_wconf 90' lang='lat'>¹</span> <span class='ocrx_word' id='word_1_84' title='bbox 1700 1039 1809 1071; x_wconf 91' lang='lat' dir='ltr'>cum</span> <span class='ocrx_word' id='word_1_85' title='bbox 1833 1022 2099 1073; x_wconf 86' lang='lat' dir='ltr'>Laurentio</span> 
     </span>
    </p>
   </div>
   <div class='ocr_carea' id='block_1_6' title="bbox 348 1105 2101 2073">
    <p class='ocr_par' dir='ltr' id='par_1_6' title="bbox 348 1105 2101 2073">
     <span class='ocr_line' id='line_1_12' title="bbox 692 1105 2096 1170; baseline -0.002 -13"><span class='ocrx_word' id='word_1_86' title='bbox 692 1114 741 1157; x_wconf 93' lang='lat' dir='ltr'>et</span> <span class='ocrx_word' id='word_1_87' title='bbox 778 1108 924 1156; x_wconf 85' lang='lat' dir='ltr'>Justo</span> <span class='ocrx_word' id='word_1_88' title='bbox 966 1106 1271 1170; x_wconf 87' lang='lat' dir='ltr'>coepiscopis,</span> <span class='ocrx_word' id='word_1_89' title='bbox 1314 1106 1431 1168; x_wconf 91' lang='lat' dir='ltr'>quid</span> <span class='ocrx_word' id='word_1_90' title='bbox 1470 1105 1522 1152; x_wconf 93' lang='lat' dir='ltr'>in</span> <span class='ocrx_word' id='word_1_91' title='bbox 1562 1105 1639 1153; x_wconf 91' lang='lat' dir='ltr'>his</span> <span class='ocrx_word' id='word_1_92' title='bbox 1677 1111 1801 1154; x_wconf 90' lang='lat' dir='ltr'>esset</span> <span class='ocrx_word' id='word_1_93' title='bbox 1841 1106 2096 1169; x_wconf 88' lang='lat' dir='ltr'>agendum.</span> 
     </span>
     <span class='ocr_line' id='line_1_13' title="bbox 391 1156 2099 1251; baseline -0.003 -9"><span class='ocrx_word' id='word_1_94' title='bbox 391 1156 652 1241; x_wconf 49' lang='lat' dir='ltr'>affldngzlgiixuss</span> <span class='ocrx_word' id='word_1_95' title='bbox 688 1190 1047 1251; x_wconf 90' lang='lat' dir='ltr'>Decretumque</span> <span class='ocrx_word' id='word_1_96' title='bbox 1097 1193 1169 1236; x_wconf 92' lang='lat' dir='ltr'>est</span> <span class='ocrx_word' id='word_1_97' title='bbox 1220 1186 1463 1235; x_wconf 89' lang='lat' dir='ltr'>communi</span> <span class='ocrx_word' id='word_1_98' title='bbox 1512 1187 1726 1246; x_wconf 89' lang='lat' dir='ltr'>consilio,</span> <span class='ocrx_word' id='word_1_99' title='bbox 1779 1188 1896 1251; x_wconf 87' lang='lat' dir='ltr'>quia</span> <span class='ocrx_word' id='word_1_100' title='bbox 1947 1189 2099 1237; x_wconf 87' lang='lat' dir='ltr'>satius</span> 
     </span>
     <span class='ocr_line' id='line_1_14' title="bbox 367 1256 670 1298; baseline 0 -8"><span class='ocrx_word' id='word_1_101' title='bbox 367 1256 470 1292; x_wconf 86' lang='lat' dir='ltr'>leave</span> <span class='ocrx_word' id='word_1_102' title='bbox 485 1256 670 1298; x_wconf 83' lang='lat' dir='ltr'>England.</span> 
     </span>
     <span class='ocr_line' id='line_1_15' title="bbox 349 1350 2100 1415; baseline -0.001 -14"><span class='ocrx_word' id='word_1_103' title='bbox 349 1353 560 1401; x_wconf 89' lang='lat' dir='ltr'>Domino</span> <span class='ocrx_word' id='word_1_104' title='bbox 601 1352 914 1410; x_wconf 88' lang='lat' dir='ltr'>deservirent,</span> <span class='ocrx_word' id='word_1_105' title='bbox 962 1367 1108 1415; x_wconf 90' lang='lat' dir='ltr'>quam</span> <span class='ocrx_word' id='word_1_106' title='bbox 1153 1351 1282 1398; x_wconf 89' lang='lat' dir='ltr'>inter</span> <span class='ocrx_word' id='word_1_107' title='bbox 1326 1350 1525 1399; x_wconf 86' lang='lat' dir='ltr'>rebelles</span> <span class='ocrx_word' id='word_1_108' title='bbox 1570 1351 1684 1398; x_wconf 90' lang='lat' dir='ltr'>fidei</span> <span class='ocrx_word' id='word_1_109' title='bbox 1729 1351 1957 1400; x_wconf 84' lang='lat' dir='ltr'>barbaros</span> <span class='ocrx_word' id='word_1_110' title='bbox 1998 1351 2100 1400; x_wconf 87' lang='lat' dir='ltr'>sine</span> 
     </span>
     <span class='ocr_line' id='line_1_16' title="bbox 349 1432 2100 1496; baseline 0.001 -15"><span class='ocrx_word' id='word_1_111' title='bbox 349 1435 511 1483; x_wconf 86' lang='lat' dir='ltr'>fructu</span> <span class='ocrx_word' id='word_1_112' title='bbox 544 1435 820 1483; x_wconf 87' lang='lat' dir='ltr'>residerent.</span> <span class='ocrx_word' id='word_1_113' title='bbox 890 1433 1167 1481; x_wconf 87' lang='lat' dir='ltr'>Discessere</span> <span class='ocrx_word' id='word_1_114' title='bbox 1191 1433 1356 1496; x_wconf 89' lang='lat' dir='ltr'>itaque</span> <span class='ocrx_word' id='word_1_115' title='bbox 1385 1432 1545 1496; x_wconf 89' lang='lat' dir='ltr'>primo</span> <span class='ocrx_word' id='word_1_116' title='bbox 1577 1433 1794 1481; x_wconf 85' lang='lat' dir='ltr'>Mellitus</span> <span class='ocrx_word' id='word_1_117' title='bbox 1824 1450 1880 1481; x_wconf 89' lang='lat' dir='ltr'>ac</span> <span class='ocrx_word' id='word_1_118' title='bbox 1909 1433 1942 1481; x_wconf 83' lang='lat' dir='ltr'><strong>J</strong></span> <span class='ocrx_word' id='word_1_119' title='bbox 1946 1438 2100 1495; x_wconf 89' lang='lat' dir='ltr'>ustus,</span> 
     </span>
     <span class='ocr_line' id='line_1_17' title="bbox 349 1514 2100 1581; baseline -0.001 -16"><span class='ocrx_word' id='word_1_120' title='bbox 349 1522 494 1581; x_wconf 84' lang='lat' dir='ltr'>atque</span> <span class='ocrx_word' id='word_1_121' title='bbox 543 1518 606 1565; x_wconf 87' lang='lat' dir='ltr'>ad</span> <span class='ocrx_word' id='word_1_122' title='bbox 643 1522 806 1580; x_wconf 85' lang='lat' dir='ltr'>partes</span> <span class='ocrx_word' id='word_1_123' title='bbox 843 1515 1016 1564; x_wconf 86' lang='lat' dir='ltr'>Galliae</span> <span class='ocrx_word' id='word_1_124' title='bbox 1059 1531 1304 1574; x_wconf 90' lang='lat' dir='ltr'>secessere,</span> <span class='ocrx_word' id='word_1_125' title='bbox 1339 1514 1410 1563; x_wconf 91' lang='lat' dir='ltr'>ibi</span> <span class='ocrx_word' id='word_1_126' title='bbox 1443 1532 1607 1564; x_wconf 89' lang='lat' dir='ltr'>rerum</span> <span class='ocrx_word' id='word_1_127' title='bbox 1640 1515 1787 1564; x_wconf 89' lang='lat' dir='ltr'>finem</span> <span class='ocrx_word' id='word_1_128' title='bbox 1821 1522 2100 1580; x_wconf 83' lang='lat' dir='ltr'>exspectare</span> 
     </span>
     <span class='ocr_line' id='line_1_18' title="bbox 350 1598 2097 1663; baseline -0.001 -16"><span class='ocrx_word' id='word_1_129' title='bbox 350 1600 673 1663; x_wconf 82' lang='lat' dir='ltr'>disponentes.</span> <span class='ocrx_word' id='word_1_130' title='bbox 745 1599 841 1649; x_wconf 84' lang='lat' dir='ltr'>Sed</span> <span class='ocrx_word' id='word_1_131' title='bbox 872 1615 970 1646; x_wconf 93' lang='lat' dir='ltr'>non</span> <span class='ocrx_word' id='word_1_132' title='bbox 1001 1598 1157 1646; x_wconf 92' lang='lat' dir='ltr'>multo</span> <span class='ocrx_word' id='word_1_133' title='bbox 1185 1603 1402 1660; x_wconf 90' lang='lat' dir='ltr'>tempore</span> <span class='ocrx_word' id='word_1_134' title='bbox 1435 1598 1522 1661; x_wconf 91' lang='lat' dir='ltr'>qui</span> <span class='ocrx_word' id='word_1_135' title='bbox 1552 1614 1823 1661; x_wconf 79' lang='lat' dir='ltr'>praeconem</span> <span class='ocrx_word' id='word_1_136' title='bbox 1846 1617 1875 1647; x_wconf 93' lang='lat' dir='ltr'>a</span> <span class='ocrx_word' id='word_1_137' title='bbox 1899 1615 1948 1648; x_wconf 91' lang='lat' dir='ltr'>se</span> <span class='ocrx_word' id='word_1_138' title='bbox 1972 1599 2097 1647; x_wconf 87' lang='lat' dir='ltr'>veri-</span> 
     </span>
     <span class='ocr_line' id='line_1_19' title="bbox 349 1678 2099 1745; baseline -0.001 -15"><span class='ocrx_word' id='word_1_139' title='bbox 349 1682 465 1730; x_wconf 87' lang='lat' dir='ltr'>tatis</span> <span class='ocrx_word' id='word_1_140' title='bbox 501 1682 805 1745; x_wconf 89' lang='lat' dir='ltr'>expulerant,</span> <span class='ocrx_word' id='word_1_141' title='bbox 836 1680 1116 1730; x_wconf 76' lang='lat' dir='ltr'>daemonicis</span> <span class='ocrx_word' id='word_1_142' title='bbox 1148 1680 1362 1729; x_wconf 89' lang='lat' dir='ltr'>cultibus</span> <span class='ocrx_word' id='word_1_143' title='bbox 1394 1678 1590 1743; x_wconf 90' lang='lat' dir='ltr'>impune</span> <span class='ocrx_word' id='word_1_144' title='bbox 1625 1681 1912 1730; x_wconf 87' lang='lat' dir='ltr'>serviebant.</span> <span class='ocrx_word' id='word_1_145' title='bbox 1971 1681 2099 1729; x_wconf 86' lang='lat' dir='ltr'>Nam</span> 
     </span>
     <span class='ocr_line' id='line_1_20' title="bbox 350 1762 2101 1827; baseline -0.001 -15"><span class='ocrx_word' id='word_1_146' title='bbox 350 1764 527 1827; x_wconf 84' lang='lat' dir='ltr'>egressi</span> <span class='ocrx_word' id='word_1_147' title='bbox 561 1769 729 1812; x_wconf 83' lang='lat' dir='ltr'>contra</span> <span class='ocrx_word' id='word_1_148' title='bbox 762 1769 954 1826; x_wconf 87' lang='lat' dir='ltr'>gentem</span> <span class='ocrx_word' id='word_1_149' title='bbox 983 1763 1301 1814; x_wconf 83' lang='lat' dir='ltr'>Geuissorum</span> <span class='ocrx_word' id='word_1_150' title='bbox 1316 1764 1332 1789; x_wconf 82' lang='lat'><strong>²</strong></span> <span class='ocrx_word' id='word_1_151' title='bbox 1369 1762 1421 1809; x_wconf 91' lang='lat' dir='ltr'>in</span> <span class='ocrx_word' id='word_1_152' title='bbox 1452 1762 1688 1825; x_wconf 79' lang='lat' dir='ltr'>praelium,</span> <span class='ocrx_word' id='word_1_153' title='bbox 1722 1780 1887 1811; x_wconf 91' lang='lat' dir='ltr'>omnes</span> <span class='ocrx_word' id='word_1_154' title='bbox 1917 1763 2101 1827; x_wconf 86' lang='lat' dir='ltr'>pariter</span> 
     </span>
     <span class='ocr_line' id='line_1_21' title="bbox 350 1844 2098 1908; baseline -0.002 -13"><span class='ocrx_word' id='word_1_155' title='bbox 350 1863 459 1895; x_wconf 89' lang='lat' dir='ltr'>cum</span> <span class='ocrx_word' id='word_1_156' title='bbox 494 1863 580 1894; x_wconf 88' lang='lat' dir='ltr'>sua</span> <span class='ocrx_word' id='word_1_157' title='bbox 614 1846 791 1894; x_wconf 90' lang='lat' dir='ltr'>militia</span> <span class='ocrx_word' id='word_1_158' title='bbox 826 1849 1127 1904; x_wconf 85' lang='lat' dir='ltr'>corruerunt,</span> <span class='ocrx_word' id='word_1_159' title='bbox 1151 1860 1251 1904; x_wconf 91' lang='lat' dir='ltr'>nec,</span> <span class='ocrx_word' id='word_1_160' title='bbox 1276 1844 1388 1892; x_wconf 90' lang='lat' dir='ltr'>licet</span> <span class='ocrx_word' id='word_1_161' title='bbox 1416 1845 1690 1893; x_wconf 83' lang='lat' dir='ltr'>auctoribus</span> <span class='ocrx_word' id='word_1_162' title='bbox 1721 1845 1938 1908; x_wconf 87' lang='lat' dir='ltr'>perditis,</span> <span class='ocrx_word' id='word_1_163' title='bbox 1972 1845 2098 1893; x_wconf 85' lang='lat' dir='ltr'>exci-</span> 
     </span>
     <span class='ocr_line' id='line_1_22' title="bbox 348 1926 2098 1991; baseline -0.001 -14"><span class='ocrx_word' id='word_1_164' title='bbox 348 1935 506 1977; x_wconf 87' lang='lat' dir='ltr'>tatum</span> <span class='ocrx_word' id='word_1_165' title='bbox 531 1928 591 1976; x_wconf 89' lang='lat' dir='ltr'>ad</span> <span class='ocrx_word' id='word_1_166' title='bbox 615 1928 794 1976; x_wconf 88' lang='lat' dir='ltr'>scelera</span> <span class='ocrx_word' id='word_1_167' title='bbox 816 1928 992 1991; x_wconf 87' lang='lat' dir='ltr'>vulgus</span> <span class='ocrx_word' id='word_1_168' title='bbox 1015 1927 1179 1991; x_wconf 90' lang='lat' dir='ltr'>potuit</span> <span class='ocrx_word' id='word_1_169' title='bbox 1207 1926 1452 1989; x_wconf 88' lang='lat' dir='ltr'>recorrigi,</span> <span class='ocrx_word' id='word_1_170' title='bbox 1482 1931 1627 1990; x_wconf 89' lang='lat' dir='ltr'>atque</span> <span class='ocrx_word' id='word_1_171' title='bbox 1650 1927 1711 1975; x_wconf 88' lang='lat' dir='ltr'>ad</span> <span class='ocrx_word' id='word_1_172' title='bbox 1739 1927 2098 1991; x_wconf 86' lang='lat' dir='ltr'>simplicitatem</span> 
     </span>
     <span class='ocr_line' id='line_1_23' title="bbox 349 2008 1568 2073; baseline 0 -16"><span class='ocrx_word' id='word_1_173' title='bbox 349 2011 462 2058; x_wconf 89' lang='lat' dir='ltr'>fidei</span> <span class='ocrx_word' id='word_1_174' title='bbox 486 2017 534 2059; x_wconf 91' lang='lat' dir='ltr'>et</span> <span class='ocrx_word' id='word_1_175' title='bbox 558 2010 774 2059; x_wconf 84' lang='lat' dir='ltr'>caritatis</span> <span class='ocrx_word' id='word_1_176' title='bbox 799 2026 906 2073; x_wconf 88' lang='lat' dir='ltr'>quae</span> <span class='ocrx_word' id='word_1_177' title='bbox 930 2015 1003 2058; x_wconf 87' lang='lat' dir='ltr'>est</span> <span class='ocrx_word' id='word_1_178' title='bbox 1026 2010 1077 2056; x_wconf 91' lang='lat' dir='ltr'>in</span> <span class='ocrx_word' id='word_1_179' title='bbox 1103 2008 1313 2068; x_wconf 83' lang='lat' dir='ltr'>Christo,</span> <span class='ocrx_word' id='word_1_180' title='bbox 1338 2009 1568 2058; x_wconf 86' lang='lat' dir='ltr'>revocari.</span> 
     </span>
    </p>
   </div>
   <div class='ocr_carea' id='block_1_7' title="bbox 691 1268 2174 1330">
    <p class='ocr_par' dir='ltr' id='par_1_7' title="bbox 691 1268 2174 1330">
     <span class='ocr_line' id='line_1_24' title="bbox 691 1268 2174 1330; baseline -0.001 -11"><span class='ocrx_word' id='word_1_181' title='bbox 691 1275 817 1319; x_wconf 89' lang='lat' dir='ltr'>esset</span> <span class='ocrx_word' id='word_1_182' title='bbox 847 1275 905 1318; x_wconf 90' lang='lat' dir='ltr'>ut</span> <span class='ocrx_word' id='word_1_183' title='bbox 939 1285 1104 1317; x_wconf 91' lang='lat' dir='ltr'>omnes</span> <span class='ocrx_word' id='word_1_184' title='bbox 1135 1268 1347 1330; x_wconf 88' lang='lat' dir='ltr'>patriam</span> <span class='ocrx_word' id='word_1_185' title='bbox 1377 1268 1646 1326; x_wconf 85' lang='lat' dir='ltr'>redeuntes,</span> <span class='ocrx_word' id='word_1_186' title='bbox 1670 1269 1822 1317; x_wconf 85' lang='lat' dir='ltr'>libera</span> <span class='ocrx_word' id='word_1_187' title='bbox 1845 1269 1914 1317; x_wconf 92' lang='lat' dir='ltr'>ibi</span> <span class='ocrx_word' id='word_1_188' title='bbox 1939 1273 2099 1317; x_wconf 82' lang='lat' dir='ltr'>mente</span> <span class='ocrx_word' id='word_1_189' title='bbox 2165 1292 2174 1297; x_wconf 66' lang='lat'><em>,</em></span> 
     </span>
    </p>
   </div>
   <div class='ocr_carea' id='block_1_8' title="bbox 349 2147 1198 2796">
    <p class='ocr_par' dir='ltr' id='par_1_8' title="bbox 349 2147 1198 2298">
     <span class='ocr_line' id='line_1_25' title="bbox 404 2147 718 2200; baseline 0 -13"><span class='ocrx_word' id='word_1_190' title='bbox 404 2147 418 2170; x_wconf 82' lang='lat'>¹</span> <span class='ocrx_word' id='word_1_191' title='bbox 447 2147 718 2200; x_wconf 68' lang='lat' dir='ltr'>tractatumus]</span> 
     </span>
     <span class='ocr_line' id='line_1_26' title="bbox 349 2203 1198 2256; baseline 0 -14"><span class='ocrx_word' id='word_1_192' title='bbox 349 2203 524 2242; x_wconf 85' lang='lat' dir='ltr'>reckons</span> <span class='ocrx_word' id='word_1_193' title='bbox 550 2203 636 2242; x_wconf 87' lang='lat' dir='ltr'>this</span> <span class='ocrx_word' id='word_1_194' title='bbox 663 2216 814 2254; x_wconf 86' lang='lat' dir='ltr'>among</span> <span class='ocrx_word' id='word_1_195' title='bbox 840 2203 905 2242; x_wconf 90' lang='lat' dir='ltr'>his</span> <span class='ocrx_word' id='word_1_196' title='bbox 931 2203 1114 2242; x_wconf 87' lang='lat' dir='ltr'>Concilia</span> <span class='ocrx_word' id='word_1_197' title='bbox 1140 2204 1198 2256; x_wconf 84' lang='lat' dir='ltr'>by</span> 
     </span>
     <span class='ocr_line' id='line_1_27' title="bbox 349 2258 980 2298; baseline -0.002 -1"><span class='ocrx_word' id='word_1_198' title='bbox 349 2259 424 2298; x_wconf 87' lang='lat' dir='ltr'>the</span> <span class='ocrx_word' id='word_1_199' title='bbox 443 2271 566 2296; x_wconf 85' lang='lat' dir='ltr'>name</span> <span class='ocrx_word' id='word_1_200' title='bbox 586 2258 633 2296; x_wconf 83' lang='lat' dir='ltr'>of</span> <span class='ocrx_word' id='word_1_201' title='bbox 647 2258 693 2297; x_wconf 83' lang='lat' dir='ltr'>G.</span> <span class='ocrx_word' id='word_1_202' title='bbox 716 2258 980 2296; x_wconf 75' lang='lat' dir='ltr'>Cantianum.</span> 
     </span>
    </p>

    <p class='ocr_par' dir='ltr' id='par_1_9' title="bbox 350 2312 1198 2796">
     <span class='ocr_line' id='line_1_28' title="bbox 407 2312 1196 2365; baseline 0 -13"><span class='ocrx_word' id='word_1_203' title='bbox 407 2312 422 2334; x_wconf 81' lang='lat'><strong>²</strong></span> <span class='ocrx_word' id='word_1_204' title='bbox 452 2312 725 2365; x_wconf 66' lang='lat' dir='ltr'>Geni-ssorum]</span> <span class='ocrx_word' id='word_1_205' title='bbox 742 2313 829 2351; x_wconf 89' lang='lat' dir='ltr'>The</span> <span class='ocrx_word' id='word_1_206' title='bbox 843 2312 1060 2358; x_wconf 83' lang='lat' dir='ltr'>Gewissas,</span> <span class='ocrx_word' id='word_1_207' title='bbox 1071 2312 1196 2352; x_wconf 85' lang='lat' dir='ltr'>after·</span> 
     </span>
     <span class='ocr_line' id='line_1_29' title="bbox 351 2367 1198 2415; baseline -0.001 -9"><span class='ocrx_word' id='word_1_208' title='bbox 351 2367 485 2407; x_wconf 84' lang='lat' dir='ltr'>wards</span> <span class='ocrx_word' id='word_1_209' title='bbox 499 2367 631 2406; x_wconf 87' lang='lat' dir='ltr'>called</span> <span class='ocrx_word' id='word_1_210' title='bbox 645 2367 765 2406; x_wconf 90' lang='lat' dir='ltr'>West</span> <span class='ocrx_word' id='word_1_211' title='bbox 781 2367 950 2415; x_wconf 76' lang='lat' dir='ltr'>Saxone,</span> <span class='ocrx_word' id='word_1_212' title='bbox 966 2367 1069 2406; x_wconf 87' lang='lat' dir='ltr'>from</span> <span class='ocrx_word' id='word_1_213' title='bbox 1087 2367 1198 2407; x_wconf 86' lang='lat' dir='ltr'>their</span> 
     </span>
     <span class='ocr_line' id='line_1_30' title="bbox 350 2421 1197 2474; baseline -0.001 -13"><span class='ocrx_word' id='word_1_214' title='bbox 350 2422 532 2474; x_wconf 85' lang='lat' dir='ltr'>position</span> <span class='ocrx_word' id='word_1_215' title='bbox 549 2422 594 2460; x_wconf 93' lang='lat' dir='ltr'>in</span> <span class='ocrx_word' id='word_1_216' title='bbox 615 2421 821 2473; x_wconf 86' lang='lat' dir='ltr'>England.</span> <span class='ocrx_word' id='word_1_217' title='bbox 876 2423 940 2461; x_wconf 92' lang='lat' dir='ltr'>At</span> <span class='ocrx_word' id='word_1_218' title='bbox 959 2422 1072 2460; x_wconf 87' lang='lat' dir='ltr'>what</span> <span class='ocrx_word' id='word_1_219' title='bbox 1093 2422 1197 2461; x_wconf 88' lang='lat' dir='ltr'>time</span> 
     </span>
     <span class='ocr_line' id='line_1_31' title="bbox 351 2475 1196 2529; baseline 0 -13"><span class='ocrx_word' id='word_1_220' title='bbox 351 2477 451 2529; x_wconf 77' lang='lat' dir='ltr'>they</span> <span class='ocrx_word' id='word_1_221' title='bbox 469 2489 584 2515; x_wconf 88' lang='lat' dir='ltr'>came</span> <span class='ocrx_word' id='word_1_222' title='bbox 604 2480 647 2515; x_wconf 88' lang='lat' dir='ltr'>to</span> <span class='ocrx_word' id='word_1_223' title='bbox 667 2476 859 2528; x_wconf 86' lang='lat' dir='ltr'>England</span> <span class='ocrx_word' id='word_1_224' title='bbox 878 2475 915 2515; x_wconf 88' lang='lat' dir='ltr'>is</span> <span class='ocrx_word' id='word_1_225' title='bbox 932 2480 1006 2516; x_wconf 90' lang='lat' dir='ltr'>not</span> <span class='ocrx_word' id='word_1_226' title='bbox 1024 2476 1196 2525; x_wconf 88' lang='lat' dir='ltr'>known;</span> 
     </span>
     <span class='ocr_line' id='line_1_32' title="bbox 350 2531 1197 2584; baseline 0 -14"><span class='ocrx_word' id='word_1_227' title='bbox 350 2532 428 2571; x_wconf 89' lang='lat' dir='ltr'>but</span> <span class='ocrx_word' id='word_1_228' title='bbox 454 2531 657 2583; x_wconf 85' lang='lat' dir='ltr'>certainly</span> <span class='ocrx_word' id='word_1_229' title='bbox 684 2531 834 2570; x_wconf 88' lang='lat' dir='ltr'>earlier</span> <span class='ocrx_word' id='word_1_230' title='bbox 861 2531 965 2570; x_wconf 89' lang='lat' dir='ltr'>than</span> <span class='ocrx_word' id='word_1_231' title='bbox 993 2541 1080 2571; x_wconf 81' lang='lat' dir='ltr'>A.D.</span> <span class='ocrx_word' id='word_1_232' title='bbox 1103 2542 1197 2584; x_wconf 81' lang='lat'>495,</span> 
     </span>
     <span class='ocr_line' id='line_1_33' title="bbox 351 2585 1198 2637; baseline 0.001 -13"><span class='ocrx_word' id='word_1_233' title='bbox 351 2586 424 2625; x_wconf 91' lang='lat' dir='ltr'>the</span> <span class='ocrx_word' id='word_1_234' title='bbox 456 2585 553 2624; x_wconf 86' lang='lat' dir='ltr'>date</span> <span class='ocrx_word' id='word_1_235' title='bbox 585 2586 631 2624; x_wconf 89' lang='lat' dir='ltr'>of</span> <span class='ocrx_word' id='word_1_236' title='bbox 652 2586 724 2625; x_wconf 90' lang='lat' dir='ltr'>the</span> <span class='ocrx_word' id='word_1_237' title='bbox 755 2586 929 2637; x_wconf 85' lang='lat' dir='ltr'>landing</span> <span class='ocrx_word' id='word_1_238' title='bbox 959 2585 1005 2625; x_wconf 86' lang='lat' dir='ltr'>of</span> <span class='ocrx_word' id='word_1_239' title='bbox 1031 2586 1105 2625; x_wconf 86' lang='lat' dir='ltr'>the</span> <span class='ocrx_word' id='word_1_240' title='bbox 1136 2600 1198 2625; x_wconf 90' lang='lat' dir='ltr'>re-</span> 
     </span>
     <span class='ocr_line' id='line_1_34' title="bbox 350 2639 1197 2692; baseline 0.001 -13"><span class='ocrx_word' id='word_1_241' title='bbox 350 2640 480 2692; x_wconf 83' lang='lat' dir='ltr'>puted</span> <span class='ocrx_word' id='word_1_242' title='bbox 498 2639 656 2679; x_wconf 86' lang='lat' dir='ltr'>Oerdic.</span> <span class='ocrx_word' id='word_1_243' title='bbox 696 2640 889 2686; x_wconf 89' lang='lat' dir='ltr'>Kemble,</span> <span class='ocrx_word' id='word_1_244' title='bbox 905 2641 933 2679; x_wconf 86' lang='lat' dir='ltr'>i.</span> <span class='ocrx_word' id='word_1_245' title='bbox 946 2652 1039 2692; x_wconf 83' lang='lat'>341,</span> <span class='ocrx_word' id='word_1_246' title='bbox 1052 2641 1197 2680; x_wconf 86' lang='lat' dir='ltr'>thinks</span> 
     </span>
     <span class='ocr_line' id='line_1_35' title="bbox 351 2694 1197 2747; baseline 0 -13"><span class='ocrx_word' id='word_1_247' title='bbox 351 2695 386 2734; x_wconf 92' lang='lat' dir='ltr'>it</span> <span class='ocrx_word' id='word_1_248' title='bbox 411 2707 494 2734; x_wconf 83' lang='lat' dir='ltr'>was</span> <span class='ocrx_word' id='word_1_249' title='bbox 515 2694 586 2734; x_wconf 89' lang='lat' dir='ltr'>the</span> <span class='ocrx_word' id='word_1_250' title='bbox 610 2707 732 2733; x_wconf 85' lang='lat' dir='ltr'>name</span> <span class='ocrx_word' id='word_1_251' title='bbox 761 2695 807 2733; x_wconf 86' lang='lat' dir='ltr'>of</span> <span class='ocrx_word' id='word_1_252' title='bbox 828 2708 854 2734; x_wconf 88' lang='lat' dir='ltr'>a</span> <span class='ocrx_word' id='word_1_253' title='bbox 882 2694 1027 2746; x_wconf 84' lang='lat' dir='ltr'>family</span> <span class='ocrx_word' id='word_1_254' title='bbox 1045 2708 1197 2747; x_wconf 84' lang='lat' dir='ltr'>among</span> 
     </span>
     <span class='ocr_line' id='line_1_36' title="bbox 351 2749 1197 2796; baseline 0.001 -7"><span class='ocrx_word' id='word_1_255' title='bbox 351 2750 423 2789; x_wconf 87' lang='lat' dir='ltr'>the</span> <span class='ocrx_word' id='word_1_256' title='bbox 459 2749 714 2789; x_wconf 85' lang='lat' dir='ltr'>continental</span> <span class='ocrx_word' id='word_1_257' title='bbox 751 2749 922 2796; x_wconf 83' lang='lat' dir='ltr'>Saxons,</span> <span class='ocrx_word' id='word_1_258' title='bbox 961 2750 1056 2790; x_wconf 89' lang='lat' dir='ltr'>who</span> <span class='ocrx_word' id='word_1_259' title='bbox 1095 2763 1197 2790; x_wconf 90' lang='lat' dir='ltr'>wor-</span> 
     </span>
    </p>
   </div>
   <div class='ocr_carea' id='block_1_9' title="bbox 794 2146 1194 2199">
    <p class='ocr_par' dir='ltr' id='par_1_10' title="bbox 794 2146 1194 2199">
     <span class='ocr_line' id='line_1_37' title="bbox 794 2146 1194 2199; baseline 0.003 -13"><span class='ocrx_word' id='word_1_260' title='bbox 794 2147 990 2194; x_wconf 74' lang='lat' dir='ltr'>Wilkins,</span> <span class='ocrx_word' id='word_1_261' title='bbox 1047 2146 1076 2187; x_wconf 90' lang='lat' dir='ltr'>i.</span> <span class='ocrx_word' id='word_1_262' title='bbox 1130 2159 1194 2199; x_wconf 86' lang='lat'>30,</span> 
     </span>
    </p>
   </div>
   <div class='ocr_carea' id='block_1_10' title="bbox 1250 2146 2106 2750">
    <p class='ocr_par' dir='ltr' id='par_1_11' title="bbox 1250 2146 2106 2750">
     <span class='ocr_line' id='line_1_38' title="bbox 1253 2146 2106 2201; baseline 0.004 -15"><span class='ocrx_word' id='word_1_263' title='bbox 1253 2146 1427 2201; x_wconf 88' lang='lat' dir='ltr'>shipped</span> <span class='ocrx_word' id='word_1_264' title='bbox 1454 2147 1616 2188; x_wconf 88' lang='lat' dir='ltr'>Woden</span> <span class='ocrx_word' id='word_1_265' title='bbox 1644 2147 1779 2188; x_wconf 90' lang='lat' dir='ltr'>under</span> <span class='ocrx_word' id='word_1_266' title='bbox 1805 2148 1878 2189; x_wconf 85' lang='lat' dir='ltr'>the</span> <span class='ocrx_word' id='word_1_267' title='bbox 1907 2161 2030 2189; x_wconf 87' lang='lat' dir='ltr'>name</span> <span class='ocrx_word' id='word_1_268' title='bbox 2057 2149 2106 2189; x_wconf 82' lang='lat' dir='ltr'>of</span> 
     </span>
     <span class='ocr_line' id='line_1_39' title="bbox 1254 2203 2099 2256; baseline 0.004 -15"><span class='ocrx_word' id='word_1_269' title='bbox 1254 2203 1405 2252; x_wconf 81' lang='lat' dir='ltr'>Gewis,</span> <span class='ocrx_word' id='word_1_270' title='bbox 1428 2203 1563 2242; x_wconf 89' lang='lat' dir='ltr'>which</span> <span class='ocrx_word' id='word_1_271' title='bbox 1591 2217 1713 2243; x_wconf 90' lang='lat' dir='ltr'>name</span> <span class='ocrx_word' id='word_1_272' title='bbox 1738 2217 1909 2256; x_wconf 87' lang='lat' dir='ltr'>appears</span> <span class='ocrx_word' id='word_1_273' title='bbox 1934 2218 1979 2244; x_wconf 86' lang='lat' dir='ltr'>as</span> <span class='ocrx_word' id='word_1_274' title='bbox 2005 2204 2099 2244; x_wconf 81' lang='lat' dir='ltr'>that</span> 
     </span>
     <span class='ocr_line' id='line_1_40' title="bbox 1253 2258 2100 2299; baseline 0.002 -2"><span class='ocrx_word' id='word_1_275' title='bbox 1253 2258 1392 2297; x_wconf 81' lang='lat' dir='ltr'>osone</span> <span class='ocrx_word' id='word_1_276' title='bbox 1411 2258 1456 2296; x_wconf 90' lang='lat' dir='ltr'>of</span> <span class='ocrx_word' id='word_1_277' title='bbox 1480 2258 1590 2297; x_wconf 85' lang='lat' dir='ltr'>their</span> <span class='ocrx_word' id='word_1_278' title='bbox 1608 2264 1818 2298; x_wconf 83' lang='lat' dir='ltr'>ancestors</span> <span class='ocrx_word' id='word_1_279' title='bbox 1845 2259 1891 2298; x_wconf 93' lang='lat' dir='ltr'>in</span> <span class='ocrx_word' id='word_1_280' title='bbox 1917 2259 1991 2298; x_wconf 89' lang='lat' dir='ltr'>the</span> <span class='ocrx_word' id='word_1_281' title='bbox 2014 2259 2100 2299; x_wconf 86' lang='lat' dir='ltr'>line</span> 
     </span>
     <span class='ocr_line' id='line_1_41' title="bbox 1251 2312 2099 2354; baseline 0.004 -3"><span class='ocrx_word' id='word_1_282' title='bbox 1251 2312 1439 2351; x_wconf 83' lang='lat' dir='ltr'>between</span> <span class='ocrx_word' id='word_1_283' title='bbox 1477 2312 1623 2352; x_wconf 86' lang='lat' dir='ltr'>Cerdic</span> <span class='ocrx_word' id='word_1_284' title='bbox 1661 2314 1744 2352; x_wconf 81' lang='lat' dir='ltr'>and</span> <span class='ocrx_word' id='word_1_285' title='bbox 1780 2314 1955 2354; x_wconf 91' lang='lat' dir='ltr'>Woden.</span> <span class='ocrx_word' id='word_1_286' title='bbox 2012 2314 2099 2354; x_wconf 88' lang='lat' dir='ltr'>But</span> 
     </span>
     <span class='ocr_line' id='line_1_42' title="bbox 1250 2367 2105 2421; baseline 0.001 -14"><span class='ocrx_word' id='word_1_287' title='bbox 1250 2367 1441 2418; x_wconf 65' lang='lat' dir='ltr'>Geoffrey</span> <span class='ocrx_word' id='word_1_288' title='bbox 1484 2367 1530 2406; x_wconf 86' lang='lat' dir='ltr'>of</span> <span class='ocrx_word' id='word_1_289' title='bbox 1571 2368 1821 2408; x_wconf 85' lang='lat' dir='ltr'>Monmouth</span> <span class='ocrx_word' id='word_1_290' title='bbox 1867 2368 2014 2421; x_wconf 87' lang='lat' dir='ltr'>speaks</span> <span class='ocrx_word' id='word_1_291' title='bbox 2059 2368 2105 2408; x_wconf 88' lang='lat' dir='ltr'>of</span> 
     </span>
     <span class='ocr_line' id='line_1_43' title="bbox 1250 2422 2100 2463; baseline 0.004 -3"><span class='ocrx_word' id='word_1_292' title='bbox 1250 2422 1423 2461; x_wconf 86' lang='lat' dir='ltr'>Gewissi</span> <span class='ocrx_word' id='word_1_293' title='bbox 1475 2422 1521 2461; x_wconf 91' lang='lat' dir='ltr'>in</span> <span class='ocrx_word' id='word_1_294' title='bbox 1567 2423 1890 2463; x_wconf 87' lang='lat' dir='ltr'>Warwickshire</span> <span class='ocrx_word' id='word_1_295' title='bbox 1936 2423 1982 2463; x_wconf 89' lang='lat' dir='ltr'>in</span> <span class='ocrx_word' id='word_1_296' title='bbox 2026 2424 2100 2463; x_wconf 85' lang='lat' dir='ltr'>the</span> 
     </span>
     <span class='ocr_line' id='line_1_44' title="bbox 1252 2477 2100 2525; baseline 0.002 -9"><span class='ocrx_word' id='word_1_297' title='bbox 1252 2477 1416 2516; x_wconf 87' lang='lat' dir='ltr'>Roman</span> <span class='ocrx_word' id='word_1_298' title='bbox 1447 2477 1597 2525; x_wconf 85' lang='lat' dir='ltr'>times;</span> <span class='ocrx_word' id='word_1_299' title='bbox 1634 2479 1716 2517; x_wconf 84' lang='lat' dir='ltr'>and</span> <span class='ocrx_word' id='word_1_300' title='bbox 1743 2478 1929 2518; x_wconf 84' lang='lat' dir='ltr'>Gewissa</span> <span class='ocrx_word' id='word_1_301' title='bbox 1955 2479 1992 2518; x_wconf 88' lang='lat' dir='ltr'>is</span> <span class='ocrx_word' id='word_1_302' title='bbox 2024 2478 2100 2518; x_wconf 86' lang='lat' dir='ltr'>the</span> 
     </span>
     <span class='ocr_line' id='line_1_45' title="bbox 1253 2531 2101 2580; baseline 0.002 -10"><span class='ocrx_word' id='word_1_303' title='bbox 1253 2531 1392 2571; x_wconf 79' lang='lat' dir='ltr'>sabled</span> <span class='ocrx_word' id='word_1_304' title='bbox 1416 2545 1537 2571; x_wconf 85' lang='lat' dir='ltr'>name</span> <span class='ocrx_word' id='word_1_305' title='bbox 1557 2533 1602 2571; x_wconf 88' lang='lat' dir='ltr'>of</span> <span class='ocrx_word' id='word_1_306' title='bbox 1625 2533 1698 2572; x_wconf 87' lang='lat' dir='ltr'>the</span> <span class='ocrx_word' id='word_1_307' title='bbox 1722 2533 1886 2572; x_wconf 87' lang='lat' dir='ltr'>mother</span> <span class='ocrx_word' id='word_1_308' title='bbox 1904 2533 1950 2572; x_wconf 86' lang='lat' dir='ltr'>of</span> <span class='ocrx_word' id='word_1_309' title='bbox 1962 2533 2101 2580; x_wconf 84' lang='lat' dir='ltr'>Gloui‚</span> 
     </span>
     <span class='ocr_line' id='line_1_46' title="bbox 1253 2585 2099 2629; baseline 0.004 -5"><span class='ocrx_word' id='word_1_310' title='bbox 1253 2586 1325 2625; x_wconf 88' lang='lat' dir='ltr'>the</span> <span class='ocrx_word' id='word_1_311' title='bbox 1336 2585 1511 2626; x_wconf 88' lang='lat' dir='ltr'>founder</span> <span class='ocrx_word' id='word_1_312' title='bbox 1521 2587 1568 2626; x_wconf 88' lang='lat' dir='ltr'>of</span> <span class='ocrx_word' id='word_1_313' title='bbox 1572 2587 1824 2629; x_wconf 84' lang='lat' dir='ltr'>Gloucester</span> <span class='ocrx_word' id='word_1_314' title='bbox 1853 2587 1941 2626; x_wconf 87' lang='lat' dir='ltr'>The</span> <span class='ocrx_word' id='word_1_315' title='bbox 1954 2588 2099 2627; x_wconf 84' lang='lat' dir='ltr'>Welsh</span> 
     </span>
     <span class='ocr_line' id='line_1_47' title="bbox 1251 2641 2100 2683; baseline 0.005 -4"><span class='ocrx_word' id='word_1_316' title='bbox 1251 2641 1451 2680; x_wconf 86' lang='lat' dir='ltr'>annalists</span> <span class='ocrx_word' id='word_1_317' title='bbox 1488 2642 1533 2680; x_wconf 88' lang='lat' dir='ltr'>in</span> <span class='ocrx_word' id='word_1_318' title='bbox 1572 2642 1678 2681; x_wconf 85' lang='lat' dir='ltr'>later</span> <span class='ocrx_word' id='word_1_319' title='bbox 1714 2643 1837 2682; x_wconf 83' lang='lat' dir='ltr'>times</span> <span class='ocrx_word' id='word_1_320' title='bbox 1873 2642 1954 2682; x_wconf 74' lang='lat' dir='ltr'>call</span> <span class='ocrx_word' id='word_1_321' title='bbox 1983 2643 2100 2683; x_wconf 86' lang='lat' dir='ltr'>them</span> 
     </span>
     <span class='ocr_line' id='line_1_48' title="bbox 1251 2695 2003 2750; baseline 0.004 -16"><span class='ocrx_word' id='word_1_322' title='bbox 1251 2695 1422 2749; x_wconf 81' lang='lat' dir='ltr'>Giuoys.</span> <span class='ocrx_word' id='word_1_323' title='bbox 1479 2698 1594 2736; x_wconf 91' lang='lat' dir='ltr'>Ann.</span> <span class='ocrx_word' id='word_1_324' title='bbox 1615 2697 1758 2737; x_wconf 83' lang='lat' dir='ltr'>camb.</span> <span class='ocrx_word' id='word_1_325' title='bbox 1779 2697 1834 2737; x_wconf 86' lang='lat' dir='ltr'>ad</span> <span class='ocrx_word' id='word_1_326' title='bbox 1853 2710 1890 2737; x_wconf 82' lang='lat' dir='ltr'>a.</span> <span class='ocrx_word' id='word_1_327' title='bbox 1909 2708 2003 2750; x_wconf 87' lang='lat'>900.</span> 
     </span>
    </p>
   </div>
  </div>
 </body>
</html>
