2216 3554
270 151 330 197 10

842 147 1069 197 Historia
1100 147 1437 197 Ecclesiastica
1827 141 1957 213 [Lm.
1975 154 2011 192 1.

265 288 346 351 qui
383 288 503 337 duce
538 289 712 338 Reuda
727 290 742 317 ¹
773 289 834 337 de
872 288 1115 338 Hibernia
1148 288 1400 352 progressi,
1433 288 1508 336 vel
1539 285 1753 335 amicitia
1776 286 1854 334 vel
1885 286 2011 333 ferro

265 371 459 419 sibimet
504 370 633 419 inter
679 388 758 419 eos
804 372 938 421 sedes
983 388 1103 436 quas
1146 371 1379 419 hactenus
1429 371 1624 428 habent,
1673 368 2009 416 vindicarunt:

265 470 293 500 a
314 469 411 516 quo
426 452 653 502 videlicet
671 454 791 502 duce
810 471 963 518 usque
986 454 1129 502 hodie
1148 453 1434 502 Dalreudini
1451 457 1699 510 vocantur,
1719 467 1831 498 nam
1846 450 2015 512 lingua

266 532 456 583 eorum2
482 540 492 560 ‘
509 535 639 583 daal'
663 540 852 598 partem
881 536 1131 599 significat.
1205 536 1444 583 Hibernia
1478 540 1641 582 autem
1674 539 1722 581 et
1753 531 2013 579 latitudine

266 617 343 665 sui
367 620 536 676 status,
561 623 610 666 et
635 618 935 677 salubritate,
961 635 1016 666 60
1039 618 1296 666 serenitate
1327 635 1493 666 aerum
1527 618 1735 665 multum
1759 614 2016 662 Brittaniae

265 703 478 762 praestat,
503 699 574 747 ita
600 704 657 748 ut
680 717 789 749 raro
822 700 891 748 ibi
915 700 1001 747 nix
1032 700 1290 763 plusquam
1312 700 1538 767 triduana
1561 703 1835 747 remaneat:
1870 713 2014 746 nemo

264 786 465 844 propter
507 782 713 830 hiemem
750 788 836 831 aut
882 783 1008 830 foena
1055 789 1183 830 secet
1229 786 1408 841 aestate,
1449 788 1536 830 61113
1583 781 1773 830 stabula
1812 779 2015 828 fabricet
2050 799 2053 802 ·

261 863 520 926 jumentis:
558 865 751 912 nullum
773 865 842 913 ibi
867 864 1039 927 reptile
1062 865 1215 912 videri
1240 866 1402 925 6016613,
1421 865 1584 913 nullus
1607 864 1771 911 vivere
1795 862 2015 925 6611161163

265 946 454 995 valeat:
501 963 613 994 nam
648 963 774 1010 saepe
814 947 898 994 illo
935 947 994 994 de
1036 946 1279 995 Brittania
1316 948 1467 996 adlati
1508 950 1766 1010 serpentes,
1807 962 1921 992 mox
1957 950 2014 991 ut

265 1028 572 1090 proximante
618 1028 762 1076 terris
809 1028 1017 1091 navigio,
1066 1028 1212 1076 odore
1260 1029 1383 1077 aeris
1425 1027 1778 1077 1111116611136011
1816 1026 2012 1084 fuerint,

265 1110 542 1159 intereunt:
594 1111 713 1174 quin
736 1111 899 1174 potius
932 1110 1094 1158 omnia
1116 1129 1238 1174 pene
1274 1130 1383 1176 quae
1413 1112 1473 1161 de
1508 1113 1673 1161 eadem
1708 1110 1868 1159 insula
1901 1111 2015 1158 sunt

266 1199 432 1241 contra
463 1210 701 1241 venenum
736 1193 914 1241 valent.
986 1192 1212 1255 Denique
1243 1193 1490 1242 vidimus4
1525 1194 1818 1258 quibusdam
1852 1209 1882 1240 a
1917 1208 2015 1239 ser-

266 1279 410 1338 pente
444 1275 696 1337 percussis,
726 1291 839 1323 -rasa
871 1274 988 1322 folia
1003 1274 1020 1300 ⁵
1057 1274 1275 1322 codicum
1310 1276 1395 1339 qui
1431 1276 1491 1323 de
1533 1275 1770 1322 Hibernia
1804 1275 2013 1331 fuerant,

267 1362 315 1404 et
361 1357 517 1419 ipsam
563 1374 780 1404 rasuram
827 1374 964 1420 aquae
1012 1356 1277 1404 immissam
1323 1374 1378 1405 ac
1423 1357 1562 1421 potui
1610 1358 1786 1415 datam,
1836 1356 2016 1404 talibus

266 1439 487 1500 protinus
534 1443 687 1486 totam
729 1438 831 1486 vim
869 1438 1040 1487 veneni
1082 1438 1360 1502 grassantis,
1398 1443 1560 1488 totum
1600 1438 1758 1486 inflati
1803 1437 2016 1501 corporis

265 1520 552 1569 absumsisse
584 1539 640 1570 ac
673 1521 860 1569 sedasse
895 1526 1153 1570 tumorem.
1223 1522 1375 1571 Dives
1405 1521 1551 1591 lactis
1575 1538 1630 1569 ac
1659 1520 1812 1568 mellis
1841 1519 2015 1580 insula,

266 1620 353 1651 nec
390 1603 642 1652 vinearum
688 1621 872 1667 expers,
917 1604 1122 1668 piscium
1162 1605 1524 1669 volucrumque,
1562 1604 1646 1653 sed
1682 1608 1730 1652 et
1765 1620 2016 1652 cervorum

265 1702 637 1751 caprearumque
686 1693 863 1736 venatu
923 1687 1138 1750 insignis.
1233 1687 1354 1737 Haec
1404 1694 1566 1736 autem
1616 1685 1810 1756 proprie
1855 1686 2016 1750 patria

268 1768 542 1817 Scottorum
568 1776 668 1819 est:
705 1771 765 1818 ab
789 1771 877 1818 hac
902 1770 1092 1833 egressi,
1117 1776 1173 1818 ut
1204 1770 1431 1830 diximus,
1457 1769 1653 1818 tertiam
1685 1769 1737 1816 in
1771 1768 2017 1816 Brittania

267 1850 585 1900 Brettonibus
633 1859 681 1901 et
730 1853 879 1901 Pictis
920 1858 1115 1916 gentem
1157 1853 1464 1901 addiderunt.
1534 1851 1626 1899 Est
1672 1853 1837 1905 autem
1883 1850 2017 1898 sinus

267 1933 413 1982 maris
448 1935 788 1997 permaximus,
825 1935 910 1999 qui
945 1935 1216 1999 antiquitus
1250 1941 1443 1999 gentem
1477 1920 1770 1982 Brettonum
1804 1950 1833 1981 a
1867 1932 2017 1981 Pictis

268 2018 559 2075 secernebat,
602 2018 687 2081 qui
721 2019 790 2066 ¹¹ab
829 2018 1073 2075 occidente
1111 2018 1164 2065 in
1205 2024 1359 2067 terras
1376 2077 1382 2087 λ
1399 2019 1545 2081 longo
1583 2016 1740 2080 spatio
1788 2015 2013 2079 erumpit,

267 2099 352 2146 ubi
377 2104 449 2147 6613
474 2099 648 2148 civitas
674 2101 964 2149 Brettonum
988 2100 1317 2150 munitissima
1341 2118 1493 2165 usque
1520 2100 1663 2148 hodie
1689 2117 1794 2163 quae
1817 2102 2018 2147 vocatur

268 2179 554 2230 Alcluith⁶1
618 2183 679 2229 ad
727 2184 861 2247 cujus
902 2183 1127 2232 videlicet
1173 2183 1307 2232 sinus
1347 2186 1535 2248 partem
1576 2181 2017 2246 septemtrionalem

268 2262 437 2321 Scotti,
463 2280 582 2326 quos
606 2264 831 2325 diximuS,
857 2267 1179 2327 advenientes,
1206 2254 1299 2316 sibi
1323 2267 1478 2314 locum
1501 2265 1673 2329 patriae
1697 2266 1948 2322 fecerunt,

268 2379 383 2430 Ang.
412 2380 506 2421 Sax.
536 2380 644 2433 Eng.
677 2395 717 2433 p.
749 2383 812 2422 28.
872 2383 962 2422 The
993 2384 1116 2423 tenth

266 2434 312 2473 in
334 2434 502 2474 descent
527 2435 632 2474 from
653 2436 835 2486 Cairbre,
860 2439 1019 2490 Fergus
1045 2440 1116 2478 the

268 2502 343 2528 son
363 2488 410 2528 of
425 2490 518 2538 Ere,
541 2492 860 2544 corresponding
884 2497 927 2531 to
954 2493 1117 2533 Bucha-

267 2543 386 2583 nan's
415 2544 573 2596 Fergus
601 2545 663 2594 II,
694 2546 766 2585 the
803 2547 973 2586 fortieth
1011 2548 1116 2600 king

268 2599 312 2637 of
339 2598 548 2644 Scotland‚
571 2600 639 2639 led
668 2600 739 2639 the
767 2601 866 2641 final
894 2602 1117 2654 migration

267 2653 376 2694 from
396 2654 566 2693 Ireland
584 2655 712 2694 about
731 2666 816 2696 A.D.
842 2666 933 2706 500.

318 2706 340 2730 '¹
369 2709 468 2748 duce
488 2709 654 2761 Reada]
694 2709 795 2749 This
820 2724 917 2763 may
942 2712 1034 2751 well
1061 2712 1113 2751 be

270 2762 440 2803 Cairbre
468 2763 617 2810 Riada‚
646 2763 785 2804 whose
815 2766 958 2805 second
990 2780 1113 2806 name

269 2818 306 2857 is
334 2817 535 2870 probably
565 2824 574 2839 ‘
587 2818 750 2864 ruadh‚'
779 2819 852 2859 the
881 2821 1023 2860 Gaelic
1051 2821 1114 2861 for

270 2872 357 2913 red.
414 2873 500 2912 But
525 2874 560 2912 it
581 2873 617 2912 is
642 2873 748 2913 hard
772 2878 817 2913 to
843 2874 1001 2915 believe
1020 2876 1114 2915 that

270 2927 374 2967 such
407 2941 433 2967 a
468 2941 660 2967 surname
693 2929 829 2968 would
866 2929 973 2968 have
1011 2930 1115 2969 been

271 2982 562 3034 incorporated
598 2983 689 3022 into
721 2983 792 3022 the
824 2997 947 3023 name
975 2984 1020 3022 of
1045 2985 1117 3024 the

271 3041 462 3089 country.
511 3037 711 3077 Da-lriada
728 3038 764 3077 16
785 3038 871 3077 6160
890 3038 998 3090 spelt
1017 3039 1117 3078 Dal-

271 3092 387 3133 rieta.

327 3144 343 3166 ²
358 3146 504 3199 linqua
516 3147 669 3199 eorum]
693 3146 873 3186 Latham
883 3151 1012 3187 states
1023 3147 1068 3186 th
1073 3151 1119 3187 at

272 3200 346 3239 the
363 3202 474 3241 word
486 3202 574 3242 ‘dal
584 3202 593 3218 '
608 3201 646 3242 is
659 3205 733 3242 11013
749 3202 860 3242 Irish
870 3203 953 3244 but
969 3202 1118 3242 Norse.

1172 2384 1216 2423 It
1260 2383 1296 2422 is
1339 2383 1542 2435 certainly
1578 2381 1806 2421 Teutonic:
1854 2382 1906 2420 cf.
1945 2381 2018 2420 the

1172 2439 1311 2479 Saxon
1331 2444 1340 2460 ‘
1355 2438 1451 2487 da1,’
1471 2437 1644 2477 modern
1659 2437 1840 2476 German
1863 2443 1872 2458 ‘
1887 2436 2019 2476 theil.’

1226 2494 1242 2517 ³
1270 2492 1447 2544 serpens]
1505 2499 1515 2514 ‘
1531 2493 1626 2531 Illic
1662 2491 1805 2531 nul-lus
1842 2490 2015 2543 anguis?

1170 2548 1348 2594 Solinus,
1369 2547 1471 2588 xxii.

1227 2603 1241 2627 ἕ
1267 2603 1470 2655 vidimus]
1503 2602 1592 2641 The
1611 2602 1750 2642 Saxon
1765 2602 1928 2641 version
1942 2601 2019 2641 1166

1172 2663 1182 2679 ‘
1197 2671 1309 2698 some
1327 2671 1419 2697 men
1442 2655 1552 2697 saw.’
1591 2657 1704 2696 Stev.

1222 2713 1238 2736 ⁶
1258 2711 1393 2764 folia]
1436 2718 1445 2734 ‘
1463 2713 1649 2764 Reperta
1678 2715 1741 2750 6613
1769 2710 1898 2750 herba
1924 2723 2017 2762 quae

1169 2772 1345 2807 vocatur
1364 2766 1609 2807 Britannica
1626 2798 1634 2806 .
1652 2797 1663 2807 .
1683 2796 1691 2804 .
1708 2765 1902 2805 salutaris
1923 2779 2018 2804 con-

1170 2826 1235 2862 tra
1271 2822 1444 2874 anginas
1483 2835 1649 2874 quoque
1680 2824 1723 2861 et
1755 2825 1898 2860 contra
1936 2834 2017 2860 ser·

1170 2875 1339 2929 pentes?
1397 2877 1506 2916 Plin.
1526 2890 1625 2917 xxv.
1646 2876 1684 2916 6.

1225 2931 1240 2954 ⁶
1254 2932 1457 2985 Alclaith]
1475 2937 1483 2952 ‘
1496 2932 1616 2980 Quod
1627 2932 1771 2983 lingua
1779 2943 1920 2968 eorum
1930 2929 2017 2983 [1,6.

1172 2986 1439 3038 Β16131301111111]
1455 2986 1660 3039 significat
1674 2990 1836 3039 petram
1849 2985 1992 3024 Cluith
2007 2999 2015 3024 :

1173 3045 1235 3079 est
1250 3041 1360 3080 enim
1372 3042 1497 3093 juxta
1503 3042 1680 3080 fluvium
1691 3039 1866 3080 nominis
1878 3039 2016 3079 illius.'

1173 3095 1306 3142 Infra,
1343 3110 1378 3137 c.
1411 3107 1474 3135 12.
1528 3097 1618 3135 The
1655 3096 1746 3134 first
1777 3094 1949 3146 syllable
1982 3095 2018 3134 16

1173 3161 1362 3189 common
1399 3154 1444 3189 to
1477 3151 1646 3199 Albion,
1679 3149 1874 3196 Albania,
1915 3149 2017 3188 both

1174 3204 1310 3243 which
1350 3205 1502 3259 signify
1535 3205 1609 3245 the
1643 3205 1747 3257 hilly
1782 3203 1896 3245 land.
1951 3204 2017 3257 By
