2216 3554
727 153 1039 219 Ecyberctwm
1072 153 1364 203 Antiscicem.
1820 159 1919 204 403

171 285 275 334 Deo
303 285 490 350 placere
513 285 786 335 desiderant
817 285 1058 334 abstinere
1088 285 1309 349 peccatis,
1335 301 1431 348 qua
1454 284 1611 333 cordis
1646 284 1921 337 sinceritate

169 366 223 415 in
247 367 409 416 Deum
432 369 635 428 credere,
661 384 758 432 qua
779 366 995 416 divinam
1026 366 1328 415 clementiam
1363 366 1686 430 supplicantes
1715 368 1923 417 debeant

170 451 424 500 devotione
445 451 647 516 precari,
673 467 819 515 quam
840 450 1085 514 frequenti
1108 449 1362 513 diligentia
1396 449 1643 512 signaculo
1676 467 1726 499 se
1748 449 1920 499 Domi-

169 533 291 582 nicae
337 534 492 583 crucis
538 550 718 597 suaque
755 532 918 581 omnia
962 533 1219 582 adversum
1258 531 1510 581 continuas
1556 532 1919 581 immundorum

169 616 430 679 spirituum
464 616 675 687 insidias¹
697 631 886 664 necesse
920 615 1133 664 habeant
1166 615 1372 674 munire,
1409 632 1554 679 quam
1590 616 1815 664 salutaris
1854 616 1920 664 sit

170 698 303 746 omni
345 698 733 748 Christianorum
778 698 943 761 generi
990 697 1273 762 quotidiana
1312 697 1560 746 Dominici
1606 698 1818 762 corporis
1865 716 1921 748 ac

171 781 421 845 sanguinis
454 780 712 845 perceptio,
743 781 886 843 juxta
921 781 1051 845 quod
1086 780 1334 829 ecclesiam
1369 780 1554 830 Christi
1587 797 1674 844 per
1708 781 1917 842 Italiam,

174 863 395 924 Galliam,
419 862 647 922 Africam,
674 860 930 922 Graeciam,
967 879 1021 910 ac
1056 867 1219 910 totum
1254 862 1505 911 Orientem
1543 861 1744 911 solerter
1778 856 1919 925 agere

170 945 312 994 nosti.
383 945 527 1007 Quod
548 945 772 994 videlicet
807 961 960 1010 genus
995 945 1261 1010 religionis,
1286 962 1341 993 ac
1377 946 1484 993 Deo
1519 944 1707 994 devotae
1744 944 1919 992 sancti-

170 1027 406 1077 ficationis
440 1032 543 1077 tam
577 1028 718 1091 longe
753 1044 782 1075 a
810 1026 996 1076 cunctis
1030 1044 1151 1091 pene
1175 1033 1350 1076 nostrae
1377 1026 1640 1091 provinciae
1663 1027 1799 1076 laicis
1831 1044 1919 1090 per

169 1110 406 1159 incuriam
440 1109 717 1159 docentium
753 1109 889 1173 quasi
930 1127 1077 1173 prope
1118 1109 1426 1174 peregrinum
1461 1110 1609 1171 abest,
1645 1116 1702 1159 ut
1747 1110 1800 1157 hi
1835 1110 1920 1174 qui

168 1192 299 1242 inter
333 1192 651 1257 religiosiores
686 1209 787 1240 esse
821 1191 1062 1252 videntur,
1097 1209 1196 1240 non
1230 1192 1326 1240 nisi
1347 1193 1412 1240 -in
1447 1193 1600 1242 natali
1635 1180 1836 1241 Domini
1871 1197 1920 1241 et

170 1275 430 1339 epiphania
453 1281 501 1324 et
535 1274 712 1339 pascha
746 1275 1063 1323 sacrosanctis
1098 1275 1340 1338 mysteriis
1364 1276 1714 1325 communicare
1737 1292 1918 1340 praesu-

170 1361 318 1418 mant,
343 1375 456 1406 cum
479 1357 577 1407 sint
599 1357 842 1406 innumeri
866 1357 1144 1406 innocentes
1168 1363 1217 1406 et
1242 1357 1520 1408 castissimae
1545 1357 1920 1407 conversationis

169 1439 309 1502 pueri
343 1457 398 1488 ac
432 1441 622 1504 puellae,
640 1441 841 1504 juvenes
877 1446 925 1489 et
949 1440 1174 1504 virgines,
1201 1457 1336 1491 senes
1372 1447 1421 1489 et
1457 1458 1590 1500 anus,
1617 1441 1703 1504 qui
1737 1441 1919 1503 absque

170 1522 270 1571 ullo
306 1523 533 1587 scrupulo
570 1523 922 1582 controversiae,
959 1523 1093 1571 omni
1127 1523 1206 1572 die
1240 1523 1513 1582 Dominico,
1549 1524 1650 1573 sive
1685 1524 1832 1572 etiam
1867 1524 1921 1572 in

170 1606 410 1655 natalitiis
445 1612 724 1655 sanctorum
748 1607 1092 1670 apostolorum,
1118 1607 1218 1655 sive
1242 1611 1526 1668 martyrum,
1553 1608 1793 1670 quomodo
1817 1607 1920 1671 ipse

169 1686 222 1736 in
257 1694 421 1737 sancta
455 1689 680 1737 Romana
714 1693 763 1737 et
797 1689 1061 1753 apostolica
1096 1690 1293 1738 ecclesia
1326 1690 1432 1738 fieri
1466 1689 1650 1749 vidisti,
1675 1690 1921 1754 mysteriis

170 1771 436 1820 caelestibus
471 1771 822 1820 communicare
854 1771 1059 1821 valeant.
1130 1773 1235 1836 Ipsi
1269 1773 1417 1822 etiam
1453 1774 1710 1838 conjugati,
1737 1774 1776 1821 si
1813 1772 1922 1837 quis

170 1853 264 1902 sibi
298 1870 572 1902 mensuram
608 1854 918 1903 continentiae
953 1856 1188 1914 ostendat,
1221 1861 1271 1904 et
1305 1856 1541 1904 virtutem
1576 1856 1812 1905 castitatis
1847 1856 1947 1919 in-‚

170 1935 341 1997 sinuet,
367 1936 497 1984 idem
521 1941 570 1984 et
594 1936 796 1986 licenter
817 1937 1018 2001 possint,
1046 1942 1094 1986 et
1117 1938 1324 1986 libenter
1346 1938 1501 1987 facere
1525 1938 1693 1987 velint.

246 2036 321 2069 10.
356 2021 482 2068 Haec
510 2019 620 2080 tibi,
646 2021 945 2069 sanctissime
980 2022 1198 2080 antisteS‚
1225 2025 1274 2070 et
1309 2026 1406 2070 tuae
1431 2021 1703 2070 dilectionis
1736 2022 1922 2071 intuitu

171 2107 222 2151 et
255 2102 488 2166 generalis
522 2103 680 2167 gratia
714 2103 945 2152 utilitatis
980 2104 1192 2152 breviter
1228 2104 1457 2153 adnotare
1492 2104 1673 2164 studui,
1710 2102 1921 2154 multum

171 2183 444 2232 desiderans
478 2186 783 2249 multumque
816 2187 1090 2247 exhortans,
1117 2190 1172 2234 ut
1195 2190 1389 2249 gentem
1419 2191 1636 2234 nostram
1664 2203 1693 2235 a
1716 2187 1922 2236 vetustis

171 2266 448 2314 abstrahere
484 2284 621 2316 cures
655 2269 912 2328 erroribus,
937 2272 986 2317 et
1021 2270 1082 2316 ad
1107 2269 1359 2317 certiorem
1394 2273 1443 2317 et
1474 2269 1780 2319 directiorem
1803 2270 1920 2319 vitae

172 2349 338 2396 callem
364 2349 588 2397 reducere
612 2355 826 2414 satagas:
863 2355 915 2399 et
943 2351 984 2398 si
1008 2355 1122 2399 sunt
1145 2351 1299 2415 aliqui
1323 2352 1578 2415 cujuslibet
1601 2353 1781 2416 gradus
1816 2353 1921 2402 sive

172 2431 354 2480 ordinis
377 2431 489 2491 viri,
517 2432 602 2497 qui
623 2433 750 2481 bona
773 2439 859 2481 tua
883 2439 1039 2497 coepta
1074 2434 1280 2482 retinere
1316 2437 1459 2498 atque
1488 2435 1721 2498 impedire
1749 2452 1919 2485 conen-

171 2518 269 2573 tur,
294 2518 350 2562 tu
374 2520 539 2563 tamen
561 2515 866 2579 propositum
889 2521 1065 2564 sanctae
1090 2515 1304 2576 virtutis,
1323 2533 1543 2580 supernae
1568 2534 1754 2566 memor
1776 2518 1919 2566 retri-

170 2596 402 2656 butionis,
442 2597 506 2644 ad
546 2597 740 2644 firmum
778 2600 932 2662 usque
971 2598 1118 2646 finem
1158 2600 1418 2662 perducere
1465 2601 1739 2650 contendas.
1810 2600 1919 2650 Scio

170 2695 379 2742 namque
426 2681 685 2729 nonnullos
734 2680 847 2729 huic
894 2685 1070 2731 nostrae
1111 2681 1436 2731 exhortationi
1483 2683 1696 2731 multum
1732 2688 1921 2733 contra-

172 2761 400 2820 dicturos,
436 2768 485 2811 et
519 2764 727 2812 maxime
763 2781 843 2812 eos
878 2764 963 2827 qui
998 2765 1179 2829 seipsos
1213 2764 1312 2814 illis
1346 2764 1639 2814 facinoribus
1679 2784 1707 2815 a
1745 2767 1919 2830 quibus

171 2850 220 2892 te
255 2844 581 2908 prohibemus,
607 2863 707 2895 esse
742 2846 958 2896 sentiunt
992 2847 1204 2896 irretitos
1229 2865 1239 2895 ε
1287 2848 1372 2896 sed
1405 2848 1678 2898 meminisse
1709 2853 1758 2898 te
1783 2851 1919 2900 decet

172 2928 447 2991 apostolicae
494 2930 879 2992 responsionis1:
942 2930 1098 2992 ‘Quia
1143 2930 1336 2979 obedire
1382 2934 1571 2995 oportet
1612 2931 1715 2980 Deo
1762 2933 1918 2996 magis

174 3028 321 3074 quam
367 3011 674 3061 hominibus.'
761 3012 1084 3060 Mandatum²
1130 3013 1308 3078 quippe
1355 3017 1429 3062 est
1486 3014 1615 3063 Dei:
1679 3018 1690 3039 ‘
1709 3014 1917 3063 Vendite

174 3111 283 3157 quae
328 3094 597 3157 possidetis,
635 3100 684 3143 et
724 3095 835 3143 date
874 3095 1248 3160 eleemosynam?
1318 3096 1418 3146 Et:
1478 3101 1489 3122 ‘
1510 3096 1653 3145 Nisi³
1694 3098 1802 3161 quis
1843 3114 1917 3146 re-

283 3203 296 3225 ¹
323 3202 616 3257 responsionis]
646 3205 754 3245 Acts
772 3217 812 3244 V.
838 3217 901 3257 ²9·
1174 3204 1191 3228 ²
1220 3206 1491 3259 Mandatum]
1513 3206 1634 3247 Luke
1653 3206 1726 3249 xii.
1747 3219 1812 3259 33.

792 3260 808 3284 3
835 3259 955 3314 Nisi]
964 3259 1111 3364 DLng
1124 3260 1210 3302 xiv·
1232 3272 1298 3314 33.
