2216 3554
352 203 415 248 50
926 197 1151 247 Historia
1185 197 1523 246 Ecclesiastica
1902 194 2038 264 [Lm.
2056 210 2090 245 1.

349 330 510 391 inerti,
535 312 701 404 &edire
738 330 934 379 domum
971 331 1148 395 potius,
1183 348 1328 395 quam
1362 331 1631 388 barbaram,
1667 328 1834 387 feram,
1870 329 2092 377 incredu-

349 414 541 477 lamque
568 405 804 478 ‘.'**gentem,
856 415 992 476 cujus
1049 430 1110 461 ne
1167 413 1385 477 linguam
1444 411 1639 476 quidem
1698 417 1907 470 nossent,
1961 411 2093 459 adire

350 482 665 559 cogitabant,]
679 501 728 543 et
763 495 854 543 1100
891 512 991 543 esse
1038 495 1196 543 tutius
1241 494 1482 543 communi
1524 492 1721 541 consilio
1762 493 2090 541 decernebant.

351 578 455 626 Nec
511 594 660 636 mora,
711 576 1056 640 Augustinum,
1105 593 1250 640 quem
1308 576 1378 624 eis
1437 575 1714 638 episcopum
1772 575 2095 622 ordinandum

350 661 393 709 si
429 661 490 708 ab
525 659 703 723 Anglis
740 659 1095 722 susciperentur
1130 660 1443 722 disposuerat,
1470 659 1666 706 domum
1701 656 1974 715 remittunt,
2010 656 2094 720 qui

350 761 380 792 a
415 744 556 792 beato
594 742 827 805 Gregorio
868 742 1052 789 humili·
1078 742 1354 806 supplicatu
1396 741 1636 790 obtineret
1675 758 1735 788 ne
1767 747 1869 788 tam
1907 741 2095 803 pericu-

349 826 516 881 losam,
558 830 659 874 tam
705 824 1007 882 laboriosam,
1056 829 1157 872 tam
1197 824 1430 872 incertam
1477 822 1918 887 peregrinationem
1963 822 2096 871 adire

350 910 605 958 deberent,
669 907 861 968 Quibus
907 907 988 954 ille
1024 907 1374 955 exhortatorias
1420 906 1618 954 mittens
1665 906 1842 964 literas,
1878 905 1931 952 in
1977 921 2097 968 opus

350 1008 432 1039 eos
469 989 618 1048 verbi,
661 988 828 1037 divino
871 988 1074 1037 confisos
1113 988 1308 1047 auxilio,
1347 988 1583 1052 proficisci
1623 988 1807 1036 suadet.
1878 981 2098 1048 Quarum

349 1073 574 1120 videlicet
597 1072 872 1119 litterarum
896 1071 992 1118 ista
1015 1074 1090 1118 est
1112 1070 1292 1118 forma:

420 1157 432 1180 ‘
450 1153 711 1216 Gregorius
770 1169 949 1200 servus.
993 1169 1245 1200 servorum
1303 1152 1410 1211 Dei,
1465 1152 1615 1199 servis
1667 1150 1870 1199 Domini
1927 1151 2097 1199 nostri.

339 1237 480 1297 gQuia
502 1236 672 1284 melius
703 1235 862 1283 fuerat
893 1234 1020 1282 bona
1051 1251 1149 1281 non
1172 1234 1569 1301 incipere,{quam
1602 1234 1662 1281 ab
1692 1234 1767 1283 his
1801 1251 1912 1297 quae
1944 1240 2099 1296 coepta

349 1325 476 1379 sunt,
515 1317 805 1381 cogitatione
841 1322 1105 1365 retrorsum
1140 1316 1312 1375 redire,
1349 1333 1538 1364 summo
1585 1316 1761 1375 studio,
1799 1316 2100 1364 dilectissimi

349 1401 454 1459 filii,
479 1404 672 1464 oportet
702 1403 759 1447 ut
792 1416 912 1463 opus
941 1400 1138 1458 bonum,
1165 1399 1293 1462 quod
1328 1399 1594 1447 auxiliante
1626 1398 1838 1447 Domino
1873 1398 2098 1462 coepistis,

349 1482 606 1546 impleatis.
679 1483 783 1530 Nec
841 1482 978 1529 labor
1034 1497 1120 1529 vos
1180 1498 1295 1544 ergo
1354 1481 1558 1540 itineris,
1611 1498 1699 1529 nec
1757 1471 2108 1529 maledicorum

348 1565 600 1613 hominum
656 1565 836 1627 linguae
889 1564 1192 1612 deterreant:
1255 1564 1339 1612 sed
1388 1563 1522 1613 omni
1575 1563 1824 1624 instantia,
1872 1564 2099 1627 omnique

348 1648 550 1706 fervore,
588 1664 695 1711 quae
727 1646 1005 1705 inchoastis,
1045 1647 1150 1694 Deo
1198 1651 1394 1694 auctore
1441 1646 1688 1710 peragite:
1729 1646 1939 1694 scientes
1970 1647 2100 1709 quod

348 1731 563 1778 laborem
598 1746 830 1792 magnum
866 1731 1021 1791 major
1056 1733 1250 1779 aeternae
1297 1728 1631 1777 retributionis
1676 1728 1828 1794 gloria
1868 1730 2100 1793 sequitur.

345 1811 609 1862 Remeanti
640 1818 804 1861 autem
827 1810 1109 1875 Augustino
1132 1811 1394 1875 praeposito
1426 1816 1600 1869 vestro,
1627 1828 1769 1874 quem
1794 1817 1843 1859 et
1875 1811 2099 1860 abbatem

348 1895 486 1943 vobis
518 1895 871 1953 constituimus,
897 1894 948 1940 in
981 1893 1204 1940 omnibus
1232 1891 1486 1941 humiliter
1514 1893 1733 1941 obedite:
1770 1893 1975 1942 scientes
2009 1894 2098 1942 hoc

348 1976 526 2025 vestris
549 1976 798 2024 animabus
822 1991 908 2038 per
932 1974 1095 2021 omnia
1117 1974 1442 2037 profuturum,
1469 1974 1706 2037 quidquid
1730 1991 1758 2022 a
1790 1975 1927 2023 vobis
1951 1975 2100 2024 fuerit

349 2059 400 2107 in
446 2060 548 2122 ejus
583 2057 912 2107 admonitione
959 2057 1265 2120 completum.
1338 2056 1658 2120 Omnipotens
1695 2058 1829 2106 Deus
1877 2075 1965 2107 sua
2012 2075 2100 2106 vos

347 2142 505 2206 gratia
539 2144 777 2205 protegat,
814 2144 864 2188 et
899 2140 1048 2188 vestri
1083 2140 1269 2188 laboris⁴
1296 2139 1507 2188 fructum
1537 2140 1589 2188 in
1624 2146 1806 2190 aeterna
1836 2158 1913 2190 me
1944 2143 2102 2206 patria

347 2225 512 2273 videre
538 2224 796 2283 concedat3
823 2227 1062 2286 quatenus
1094 2212 1184 2270 etsi
1208 2223 1458 2271 vobiscum
1486 2224 1702 2271 laborare
1733 2241 1932 2288 nequeo,
1957 2226 2101 2273 simul

348 2307 402 2354 in
454 2306 632 2370 gaudio
685 2304 1021 2353 retributionis
1056 2304 1293 2365 inveniar,
1328 2305 1444 2369 quia
1487 2306 1707 2355 laborare
1753 2307 1935 2357 scilicet
1975 2309 2100 2357 v010.

350 2389 483 2438 Deus
506 2405 594 2436 vos
618 2388 884 2436 incolumes
909 2387 1163 2446 custodiat,
1188 2388 1487 2439 dilectissimi
1510 2388 1613 2436 filii.

418 2475 430 2495 ‘
446 2471 577 2518 Data
601 2470 679 2517 die
700 2468 884 2517 decima
907 2469 1224 2517 kalendarum
1242 2470 1590 2533 Augustarum,
1611 2471 1881 2535 imperante
1905 2472 2124 2520 domino·

349 2557 514 2602 nostro
539 2551 777 2599 Mauricio
801 2551 994 2599 Tiberio
1029 2551 1250 2614 piissimo
1275 2551 1502 2615 Augusto
1535 2570 1661 2601 anno
1694 2554 1880 2602 decimo
1912 2561 2100 2619 quarto,

348 2641 458 2699 post
493 2635 796 2683 consulatum
842 2634 1056 2697 ejusdem
1098 2634 1283 2682 domini
1330 2635 1486 2683 nostri
1533 2653 1660 2684 anno
1707 2635 1893 2685 decimo
1939 2636 2100 2697 tertio,

348 2716 612 2765 indictione
636 2717 822 2765 decima
845 2717 1048 2780 quarta.'

349 2854 517 2906 gustini,
548 2868 583 2894 c.
612 2866 674 2900 10,
698 2854 791 2893 that
814 2854 894 2894 ,the
923 2855 1198 2895 missionaries
1252 2856 1469 2895 murdered
1501 2856 1577 2895 her
1605 2856 1798 2897 husband
1824 2857 2028 2911 Chilperic
2056 2858 2101 2898 in

350 2909 496 2961 passed
512 2909 690 2961 through
704 2909 860 2960 Anjou.
882 2910 983 2948 And
998 2924 1059 2949 we
1074 2910 1198 2950 know
1252 2922 1339 2951 ΔΑ).
1369 2911 1461 2962 584,
1482 2911 1566 2951 and
1590 2912 1760 2964 reigned
1788 2912 1909 2952 alone
1937 2913 2003 2952 till
2026 2914 2102 2953 her

349 2963 446 3003 that
465 2964 566 3016 they
582 2964 717 3003 would
735 2964 787 3003 be
805 2964 943 3003 forced
962 2968 1004 3003 1ο
1016 2978 1109 3016 pass
1124 2970 1197 3005 out
1252 2965 1380 3005 death
1419 2966 1465 3005 in
1501 2977 1589 3006 ΑΛ).
1630 2975 1722 3019 597.
1781 2967 1843 3007 Cf.
1880 2967 1985 3007 Vita
2023 2969 2102 3008 Sti.

348 3019 396 3058 of
421 3019 652 3071 Burgundy
683 3019 864 3070 through
897 3019 969 3058 the
999 3019 1196 3071 kingdom
1251 3020 1440 3072 Gregorii
1458 3035 1484 3060 a
1509 3021 1838 3073 Sammarthano,
1859 3035 2011 3075 among
2036 3023 2102 3062 his

347 3073 395 3113 of
423 3074 635 3122 Neustria,
667 3078 712 3113 at
744 3073 828 3112 this
857 3073 959 3113 time
988 3075 1197 3125 governed
1251 3075 1452 3116 collected
1472 3076 1618 3118 works.

347 3128 403 3181 by
424 3129 496 3168 the
524 3142 673 3181 savage
702 3128 980 3180 Fredegonde,
1004 3129 1093 3168 who
1112 3129 1196 3168 had
