2216 3554
262 154 359 199 264
841 148 1071 199 Historia
1105 148 1444 198 Ecclesiastica
1784 146 1920 217 [Lm.
1938 165 2013 199 1v.

258 283 484 342 vidimus,
527 285 577 330 et
617 280 704 330 hos
742 298 907 330 omnes
948 279 1213 345 singularis
1254 280 1420 328 meriti
1462 297 1518 329 ac
1555 280 1826 330 sanctitatis
1865 281 2012 339 viros,

322 385 449 421 where
463 385 538 421 five
601 380 810 427 quorum
863 362 966 412 haec
1019 368 1136 412 sunt
1188 364 1397 422 nomina,
1446 361 1590 421 Bosa,
1638 362 1786 423 AEtla,
1835 363 2011 423 oftfor,

353 435 508 519 ffihl‘l'gfi
598 444 631 494 J
634 446 860 500 ohannes,
897 450 947 494 et
979 445 1176 494 Vilfrid.
1245 446 1322 494 De
1361 444 1520 508 primo
1561 445 1738 508 supra¹
1779 445 2011 503 diximus,

336 532 524 574 disciples·
606 528 736 592 quod
767 527 988 576 Eboraci
1027 527 1175 576 fuerit
1216 531 1521 575 consecratus
1561 527 1793 576 antistes:
1841 527 1901 575 de
1942 544 2013 575 se-

259 611 444 660 cundo2
467 610 682 660 breviter
699 611 1042 668 intimandum,
1061 611 1190 674 quod
1213 611 1267 657 in
1291 610 1619 672 episcopatum
1638 609 2012 658 Dorciccaestrae

257 695 407 743 fuerit
442 693 694 742 ordinatus
722 711 732 741 :
786 693 847 740 de
881 691 1068 740 ultimis
1102 692 1231 740 infra
1265 692 1522 740 dicendum
1557 696 1644 751 est,
1681 692 1811 755 quod
1846 708 2013 740 eorum

256 778 469 841 primus³
493 774 916 839 Hagustaldensis,
938 774 1199 823 secundus4
1222 774 1548 822 Eboracensis.
1564 774 1773 822 ecclesiae
1796 774 1862 823 sit
1885 774 2013 822 ordi·

256 864 402 909 natus
427 859 691 923 episcopus.
766 857 842 904 De
865 856 1026 904 medio
1050 873 1179 904 nunc
1204 856 1433 917 dicamus,
1455 855 1568 920 quia
1592 874 1702 904 cum
1725 856 1779 904 in
1802 862 2013 921 utroque

256 944 420 991 Hildae
466 941 722 991 abbatissae
763 938 1055 987 monasterio
1094 939 1295 986 lectioni
1339 944 1388 987 et
1429 939 1754 987 observationi
1795 939 2013 1003 Scriptu-

255 1043 422 1075 rarum
460 1040 655 1087 operam
692 1022 918 1081 dedisset,
965 1021 1165 1069 tandem
1209 1021 1500 1084 perfectiora
1546 1021 1839 1081 desiderans,
1877 1023 2014 1072 venit

259 1108 486 1157 Cantiam
506 1106 567 1154 ad
586 1105 999 1168 archiepiscopum
1017 1104 1170 1152 beatae
1188 1103 1536 1151 recordationis
1556 1103 1863 1153 Theodorum
1882 1123 1893 1154 :
1926 1107 2013 1154 ubi

254 1195 507 1255 postquam
544 1187 829 1251 aliquandiu
864 1187 1157 1235 lectionibus
1193 1179 1343 1239 sacris
1378 1186 1584 1241 vacavit,
1620 1187 1766 1235 etiam
1801 1187 2012 1236 Romam

253 1273 386 1321 adire
410 1271 613 1331 curavit,
640 1270 770 1335 quod
795 1287 850 1318 eo
874 1276 1094 1333 tempore
1129 1285 1316 1332 magnae
1341 1268 1538 1317 virtutis
1562 1269 1894 1319 aestimabatur
1916 1289 1925 1319 :
1963 1278 2014 1321 et

254 1356 367 1403 inde
404 1372 514 1404 cum
550 1353 739 1402 rediens
778 1340 1076 1401 Brittaniam
1114 1351 1330 1411 adiisset,
1372 1351 1575 1400 divertit
1609 1352 1671 1400 ad
1709 1352 2012 1416 provinciam

252 1437 576 1486 Huicciorum
590 1436 616 1472 ⁵,
632 1435 713 1484 cui
742 1438 861 1483 tunc
896 1433 1187 1483 rex-Osric⁶
1219 1434 1444 1498 praefuit3
1481 1433 1647 1498 ibique
1670 1435 1873 1484 verbum
1899 1434 2013 1485 fidei

252 1519 535 1583 praedicans,
578 1517 725 1568 simul
766 1523 815 1566 et
856 1517 1134 1580 exemplum
1169 1516 1366 1565 vivendi
1404 1533 1507 1565 sese
1546 1517 1826 1566 videntibus
1866 1522 2014 1583 atque

253 1602 563 1651 audientibus
610 1601 855 1661 exhibens,
905 1600 1063 1648 multo
1109 1603 1327 1663 tempore
1373 1599 1563 1650 mansit.
1638 1601 1748 1662 Quo
1794 1604 2013 1665 tempore

253 1685 456 1734 antistes
503 1683 767 1748 provinciae
814 1682 964 1742 illius,
1006 1683 1242 1731 vocabulo
1283 1682 1438 1740 Bosel,
1474 1687 1612 1731 tanta
1649 1687 1756 1732 erat
1793 1685 2011 1748 corporis

252 1767 539 1816 infirmitate
580 1767 850 1830 depressus,
896 1771 955 1814 ut
996 1765 1207 1814 officium
1249 1764 1553 1829 episcopatus
1595 1782 1683 1829 per
1722 1783 1771 1814 se
1812 1766 2012 1830 implere

251 1868 349 1899 non
375 1855 564 1914 posset:
601 1852 803 1913 propter
826 1848 957 1911 quod
988 1848 1206 1896 omnium
1236 1847 1422 1910 judicio
1455 1849 1688 1911 praefatus
1712 1847 1788 1897 vir
1821 1848 1873 1896 in
1909 1850 2011 1913 epi-

251 1937 501 1997 scopatum
539 1946 721 1996 pre-eo
757 1930 951 1984 electus,
978 1947 1033 1978 ac
1060 1929 1263 1993 jubente
1293 1929 1550 1978 AEdilredo
1578 1947 1704 1994 rege,
1728 1947 1816 1994 per
1838 1931 2011 1982 Vilfri-

319 2042 420 2083 [Aa
444 2042 518 2082 691,
562 2021 564 2026 '
592 2013 710 2059 dum
743 2013 897 2067 beatae
927 2012 1172 2060 memoriae
1196 2011 1467 2060 antistitem
1491 2012 1577 2076 qui
1600 2018 1719 2061 tunc
1742 2014 1977 2077 temporis
1992 2014 2010 2045 ⁷

353 2091 466 2131 mon]
591 2094 1060 2143 Mediterraneorum
1106 2094 1380 2159 Anglorum
1422 2094 1757 2159 episcopatum
1795 2097 2009 2160 gerebat,

254 2177 512 2226 ordinatus
542 2181 647 2226 est:
686 2194 776 2242 pro
812 2195 869 2226 eo
905 2178 1035 2242 quod
1070 2177 1458 2241 archiepiscopus
1480 2177 1761 2227 Theodorus
1788 2178 1891 2243 jam
1927 2180 2011 2229 de-

304 2335 319 2358 ¹
346 2334 491 2387 supra]
523 2335 600 2375 See
621 2348 661 2386 p.
686 2336 780 2386 238.
1214 2335 1230 2359 ⁶
1257 2350 1329 2377 rex
1350 2335 1481 2390 Osric]
1542 2337 1613 2377 He
1640 2341 1753 2378 must
1770 2337 1879 2378 have
1902 2339 2010 2379 been

304 2389 539 2442 'secundfl
571 2390 692 2431 AEtla
710 2404 798 2431 was
815 2391 937 2431 made
956 2391 1103 2444 bishop
1158 2405 1185 2431 a
1208 2391 1391 2443 regulus,
1415 2391 1666 2438 ealdorman,
1686 2407 1732 2433 or
1759 2394 1906 2434 under·
1907 2394 2009 2447 king

251 2445 297 2484 of
330 2445 580 2484 Dorchester
626 2459 680 2485 on
727 2446 801 2485 the
847 2446 1025 2486 division
1063 2446 1111 2486 of
1158 2447 1291 2486 under
1315 2446 1537 2487 AEthelred
1562 2448 1608 2487 of
1626 2447 1800 2488 Mercia.
1857 2449 1909 2489 In
1935 2449 2008 2490 the

250 2500 411 2540 Mercia
439 2500 529 2539 into
567 2500 649 2540 five
683 2514 784 2547 sees,
812 2501 858 2540 in
886 2513 929 2543 A
932 2512 974 2542 D.
1005 2501 1099 2554 679,
1158 2515 1271 2541 same
1307 2502 1489 2554 position
1526 2516 1612 2542 was
1650 2503 1808 2543 Oshere
1839 2504 1884 2543 in
1916 2515 1958 2544 A.
1963 2515 2006 2545 D.

249 2555 333 2594 and
352 2555 425 2594 the
444 2555 578 2595 south
597 2556 758 2608 Angles
780 2569 886 2596 were
912 2556 1102 2609 assigned
1158 2555 1250 2609 679
1326 2556 1536 2607 Florence,
1587 2571 1629 2610 p.
1673 2558 1767 2606 622,
1809 2559 1871 2601 M.
1885 2559 1944 2598 Η.
1957 2560 2009 2601 Β.

248 2610 337 2649 him
366 2610 429 2649 for
456 2610 523 2649 his
560 2612 768 2661 province.
825 2611 903 2651 See
936 2625 976 2663 p.
1006 2611 1099 2662 238,
1156 2569 1353 2658 Ke9mble,
1372 2612 1575 2661 however,
1595 2612 1696 2653 cod.
1718 2588 1901 2665 Diplom.
1922 2615 2007 2654 No.

249 2672 348 2705 note
374 2677 427 2716 4;
455 2665 668 2711 Florence‚
697 2680 738 2718 p.
765 2665 859 2714 622,
890 2666 954 2705 M.
970 2666 1030 2706 H.
1046 2666 1098 2707 B.
1156 2667 1228 2715 xii,
1258 2667 1374 2718 gives
1400 2681 1426 2706 a
1447 2667 1613 2707 charter
1639 2668 1785 2720 signed
1813 2669 1871 2722 by
1891 2669 2007 2710 Osric

249 2720 338 2759 But
367 2719 568 2760 Florence
599 2721 634 2759 is
666 2721 739 2760 the
769 2722 852 2760 sole
886 2721 1102 2773 authority
1156 2721 1199 2760 in
1217 2697 1331 2762 'Now
1351 2733 1392 2760 A.
1397 2733 1440 2761 D.
1460 2721 1554 2774 676.

250 2776 313 2814 sor
341 2788 367 2814 a
395 2774 531 2814 Merci
533 2788 587 2814 m
611 2775 689 2814 See
713 2775 759 2815 of
778 2776 1028 2816 Dorchester
1055 2781 1101 2816 at
1212 2775 1229 2798 ⁷
1257 2781 1352 2817 twnc
1372 2778 1580 2831 tempom’s]
1611 2777 1702 2817 The
1719 2777 2006 2831 interregnum

248 2830 335 2906 thisss
352 2829 468 2869 time.
1156 2831 1266 2871 after
1287 2832 1540 2871 'lheodorus'
1569 2833 1696 2872 death
1732 2833 1869 2873 lasted
1897 2833 2005 2874 from

304 2882 526 2936 ³primu8]
557 2883 634 2924 See
654 2898 693 2924 v.
722 2896 759 2926 2.
1155 2887 1270 2938 Sept.
1300 2898 1363 2939 19,
1387 2897 1473 2926 A.D.
1500 2887 1594 2939 690,
1621 2892 1665 2927 to
1686 2889 1799 2939 Aug.
1828 2900 1893 2939 31,
1917 2899 2005 2930 A.D.

304 2938 320 2962 ⁴
345 2939 560 2991 secandus]
620 2939 705 2978 For
746 2939 939 2979 Wilfrith
967 2940 1017 2979 II
1058 2940 1106 2980 of
1155 2940 1250 2994 693,
1283 2941 1356 2981 the
1385 2943 1483 2981 date
1510 2943 1558 2981 of
1581 2942 1860 2982 Berhtwald's
1886 2943 2006 2983 insti-

251 2994 384 3042 York,
416 3007 484 3033 see
513 3007 555 3033 v,
576 2991 616 3034 6.
1155 2998 1307 3035 tution.
1374 2997 1453 3036 See
1486 2997 1632 3043 below,
1661 3011 1701 3037 v.
1730 2998 1768 3036 8.
1824 2999 2004 3038 Accord-

304 3047 642 3100 ⁵Haioeiorum]
693 3049 759 3089 On
795 3048 869 3088 the
906 3050 1102 3103 territory
1156 3051 1284 3103 ingly,
1302 3050 1503 3091 Florence
1514 3052 1684 3091 informs
1696 3066 1745 3092 us
1756 3052 1850 3092 that
1866 3053 2006 3093 Oftfor

250 3104 450 3157 occupied
474 3104 531 3156 by
548 3103 622 3143 the
654 3103 859 3151 Hwiccas,
884 3117 951 3143 see
969 3120 1010 3157 p.
1032 3106 1097 3157 89,
1157 3120 1242 3145 was
1261 3107 1550 3146 consecrated
1537 3118 1636 3148 1nA.
1640 3118 1682 3147 D.
1698 3105 1793 3160 691,
1807 3107 1890 3147 and
1909 3107 2005 3146 that

248 3163 347 3198 note
381 3158 418 3199 6.
477 3159 578 3198 This
604 3171 690 3198 was
723 3172 801 3198 one
838 3159 886 3197 of
918 3160 990 3198 the
1016 3160 1098 3199 five
1153 3161 1206 3200 he
1237 3161 1333 3200 died
1362 3161 1409 3201 in
1434 3172 1523 3203 A.D.
1551 3161 1660 3215 6925
1686 3175 1754 3215 pp
1782 3163 1876 3213 538,
1909 3173 2004 3214 539,

250 3214 439 3253 Mercian
456 3227 543 3253 sees
562 3213 843 3253 constituted*
831 3227 874 3253 m
888 3224 917 3252 A
921 3224 975 3254 ..D
992 3214 1094 3267 679;
1153 3216 1216 3255 M.
1233 3216 1291 3255 H.
1306 3215 1356 3256 B.

250 3282 318 3308 see
337 3282 377 3321 p.
402 3269 491 3320 238,
512 3272 611 3308 note
631 3277 672 3322 4.
