<?xml version="1.0" encoding="UTF-8"?>
<!DOCTYPE html PUBLIC "-//W3C//DTD XHTML 1.0 Transitional//EN"
    "http://www.w3.org/TR/xhtml1/DTD/xhtml1-transitional.dtd">
<html xmlns="http://www.w3.org/1999/xhtml" xml:lang="en" lang="en">
 <head>
  <title>
</title>
<meta http-equiv="Content-Type" content="text/html;charset=utf-8" />
  <meta name='ocr-system' content='tesseract 3.04.00' />
  <meta name='ocr-capabilities' content='ocr_page ocr_carea ocr_par ocr_line ocrx_word'/>
</head>
<body>
  <div class='ocr_page' id='page_1' title='image "./historiaecclesia00bedeuoft_0160.png"; bbox 0 0 2216 3554; ppageno 0'>
   <div class='ocr_carea' id='block_1_1' title="bbox 267 125 2001 196">
    <p class='ocr_par' dir='ltr' id='par_1_1' title="bbox 267 125 2001 196">
     <span class='ocr_line' id='line_1_1' title="bbox 267 125 2001 196; baseline 0.002 -20"><span class='ocrx_word' id='word_1_1' title='bbox 267 130 360 177; x_wconf 87' lang='lat'>128</span> <span class='ocrx_word' id='word_1_2' title='bbox 834 127 1062 178; x_wconf 74' lang='lat' dir='ltr'><em>Historia</em></span> <span class='ocrx_word' id='word_1_3' title='bbox 1098 128 1431 179; x_wconf 67' lang='lat' dir='ltr'>Ecclesia-stica</span> <span class='ocrx_word' id='word_1_4' title='bbox 1784 125 1920 196; x_wconf 86' lang='lat' dir='ltr'><strong>[LIB.</strong></span> <span class='ocrx_word' id='word_1_5' title='bbox 1944 144 2001 179; x_wconf 91' lang='lat'>11.</span> 
     </span>
    </p>
   </div>
   <div class='ocr_carea' id='block_1_2' title="bbox 260 257 2020 2048">
    <p class='ocr_par' dir='ltr' id='par_1_2' title="bbox 260 257 2013 964">
     <span class='ocr_line' id='line_1_2' title="bbox 260 257 2005 323; baseline -0.001 -16"><span class='ocrx_word' id='word_1_6' title='bbox 260 264 463 323; x_wconf 87' lang='lat' dir='ltr'>tumque</span> <span class='ocrx_word' id='word_1_7' title='bbox 477 259 493 287; x_wconf 84' lang='lat'>¹</span> <span class='ocrx_word' id='word_1_8' title='bbox 511 257 839 308; x_wconf 83' lang='lat' dir='ltr'>Lindocolinae</span> <span class='ocrx_word' id='word_1_9' title='bbox 854 259 1063 309; x_wconf 79' lang='lat' dir='ltr'>civitatis</span> <span class='ocrx_word' id='word_1_10' title='bbox 1078 262 1109 320; x_wconf 78' lang='lat'>²,</span> <span class='ocrx_word' id='word_1_11' title='bbox 1135 260 1212 310; x_wconf 90' lang='lat' dir='ltr'>cui</span> <span class='ocrx_word' id='word_1_12' title='bbox 1239 278 1412 311; x_wconf 88' lang='lat' dir='ltr'>nomen</span> <span class='ocrx_word' id='word_1_13' title='bbox 1437 265 1539 309; x_wconf 87' lang='lat' dir='ltr'>erat</span> <span class='ocrx_word' id='word_1_14' title='bbox 1559 259 1769 318; x_wconf 83' lang='lat' dir='ltr'>Blaecca‚</span> <span class='ocrx_word' id='word_1_15' title='bbox 1788 259 2005 323; x_wconf 88' lang='lat' dir='ltr'>primum</span> 
     </span>
     <span class='ocr_line' id='line_1_3' title="bbox 261 341 2007 405; baseline -0.001 -16"><span class='ocrx_word' id='word_1_16' title='bbox 261 358 372 390; x_wconf 91' lang='lat' dir='ltr'>cum</span> <span class='ocrx_word' id='word_1_17' title='bbox 397 341 540 388; x_wconf 91' lang='lat' dir='ltr'>domo</span> <span class='ocrx_word' id='word_1_18' title='bbox 560 358 647 389; x_wconf 85' lang='lat' dir='ltr'>sua</span> <span class='ocrx_word' id='word_1_19' title='bbox 669 341 908 389; x_wconf 85' lang='lat' dir='ltr'>convertit</span> <span class='ocrx_word' id='word_1_20' title='bbox 930 342 991 390; x_wconf 88' lang='lat' dir='ltr'>ad</span> <span class='ocrx_word' id='word_1_21' title='bbox 1014 342 1297 393; x_wconf 87' lang='lat' dir='ltr'>Dominum.</span> <span class='ocrx_word' id='word_1_22' title='bbox 1368 343 1431 391; x_wconf 82' lang='lat' dir='ltr'>In</span> <span class='ocrx_word' id='word_1_23' title='bbox 1457 360 1552 405; x_wconf 88' lang='lat' dir='ltr'>qua</span> <span class='ocrx_word' id='word_1_24' title='bbox 1569 342 1794 390; x_wconf 85' lang='lat' dir='ltr'>videlicet</span> <span class='ocrx_word' id='word_1_25' title='bbox 1809 341 2007 389; x_wconf 82' lang='lat' dir='ltr'>civitate</span> 
     </span>
     <span class='ocr_line' id='line_1_4' title="bbox 261 422 2010 488; baseline 0 -18"><span class='ocrx_word' id='word_1_26' title='bbox 261 429 310 472; x_wconf 89' lang='lat' dir='ltr'>et</span> <span class='ocrx_word' id='word_1_27' title='bbox 334 424 579 472; x_wconf 86' lang='lat' dir='ltr'>ecclesiam</span> <span class='ocrx_word' id='word_1_28' title='bbox 604 422 761 486; x_wconf 85' lang='lat' dir='ltr'>operis</span> <span class='ocrx_word' id='word_1_29' title='bbox 785 424 967 487; x_wconf 79' lang='lat' dir='ltr'>egregii</span> <span class='ocrx_word' id='word_1_30' title='bbox 991 425 1051 472; x_wconf 93' lang='lat' dir='ltr'>de</span> <span class='ocrx_word' id='word_1_31' title='bbox 1087 425 1244 488; x_wconf 90' lang='lat' dir='ltr'>lapide</span> <span class='ocrx_word' id='word_1_32' title='bbox 1269 425 1384 473; x_wconf 88' lang='lat' dir='ltr'>fecit</span> <span class='ocrx_word' id='word_1_33' title='bbox 1406 441 1415 473; x_wconf 89' lang='lat'>:</span> <span class='ocrx_word' id='word_1_34' title='bbox 1454 427 1590 486; x_wconf 87' lang='lat' dir='ltr'>cujus</span> <span class='ocrx_word' id='word_1_35' title='bbox 1613 427 1742 472; x_wconf 90' lang='lat' dir='ltr'>tecto</span> <span class='ocrx_word' id='word_1_36' title='bbox 1765 424 1841 472; x_wconf 89' lang='lat' dir='ltr'>vel</span> <span class='ocrx_word' id='word_1_37' title='bbox 1864 424 2010 486; x_wconf 81' lang='lat' dir='ltr'>longa</span> 
     </span>
     <span class='ocr_line' id='line_1_5' title="bbox 261 504 2008 570; baseline -0.002 -16"><span class='ocrx_word' id='word_1_38' title='bbox 261 505 460 564; x_wconf 89' lang='lat' dir='ltr'>incuria,</span> <span class='ocrx_word' id='word_1_39' title='bbox 515 505 594 553; x_wconf 87' lang='lat' dir='ltr'>vel</span> <span class='ocrx_word' id='word_1_40' title='bbox 651 504 819 552; x_wconf 83' lang='lat' dir='ltr'>hostili</span> <span class='ocrx_word' id='word_1_41' title='bbox 870 522 1018 554; x_wconf 85' lang='lat' dir='ltr'>manu</span> <span class='ocrx_word' id='word_1_42' title='bbox 1071 507 1269 570; x_wconf 87' lang='lat' dir='ltr'>dejecto,</span> <span class='ocrx_word' id='word_1_43' title='bbox 1329 506 1538 570; x_wconf 84' lang='lat' dir='ltr'>parietes</span> <span class='ocrx_word' id='word_1_44' title='bbox 1589 505 1822 553; x_wconf 85' lang='lat' dir='ltr'>hactenus</span> <span class='ocrx_word' id='word_1_45' title='bbox 1882 511 2008 552; x_wconf 88' lang='lat' dir='ltr'>stare</span> 
     </span>
     <span class='ocr_line' id='line_1_6' title="bbox 261 587 2009 652; baseline -0.001 -17"><span class='ocrx_word' id='word_1_46' title='bbox 261 588 505 645; x_wconf 87' lang='lat' dir='ltr'>videntur,</span> <span class='ocrx_word' id='word_1_47' title='bbox 549 591 598 635; x_wconf 90' lang='lat' dir='ltr'>et</span> <span class='ocrx_word' id='word_1_48' title='bbox 657 587 881 635; x_wconf 91' lang='lat' dir='ltr'>omnibus</span> <span class='ocrx_word' id='word_1_49' title='bbox 942 589 1082 636; x_wconf 88' lang='lat' dir='ltr'>annis</span> <span class='ocrx_word' id='word_1_50' title='bbox 1143 589 1305 652; x_wconf 84' lang='lat' dir='ltr'>aliqua</span> <span class='ocrx_word' id='word_1_51' title='bbox 1363 589 1627 637; x_wconf 86' lang='lat' dir='ltr'>sanitatum</span> <span class='ocrx_word' id='word_1_52' title='bbox 1675 587 1910 635; x_wconf 83' lang='lat' dir='ltr'>miracula</span> <span class='ocrx_word' id='word_1_53' title='bbox 1955 587 2009 633; x_wconf 91' lang='lat' dir='ltr'>in</span> 
     </span>
     <span class='ocr_line' id='line_1_7' title="bbox 262 669 2008 735; baseline -0.001 -16"><span class='ocrx_word' id='word_1_54' title='bbox 262 670 428 719; x_wconf 89' lang='lat' dir='ltr'>eodem</span> <span class='ocrx_word' id='word_1_55' title='bbox 462 669 563 717; x_wconf 89' lang='lat' dir='ltr'>loco</span> <span class='ocrx_word' id='word_1_56' title='bbox 600 669 757 717; x_wconf 84' lang='lat' dir='ltr'>solent</span> <span class='ocrx_word' id='word_1_57' title='bbox 791 669 852 717; x_wconf 89' lang='lat' dir='ltr'>ad</span> <span class='ocrx_word' id='word_1_58' title='bbox 887 670 1153 719; x_wconf 77' lang='lat' dir='ltr'>utilitatem</span> <span class='ocrx_word' id='word_1_59' title='bbox 1189 688 1356 719; x_wconf 90' lang='lat' dir='ltr'>eorum</span> <span class='ocrx_word' id='word_1_60' title='bbox 1403 672 1487 735; x_wconf 91' lang='lat' dir='ltr'>qui</span> <span class='ocrx_word' id='word_1_61' title='bbox 1522 670 1734 718; x_wconf 88' lang='lat' dir='ltr'>fideliter</span> <span class='ocrx_word' id='word_1_62' title='bbox 1770 675 2008 733; x_wconf 81' lang='lat' dir='ltr'>quaerunt,</span> 
     </span>
     <span class='ocr_line' id='line_1_8' title="bbox 263 750 2011 814; baseline 0.001 -16"><span class='ocrx_word' id='word_1_63' title='bbox 263 750 468 799; x_wconf 88' lang='lat' dir='ltr'>ostendi.</span> <span class='ocrx_word' id='word_1_64' title='bbox 538 750 603 799; x_wconf 90' lang='lat' dir='ltr'>In</span> <span class='ocrx_word' id='word_1_65' title='bbox 649 768 746 814; x_wconf 88' lang='lat' dir='ltr'>qua</span> <span class='ocrx_word' id='word_1_66' title='bbox 782 751 978 799; x_wconf 85' lang='lat' dir='ltr'>ecclesia</span> <span class='ocrx_word' id='word_1_67' title='bbox 1025 752 1274 812; x_wconf 76' lang='lat' dir='ltr'><strong>Paulinus,</strong></span> <span class='ocrx_word' id='word_1_68' title='bbox 1322 757 1602 801; x_wconf 77' lang='lat' dir='ltr'>transeunte</span> <span class='ocrx_word' id='word_1_69' title='bbox 1648 752 1712 799; x_wconf 86' lang='lat' dir='ltr'>ad</span> <span class='ocrx_word' id='word_1_70' title='bbox 1761 751 2011 800; x_wconf 81' lang='lat' dir='ltr'>Christum</span> 
     </span>
     <span class='ocr_line' id='line_1_9' title="bbox 263 833 2013 899; baseline 0 -18"><span class='ocrx_word' id='word_1_71' title='bbox 263 834 295 881; x_wconf 87' lang='lat' dir='ltr'><strong>J</strong></span> <span class='ocrx_word' id='word_1_72' title='bbox 298 840 420 893; x_wconf 87' lang='lat' dir='ltr'>usto,</span> <span class='ocrx_word' id='word_1_73' title='bbox 445 833 722 882; x_wconf 88' lang='lat' dir='ltr'>Honorium</span> <span class='ocrx_word' id='word_1_74' title='bbox 752 851 840 896; x_wconf 89' lang='lat' dir='ltr'>pro</span> <span class='ocrx_word' id='word_1_75' title='bbox 872 851 928 882; x_wconf 90' lang='lat' dir='ltr'>eo</span> <span class='ocrx_word' id='word_1_76' title='bbox 961 836 1258 883; x_wconf 86' lang='lat' dir='ltr'>consecravit</span> <span class='ocrx_word' id='word_1_77' title='bbox 1293 836 1590 899; x_wconf 88' lang='lat' dir='ltr'>episcopum,</span> <span class='ocrx_word' id='word_1_78' title='bbox 1612 839 1670 883; x_wconf 90' lang='lat' dir='ltr'>ut</span> <span class='ocrx_word' id='word_1_79' title='bbox 1694 835 1746 882; x_wconf 89' lang='lat' dir='ltr'>in</span> <span class='ocrx_word' id='word_1_80' title='bbox 1772 834 2013 898; x_wconf 82' lang='lat' dir='ltr'>sequenti-</span> 
     </span>
     <span class='ocr_line' id='line_1_10' title="bbox 263 915 842 964; baseline 0 0"><span class='ocrx_word' id='word_1_81' title='bbox 263 916 354 964; x_wconf 83' lang='lat' dir='ltr'>bus</span> <span class='ocrx_word' id='word_1_82' title='bbox 379 931 464 963; x_wconf 91' lang='lat' dir='ltr'>suo</span> <span class='ocrx_word' id='word_1_83' title='bbox 487 915 592 962; x_wconf 89' lang='lat' dir='ltr'>loco</span> <span class='ocrx_word' id='word_1_84' title='bbox 617 915 842 964; x_wconf 84' lang='lat' dir='ltr'>dicemus.</span> 
     </span>
    </p>

    <p class='ocr_par' dir='ltr' id='par_1_3' title="bbox 265 997 2020 1965">
     <span class='ocr_line' id='line_1_11' title="bbox 333 997 2013 1062; baseline 0.001 -17"><span class='ocrx_word' id='word_1_85' title='bbox 333 998 408 1046; x_wconf 88' lang='lat' dir='ltr'>De</span> <span class='ocrx_word' id='word_1_86' title='bbox 445 997 590 1060; x_wconf 80' lang='lat' dir='ltr'>hujus</span> <span class='ocrx_word' id='word_1_87' title='bbox 629 997 726 1045; x_wconf 84' lang='lat' dir='ltr'>fide</span> <span class='ocrx_word' id='word_1_88' title='bbox 767 997 1027 1060; x_wconf 77' lang='lat' dir='ltr'>provinciae</span> <span class='ocrx_word' id='word_1_89' title='bbox 1065 998 1283 1047; x_wconf 83' lang='lat' dir='ltr'>narravit</span> <span class='ocrx_word' id='word_1_90' title='bbox 1323 998 1443 1046; x_wconf 87' lang='lat' dir='ltr'>mihi</span> <span class='ocrx_word' id='word_1_91' title='bbox 1483 998 1738 1062; x_wconf 86' lang='lat' dir='ltr'>presbyter</span> <span class='ocrx_word' id='word_1_92' title='bbox 1781 1003 1832 1047; x_wconf 89' lang='lat' dir='ltr'>et</span> <span class='ocrx_word' id='word_1_93' title='bbox 1866 999 2013 1047; x_wconf 84' lang='lat' dir='ltr'>abbas</span> 
     </span>
     <span class='ocr_line' id='line_1_12' title="bbox 265 1079 2014 1142; baseline 0.001 -16"><span class='ocrx_word' id='word_1_94' title='bbox 265 1079 462 1142; x_wconf 90' lang='lat' dir='ltr'>quidam</span> <span class='ocrx_word' id='word_1_95' title='bbox 503 1079 578 1126; x_wconf 90' lang='lat' dir='ltr'>vir</span> <span class='ocrx_word' id='word_1_96' title='bbox 614 1080 948 1127; x_wconf 85' lang='lat' dir='ltr'>veracissimus</span> <span class='ocrx_word' id='word_1_97' title='bbox 989 1080 1049 1128; x_wconf 90' lang='lat' dir='ltr'>de</span> <span class='ocrx_word' id='word_1_98' title='bbox 1090 1079 1383 1128; x_wconf 86' lang='lat' dir='ltr'>monasterio</span> <span class='ocrx_word' id='word_1_99' title='bbox 1423 1081 1694 1128; x_wconf 83' lang='lat' dir='ltr'>Peartaneu</span> <span class='ocrx_word' id='word_1_100' title='bbox 1709 1081 1744 1140; x_wconf 79' lang='lat'>⁸,</span> <span class='ocrx_word' id='word_1_101' title='bbox 1779 1082 2014 1130; x_wconf 87' lang='lat' dir='ltr'>vocabulo</span> 
     </span>
     <span class='ocr_line' id='line_1_13' title="bbox 265 1161 2015 1225; baseline 0.001 -15"><span class='ocrx_word' id='word_1_102' title='bbox 265 1162 417 1219; x_wconf 88' lang='lat' dir='ltr'>Deda,</span> <span class='ocrx_word' id='word_1_103' title='bbox 442 1161 662 1209; x_wconf 88' lang='lat' dir='ltr'>retulisse</span> <span class='ocrx_word' id='word_1_104' title='bbox 687 1162 780 1210; x_wconf 93' lang='lat' dir='ltr'>sibi</span> <span class='ocrx_word' id='word_1_105' title='bbox 815 1163 1055 1225; x_wconf 86' lang='lat' dir='ltr'>quendam</span> <span class='ocrx_word' id='word_1_106' title='bbox 1084 1161 1334 1221; x_wconf 88' lang='lat' dir='ltr'>seniorem,</span> <span class='ocrx_word' id='word_1_107' title='bbox 1359 1162 1665 1225; x_wconf 83' lang='lat' dir='ltr'>baptizatum</span> <span class='ocrx_word' id='word_1_108' title='bbox 1689 1179 1737 1211; x_wconf 92' lang='lat' dir='ltr'>se</span> <span class='ocrx_word' id='word_1_109' title='bbox 1761 1163 1910 1211; x_wconf 81' lang='lat' dir='ltr'>fuisse</span> <span class='ocrx_word' id='word_1_110' title='bbox 1935 1164 2015 1211; x_wconf 92' lang='lat' dir='ltr'>die</span> 
     </span>
     <span class='ocr_line' id='line_1_14' title="bbox 266 1243 2014 1308; baseline 0.001 -16"><span class='ocrx_word' id='word_1_111' title='bbox 266 1244 424 1292; x_wconf 86' lang='lat' dir='ltr'>media</span> <span class='ocrx_word' id='word_1_112' title='bbox 453 1261 481 1291; x_wconf 90' lang='lat' dir='ltr'>a</span> <span class='ocrx_word' id='word_1_113' title='bbox 512 1243 716 1291; x_wconf 86' lang='lat' dir='ltr'>Paulino</span> <span class='ocrx_word' id='word_1_114' title='bbox 753 1244 987 1307; x_wconf 90' lang='lat' dir='ltr'>episcopo,</span> <span class='ocrx_word' id='word_1_115' title='bbox 1025 1248 1260 1307; x_wconf 88' lang='lat' dir='ltr'>praesente</span> <span class='ocrx_word' id='word_1_116' title='bbox 1296 1260 1409 1308; x_wconf 88' lang='lat' dir='ltr'>rege</span> <span class='ocrx_word' id='word_1_117' title='bbox 1448 1244 1679 1303; x_wconf 84' lang='lat' dir='ltr'>AEduino,</span> <span class='ocrx_word' id='word_1_118' title='bbox 1719 1250 1768 1292; x_wconf 89' lang='lat' dir='ltr'>et</span> <span class='ocrx_word' id='word_1_119' title='bbox 1807 1245 2014 1293; x_wconf 87' lang='lat' dir='ltr'>multam</span> 
     </span>
     <span class='ocr_line' id='line_1_15' title="bbox 265 1325 2017 1392; baseline 0.001 -18"><span class='ocrx_word' id='word_1_120' title='bbox 265 1326 432 1390; x_wconf 90' lang='lat' dir='ltr'>populi</span> <span class='ocrx_word' id='word_1_121' title='bbox 471 1326 664 1373; x_wconf 90' lang='lat' dir='ltr'>turbam</span> <span class='ocrx_word' id='word_1_122' title='bbox 701 1325 753 1372; x_wconf 95' lang='lat' dir='ltr'>in</span> <span class='ocrx_word' id='word_1_123' title='bbox 790 1325 940 1374; x_wconf 86' lang='lat' dir='ltr'>fluvio</span> <span class='ocrx_word' id='word_1_124' title='bbox 983 1325 1190 1374; x_wconf 83' lang='lat' dir='ltr'>Treenta</span> <span class='ocrx_word' id='word_1_125' title='bbox 1232 1327 1375 1388; x_wconf 80' lang='lat' dir='ltr'>juxta</span> <span class='ocrx_word' id='word_1_126' title='bbox 1413 1325 1660 1374; x_wconf 85' lang='lat' dir='ltr'>civitatem</span> <span class='ocrx_word' id='word_1_127' title='bbox 1702 1344 1809 1390; x_wconf 80' lang='lat' dir='ltr'>quae</span> <span class='ocrx_word' id='word_1_128' title='bbox 1849 1327 2017 1392; x_wconf 86' lang='lat' dir='ltr'>lingua</span> 
     </span>
     <span class='ocr_line' id='line_1_16' title="bbox 265 1406 2018 1473; baseline 0.001 -17"><span class='ocrx_word' id='word_1_129' title='bbox 265 1408 542 1470; x_wconf 84' lang='lat' dir='ltr'>Anglorum</span> <span class='ocrx_word' id='word_1_130' title='bbox 570 1406 1035 1470; x_wconf 84' lang='lat' dir='ltr'>Tiovulfingacaestir</span> <span class='ocrx_word' id='word_1_131' title='bbox 1050 1409 1068 1434; x_wconf 76' lang='lat'>4</span> <span class='ocrx_word' id='word_1_132' title='bbox 1090 1411 1322 1456; x_wconf 85' lang='lat' dir='ltr'>vocatur:</span> <span class='ocrx_word' id='word_1_133' title='bbox 1361 1407 1447 1471; x_wconf 89' lang='lat' dir='ltr'>qui</span> <span class='ocrx_word' id='word_1_134' title='bbox 1479 1408 1626 1456; x_wconf 87' lang='lat' dir='ltr'>etiam</span> <span class='ocrx_word' id='word_1_135' title='bbox 1658 1409 1862 1472; x_wconf 86' lang='lat' dir='ltr'>effigiem</span> <span class='ocrx_word' id='word_1_136' title='bbox 1893 1409 2018 1473; x_wconf 89' lang='lat' dir='ltr'>ejus-</span> 
     </span>
     <span class='ocr_line' id='line_1_17' title="bbox 268 1489 2015 1554; baseline 0.001 -14"><span class='ocrx_word' id='word_1_137' title='bbox 268 1493 377 1540; x_wconf 87' lang='lat' dir='ltr'>dem</span> <span class='ocrx_word' id='word_1_138' title='bbox 402 1489 591 1538; x_wconf 89' lang='lat' dir='ltr'>Paulini</span> <span class='ocrx_word' id='word_1_139' title='bbox 614 1490 792 1538; x_wconf 89' lang='lat' dir='ltr'>referre</span> <span class='ocrx_word' id='word_1_140' title='bbox 827 1495 952 1538; x_wconf 89' lang='lat' dir='ltr'>esset</span> <span class='ocrx_word' id='word_1_141' title='bbox 988 1490 1174 1549; x_wconf 88' lang='lat' dir='ltr'>solitus,</span> <span class='ocrx_word' id='word_1_142' title='bbox 1211 1490 1342 1553; x_wconf 92' lang='lat' dir='ltr'>quod</span> <span class='ocrx_word' id='word_1_143' title='bbox 1377 1494 1501 1539; x_wconf 87' lang='lat' dir='ltr'>esset</span> <span class='ocrx_word' id='word_1_144' title='bbox 1525 1490 1602 1539; x_wconf 83' lang='lat' dir='ltr'>vir</span> <span class='ocrx_word' id='word_1_145' title='bbox 1624 1491 1780 1554; x_wconf 85' lang='lat' dir='ltr'>longae</span> <span class='ocrx_word' id='word_1_146' title='bbox 1805 1498 2015 1552; x_wconf 84' lang='lat' dir='ltr'>staturae,</span> 
     </span>
     <span class='ocr_line' id='line_1_18' title="bbox 267 1571 2020 1638; baseline 0.001 -17"><span class='ocrx_word' id='word_1_147' title='bbox 267 1573 526 1638; x_wconf 88' lang='lat' dir='ltr'>paululum</span> <span class='ocrx_word' id='word_1_148' title='bbox 550 1571 797 1632; x_wconf 78' lang='lat' dir='ltr'>incurvus,</span> <span class='ocrx_word' id='word_1_149' title='bbox 833 1572 976 1635; x_wconf 85' lang='lat' dir='ltr'>nigro</span> <span class='ocrx_word' id='word_1_150' title='bbox 1012 1572 1201 1635; x_wconf 86' lang='lat' dir='ltr'>capillo,</span> <span class='ocrx_word' id='word_1_151' title='bbox 1237 1572 1359 1620; x_wconf 86' lang='lat' dir='ltr'>facie</span> <span class='ocrx_word' id='word_1_152' title='bbox 1395 1573 1666 1632; x_wconf 84' lang='lat' dir='ltr'>macilenta,</span> <span class='ocrx_word' id='word_1_153' title='bbox 1691 1591 1809 1622; x_wconf 85' lang='lat' dir='ltr'>naso</span> <span class='ocrx_word' id='word_1_154' title='bbox 1833 1574 2020 1623; x_wconf 87' lang='lat' dir='ltr'>adunco</span> 
     </span>
     <span class='ocr_line' id='line_1_19' title="bbox 267 1654 2020 1719; baseline 0.001 -16"><span class='ocrx_word' id='word_1_155' title='bbox 267 1654 506 1719; x_wconf 83' lang='lat' dir='ltr'>pertenui,</span> <span class='ocrx_word' id='word_1_156' title='bbox 530 1655 818 1703; x_wconf 85' lang='lat' dir='ltr'>venerabilis</span> <span class='ocrx_word' id='word_1_157' title='bbox 848 1655 994 1703; x_wconf 87' lang='lat' dir='ltr'>simul</span> <span class='ocrx_word' id='word_1_158' title='bbox 1022 1659 1072 1703; x_wconf 92' lang='lat' dir='ltr'>et</span> <span class='ocrx_word' id='word_1_159' title='bbox 1099 1654 1330 1703; x_wconf 86' lang='lat' dir='ltr'>terribili-s</span> <span class='ocrx_word' id='word_1_160' title='bbox 1358 1659 1570 1718; x_wconf 81' lang='lat' dir='ltr'>aspectu.</span> <span class='ocrx_word' id='word_1_161' title='bbox 1644 1656 1832 1704; x_wconf 87' lang='lat' dir='ltr'>Habuit</span> <span class='ocrx_word' id='word_1_162' title='bbox 1853 1663 2020 1705; x_wconf 82' lang='lat' dir='ltr'>autem</span> 
     </span>
     <span class='ocr_line' id='line_1_20' title="bbox 268 1735 2020 1801; baseline 0.001 -15"><span class='ocrx_word' id='word_1_163' title='bbox 268 1753 430 1786; x_wconf 83' lang='lat' dir='ltr'>secum</span> <span class='ocrx_word' id='word_1_164' title='bbox 449 1736 501 1783; x_wconf 88' lang='lat' dir='ltr'>in</span> <span class='ocrx_word' id='word_1_165' title='bbox 525 1735 794 1784; x_wconf 86' lang='lat' dir='ltr'>ministerio</span> <span class='ocrx_word' id='word_1_166' title='bbox 825 1741 881 1784; x_wconf 86' lang='lat' dir='ltr'>et</span> <span class='ocrx_word' id='word_1_167' title='bbox 917 1736 948 1783; x_wconf 85' lang='lat' dir='ltr'><strong>J</strong></span> <span class='ocrx_word' id='word_1_168' title='bbox 952 1736 1152 1784; x_wconf 87' lang='lat' dir='ltr'>acobum</span> <span class='ocrx_word' id='word_1_169' title='bbox 1186 1735 1454 1795; x_wconf 85' lang='lat' dir='ltr'>diaconum,</span> <span class='ocrx_word' id='word_1_170' title='bbox 1479 1737 1639 1785; x_wconf 90' lang='lat' dir='ltr'>virum</span> <span class='ocrx_word' id='word_1_171' title='bbox 1662 1737 1830 1801; x_wconf 89' lang='lat' dir='ltr'>utique</span> <span class='ocrx_word' id='word_1_172' title='bbox 1853 1739 2020 1787; x_wconf 88' lang='lat' dir='ltr'>indus-</span> 
     </span>
     <span class='ocr_line' id='line_1_21' title="bbox 269 1818 2020 1883; baseline 0 -14"><span class='ocrx_word' id='word_1_173' title='bbox 269 1820 419 1869; x_wconf 84' lang='lat' dir='ltr'>trium</span> <span class='ocrx_word' id='word_1_174' title='bbox 436 1836 490 1866; x_wconf 87' lang='lat' dir='ltr'>ac</span> <span class='ocrx_word' id='word_1_175' title='bbox 506 1818 716 1866; x_wconf 90' lang='lat' dir='ltr'>nobilem</span> <span class='ocrx_word' id='word_1_176' title='bbox 741 1818 792 1865; x_wconf 92' lang='lat' dir='ltr'>in</span> <span class='ocrx_word' id='word_1_177' title='bbox 819 1818 1014 1867; x_wconf 82' lang='lat' dir='ltr'>Christo</span> <span class='ocrx_word' id='word_1_178' title='bbox 1038 1822 1087 1867; x_wconf 89' lang='lat' dir='ltr'>et</span> <span class='ocrx_word' id='word_1_179' title='bbox 1112 1818 1319 1878; x_wconf 87' lang='lat' dir='ltr'>ecclesia,</span> <span class='ocrx_word' id='word_1_180' title='bbox 1347 1819 1432 1882; x_wconf 83' lang='lat' dir='ltr'>qui</span> <span class='ocrx_word' id='word_1_181' title='bbox 1456 1819 1517 1867; x_wconf 81' lang='lat' dir='ltr'>ad</span> <span class='ocrx_word' id='word_1_182' title='bbox 1540 1823 1706 1867; x_wconf 86' lang='lat' dir='ltr'>nostra</span> <span class='ocrx_word' id='word_1_183' title='bbox 1728 1836 1880 1883; x_wconf 90' lang='lat' dir='ltr'>usque</span> <span class='ocrx_word' id='word_1_184' title='bbox 1897 1825 2020 1869; x_wconf 88' lang='lat' dir='ltr'>tem-</span> 
     </span>
     <span class='ocr_line' id='line_1_22' title="bbox 269 1900 687 1965; baseline -0.005 -16"><span class='ocrx_word' id='word_1_185' title='bbox 269 1918 387 1965; x_wconf 89' lang='lat' dir='ltr'>pora</span> <span class='ocrx_word' id='word_1_186' title='bbox 409 1900 687 1964; x_wconf 84' lang='lat' dir='ltr'>permansit.</span> 
     </span>
    </p>

    <p class='ocr_par' dir='ltr' id='par_1_4' title="bbox 339 1982 2018 2048">
     <span class='ocr_line' id='line_1_23' title="bbox 339 1982 2018 2048; baseline 0.001 -17"><span class='ocrx_word' id='word_1_187' title='bbox 339 1984 498 2032; x_wconf 81' lang='lat' dir='ltr'>Tanta</span> <span class='ocrx_word' id='word_1_188' title='bbox 538 1989 716 2030; x_wconf 52' lang='lat' dir='ltr'>autem»</span> <span class='ocrx_word' id='word_1_189' title='bbox 750 1999 806 2030; x_wconf 90' lang='lat' dir='ltr'>eo</span> <span class='ocrx_word' id='word_1_190' title='bbox 846 1986 1062 2046; x_wconf 87' lang='lat' dir='ltr'>tempore</span> <span class='ocrx_word' id='word_1_191' title='bbox 1103 1999 1200 2046; x_wconf 83' lang='lat' dir='ltr'>pax</span> <span class='ocrx_word' id='word_1_192' title='bbox 1246 1982 1298 2030; x_wconf 90' lang='lat' dir='ltr'>in</span> <span class='ocrx_word' id='word_1_193' title='bbox 1339 1982 1594 2044; x_wconf 83' lang='lat' dir='ltr'>Brittania,</span> <span class='ocrx_word' id='word_1_194' title='bbox 1634 2001 2018 2048; x_wconf 84' lang='lat' dir='ltr'>quaquaversum</span> 
     </span>
    </p>
   </div>
   <div class='ocr_carea' id='block_1_3' title="bbox 384 2065 2022 2133">
    <p class='ocr_par' dir='ltr' id='par_1_5' title="bbox 384 2065 2022 2133">
     <span class='ocr_line' id='line_1_24' title="bbox 384 2065 2022 2133; baseline 0.003 -22"><span class='ocrx_word' id='word_1_195' title='bbox 384 2097 504 2133; x_wconf 73' lang='lat' dir='ltr'>Peaoe</span> <span class='ocrx_word' id='word_1_196' title='bbox 613 2065 873 2128; x_wconf 90' lang='lat' dir='ltr'>imperium</span> <span class='ocrx_word' id='word_1_197' title='bbox 910 2065 1039 2128; x_wconf 83' lang='lat' dir='ltr'>regis</span> <span class='ocrx_word' id='word_1_198' title='bbox 1085 2065 1291 2114; x_wconf 86' lang='lat' dir='ltr'>AEduini</span> <span class='ocrx_word' id='word_1_199' title='bbox 1331 2069 1627 2129; x_wconf 87' lang='lat' dir='ltr'>pervenerat,</span> <span class='ocrx_word' id='word_1_200' title='bbox 1652 2067 1822 2116; x_wconf 75' lang='lat' dir='ltr'>vfuisse</span> <span class='ocrx_word' id='word_1_201' title='bbox 1861 2068 2022 2131; x_wconf 87' lang='lat' dir='ltr'>perhi-</span> 
     </span>
    </p>
   </div>
   <div class='ocr_carea' id='block_1_4' title="bbox 329 2147 2022 2211">
    <p class='ocr_par' dir='ltr' id='par_1_6' title="bbox 329 2147 2022 2211">
     <span class='ocr_line' id='line_1_25' title="bbox 329 2147 2022 2211; baseline 0.002 -17"><span class='ocrx_word' id='word_1_202' title='bbox 329 2147 564 2189; x_wconf 73' lang='lat' dir='ltr'>throughout</span> <span class='ocrx_word' id='word_1_203' title='bbox 618 2147 774 2207; x_wconf 86' lang='lat' dir='ltr'>betur,</span> <span class='ocrx_word' id='word_1_204' title='bbox 811 2153 882 2206; x_wconf 90' lang='lat' dir='ltr'>ut,</span> <span class='ocrx_word' id='word_1_205' title='bbox 914 2148 1041 2196; x_wconf 88' lang='lat' dir='ltr'>sicut</span> <span class='ocrx_word' id='word_1_206' title='bbox 1075 2164 1229 2211; x_wconf 82' lang='lat' dir='ltr'>usque</span> <span class='ocrx_word' id='word_1_207' title='bbox 1262 2147 1407 2195; x_wconf 88' lang='lat' dir='ltr'>hodie</span> <span class='ocrx_word' id='word_1_208' title='bbox 1441 2147 1494 2195; x_wconf 91' lang='lat' dir='ltr'>in</span> <span class='ocrx_word' id='word_1_209' title='bbox 1534 2149 1792 2211; x_wconf 88' lang='lat' dir='ltr'>proverbio</span> <span class='ocrx_word' id='word_1_210' title='bbox 1826 2150 2022 2209; x_wconf 88' lang='lat' dir='ltr'>dicitur,</span> 
     </span>
    </p>
   </div>
   <div class='ocr_carea' id='block_1_5' title="bbox 334 2196 550 2231">
    <p class='ocr_par' dir='ltr' id='par_1_7' title="bbox 334 2196 550 2231">
     <span class='ocr_line' id='line_1_26' title="bbox 334 2196 550 2231; baseline -0.009 0"><span class='ocrx_word' id='word_1_211' title='bbox 334 2196 485 2231; x_wconf 83' lang='lat' dir='ltr'>Britain</span> <span class='ocrx_word' id='word_1_212' title='bbox 509 2196 550 2230; x_wconf 90' lang='lat' dir='ltr'>in</span> 
     </span>
    </p>
   </div>
   <div class='ocr_carea' id='block_1_6' title="bbox 340 2229 2025 2294">
    <p class='ocr_par' dir='ltr' id='par_1_8' title="bbox 340 2229 2025 2294">
     <span class='ocr_line' id='line_1_27' title="bbox 340 2229 2025 2294; baseline 0.001 -14"><span class='ocrx_word' id='word_1_213' title='bbox 340 2245 552 2280; x_wconf 75' lang='lat' dir='ltr'>Eadwine’s</span> <span class='ocrx_word' id='word_1_214' title='bbox 615 2229 763 2277; x_wconf 88' lang='lat' dir='ltr'>etiam</span> <span class='ocrx_word' id='word_1_215' title='bbox 788 2229 827 2277; x_wconf 90' lang='lat' dir='ltr'>si</span> <span class='ocrx_word' id='word_1_216' title='bbox 851 2229 1028 2278; x_wconf 90' lang='lat' dir='ltr'>mulier</span> <span class='ocrx_word' id='word_1_217' title='bbox 1050 2247 1148 2278; x_wconf 92' lang='lat' dir='ltr'>una</span> <span class='ocrx_word' id='word_1_218' title='bbox 1180 2247 1289 2278; x_wconf 90' lang='lat' dir='ltr'>cum</span> <span class='ocrx_word' id='word_1_219' title='bbox 1320 2246 1484 2278; x_wconf 89' lang='lat' dir='ltr'>recens</span> <span class='ocrx_word' id='word_1_220' title='bbox 1511 2234 1626 2279; x_wconf 87' lang='lat' dir='ltr'>nato</span> <span class='ocrx_word' id='word_1_221' title='bbox 1650 2232 1852 2294; x_wconf 86' lang='lat' dir='ltr'>parvulo</span> <span class='ocrx_word' id='word_1_222' title='bbox 1875 2233 2025 2282; x_wconf 85' lang='lat' dir='ltr'>vellet</span> 
     </span>
    </p>
   </div>
   <div class='ocr_carea' id='block_1_7' title="bbox 392 2294 498 2329">
    <p class='ocr_par' dir='ltr' id='par_1_9' title="bbox 392 2294 498 2329">
     <span class='ocr_line' id='line_1_28' title="bbox 392 2294 498 2329; baseline -0.009 0"><span class='ocrx_word' id='word_1_223' title='bbox 392 2294 498 2329; x_wconf 88' lang='lat' dir='ltr'>time.</span> 
     </span>
    </p>
   </div>
   <div class='ocr_carea' id='block_1_8' title="bbox 275 2468 1130 3234">
    <p class='ocr_par' dir='ltr' id='par_1_10' title="bbox 275 2468 1125 2632">
     <span class='ocr_line' id='line_1_29' title="bbox 330 2468 1125 2522; baseline 0.001 -12"><span class='ocrx_word' id='word_1_224' title='bbox 330 2469 353 2494; x_wconf 77' lang='lat' dir='ltr'><strong>s</strong></span> <span class='ocrx_word' id='word_1_225' title='bbox 371 2469 624 2522; x_wconf 66' lang='lat' dir='ltr'>praefectum]</span> <span class='ocrx_word' id='word_1_226' title='bbox 659 2477 669 2492; x_wconf 90' lang='lat'>‘</span> <span class='ocrx_word' id='word_1_227' title='bbox 683 2468 864 2517; x_wconf 85' lang='lat' dir='ltr'>Gerefa,’</span> <span class='ocrx_word' id='word_1_228' title='bbox 895 2470 936 2510; x_wconf 84' lang='lat' dir='ltr'>S.</span> <span class='ocrx_word' id='word_1_229' title='bbox 949 2471 1002 2510; x_wconf 87' lang='lat' dir='ltr'>V.</span> <span class='ocrx_word' id='word_1_230' title='bbox 1062 2472 1125 2511; x_wconf 86' lang='lat' dir='ltr'>‘A</span> 
     </span>
     <span class='ocr_line' id='line_1_30' title="bbox 277 2525 1117 2577; baseline 0 -11"><span class='ocrx_word' id='word_1_231' title='bbox 277 2525 461 2577; x_wconf 88' lang='lat' dir='ltr'>wealthy</span> <span class='ocrx_word' id='word_1_232' title='bbox 478 2525 601 2571; x_wconf 87' lang='lat' dir='ltr'>man,’</span> <span class='ocrx_word' id='word_1_233' title='bbox 626 2526 667 2566; x_wconf 85' lang='lat' dir='ltr'>S.</span> <span class='ocrx_word' id='word_1_234' title='bbox 688 2525 838 2565; x_wconf 85' lang='lat' dir='ltr'>Chron.</span> <span class='ocrx_word' id='word_1_235' title='bbox 895 2526 1117 2566; x_wconf 83' lang='lat' dir='ltr'>Blaecca==</span> 
     </span>
     <span class='ocr_line' id='line_1_31' title="bbox 275 2580 794 2632; baseline 0 -12"><span class='ocrx_word' id='word_1_236' title='bbox 275 2580 413 2628; x_wconf 88' lang='lat' dir='ltr'>black,</span> <span class='ocrx_word' id='word_1_237' title='bbox 436 2580 542 2632; x_wconf 83' lang='lat' dir='ltr'>pale,</span> <span class='ocrx_word' id='word_1_238' title='bbox 561 2580 794 2620; x_wconf 75' lang='lat' dir='ltr'>colom-less.</span> 
     </span>
    </p>

    <p class='ocr_par' dir='ltr' id='par_1_11' title="bbox 275 2633 1124 2851">
     <span class='ocr_line' id='line_1_32' title="bbox 330 2633 1124 2688; baseline 0.001 -14"><span class='ocrx_word' id='word_1_239' title='bbox 330 2633 346 2656; x_wconf 83' lang='lat'>²</span> <span class='ocrx_word' id='word_1_240' title='bbox 374 2634 656 2675; x_wconf 74' lang='lat' dir='ltr'>Lindoooli‘nae</span> <span class='ocrx_word' id='word_1_241' title='bbox 686 2635 883 2688; x_wconf 62' lang='lat' dir='ltr'>civitatds]</span> <span class='ocrx_word' id='word_1_242' title='bbox 914 2635 1003 2675; x_wconf 85' lang='lat' dir='ltr'>The</span> <span class='ocrx_word' id='word_1_243' title='bbox 1032 2635 1124 2675; x_wconf 80' lang='lat' dir='ltr'>Bri-</span> 
     </span>
     <span class='ocr_line' id='line_1_33' title="bbox 275 2690 1124 2736; baseline 0 -6"><span class='ocrx_word' id='word_1_244' title='bbox 275 2690 361 2730; x_wconf 89' lang='lat' dir='ltr'>tish</span> <span class='ocrx_word' id='word_1_245' title='bbox 409 2690 514 2729; x_wconf 81' lang='lat' dir='ltr'>Gaer</span> <span class='ocrx_word' id='word_1_246' title='bbox 560 2690 791 2736; x_wconf 66' lang='lat' dir='ltr'>Luit-eoed,</span> <span class='ocrx_word' id='word_1_247' title='bbox 837 2690 909 2729; x_wconf 87' lang='lat' dir='ltr'>the</span> <span class='ocrx_word' id='word_1_248' title='bbox 959 2691 1124 2730; x_wconf 71' lang='lat' dir='ltr'>Roman</span> 
     </span>
     <span class='ocr_line' id='line_1_34' title="bbox 276 2744 1122 2798; baseline 0.001 -14"><span class='ocrx_word' id='word_1_249' title='bbox 276 2745 486 2785; x_wconf 87' lang='lat' dir='ltr'>Lindum:</span> <span class='ocrx_word' id='word_1_250' title='bbox 556 2744 662 2784; x_wconf 89' lang='lat' dir='ltr'>from</span> <span class='ocrx_word' id='word_1_251' title='bbox 717 2745 852 2784; x_wconf 84' lang='lat' dir='ltr'>which</span> <span class='ocrx_word' id='word_1_252' title='bbox 911 2745 1122 2798; x_wconf 80' lang='lat' dir='ltr'>evidently</span> 
     </span>
     <span class='ocr_line' id='line_1_35' title="bbox 275 2800 472 2851; baseline -0.01 -11"><span class='ocrx_word' id='word_1_253' title='bbox 275 2800 472 2851; x_wconf 86' lang='lat' dir='ltr'>Lindsey.</span> 
     </span>
    </p>

    <p class='ocr_par' dir='ltr' id='par_1_12' title="bbox 276 2853 1130 3234">
     <span class='ocr_line' id='line_1_36' title="bbox 307 2853 1124 2906; baseline 0.005 -16"><span class='ocrx_word' id='word_1_254' title='bbox 307 2885 317 2890; x_wconf 87' lang='lat'>.</span> <span class='ocrx_word' id='word_1_255' title='bbox 331 2854 348 2878; x_wconf 73' lang='grc'><strong>3</strong></span> <span class='ocrx_word' id='word_1_256' title='bbox 375 2853 627 2906; x_wconf 77' lang='lat' dir='ltr'>Peartaneu]</span> <span class='ocrx_word' id='word_1_257' title='bbox 651 2854 874 2905; x_wconf 68' lang='lat' dir='ltr'>Partem-y,</span> <span class='ocrx_word' id='word_1_258' title='bbox 886 2854 1024 2894; x_wconf 87' lang='lat' dir='ltr'>where</span> <span class='ocrx_word' id='word_1_259' title='bbox 1038 2868 1124 2894; x_wconf 77' lang='lat' dir='ltr'>was</span> 
     </span>
     <span class='ocr_line' id='line_1_37' title="bbox 276 2908 1130 2962; baseline 0 -12"><span class='ocrx_word' id='word_1_260' title='bbox 276 2923 303 2950; x_wconf 83' lang='lat' dir='ltr'>a</span> <span class='ocrx_word' id='word_1_261' title='bbox 341 2909 420 2949; x_wconf 88' lang='lat' dir='ltr'>cell</span> <span class='ocrx_word' id='word_1_262' title='bbox 454 2908 677 2960; x_wconf 86' lang='lat' dir='ltr'>belonging</span> <span class='ocrx_word' id='word_1_263' title='bbox 713 2912 756 2948; x_wconf 83' lang='lat' dir='ltr'>to</span> <span class='ocrx_word' id='word_1_264' title='bbox 793 2908 865 2948; x_wconf 90' lang='lat' dir='ltr'>the</span> <span class='ocrx_word' id='word_1_265' title='bbox 911 2910 1045 2962; x_wconf 86' lang='lat' dir='ltr'>abbey</span> <span class='ocrx_word' id='word_1_266' title='bbox 1081 2910 1130 2950; x_wconf 92' lang='lat' dir='ltr'>of</span> 
     </span>
     <span class='ocr_line' id='line_1_38' title="bbox 278 2963 1125 3015; baseline 0 -11"><span class='ocrx_word' id='word_1_267' title='bbox 278 2964 484 3015; x_wconf 83' lang='lat' dir='ltr'>Bardney.</span> <span class='ocrx_word' id='word_1_268' title='bbox 541 2963 726 3002; x_wconf 86' lang='lat' dir='ltr'>Oamden</span> <span class='ocrx_word' id='word_1_269' title='bbox 759 2963 837 3002; x_wconf 74' lang='lat' dir='ltr'>has</span> <span class='ocrx_word' id='word_1_270' title='bbox 869 2964 1125 3004; x_wconf 85' lang='lat' dir='ltr'>confou-nded</span> 
     </span>
     <span class='ocr_line' id='line_1_39' title="bbox 279 3018 1126 3072; baseline 0 -14"><span class='ocrx_word' id='word_1_271' title='bbox 279 3019 396 3058; x_wconf 85' lang='lat' dir='ltr'>these</span> <span class='ocrx_word' id='word_1_272' title='bbox 415 3023 499 3058; x_wconf 89' lang='lat' dir='ltr'>two</span> <span class='ocrx_word' id='word_1_273' title='bbox 516 3031 659 3057; x_wconf 86' lang='lat' dir='ltr'>names</span> <span class='ocrx_word' id='word_1_274' title='bbox 685 3018 886 3070; x_wconf 85' lang='lat' dir='ltr'>together,</span> <span class='ocrx_word' id='word_1_275' title='bbox 904 3019 1051 3058; x_wconf 83' lang='lat' dir='ltr'>misled</span> <span class='ocrx_word' id='word_1_276' title='bbox 1069 3019 1126 3072; x_wconf 84' lang='lat' dir='ltr'>by</span> 
     </span>
     <span class='ocr_line' id='line_1_40' title="bbox 279 3072 1125 3124; baseline 0.001 -12"><span class='ocrx_word' id='word_1_277' title='bbox 279 3074 392 3113; x_wconf 87' lang='lat' dir='ltr'>their</span> <span class='ocrx_word' id='word_1_278' title='bbox 416 3073 657 3124; x_wconf 77' lang='lat' dir='ltr'>similarity3</span> <span class='ocrx_word' id='word_1_279' title='bbox 687 3072 764 3112; x_wconf 87' lang='lat' dir='ltr'>but</span> <span class='ocrx_word' id='word_1_280' title='bbox 793 3072 888 3112; x_wconf 84' lang='lat' dir='ltr'>that</span> <span class='ocrx_word' id='word_1_281' title='bbox 914 3073 950 3112; x_wconf 91' lang='lat' dir='ltr'>it</span> <span class='ocrx_word' id='word_1_282' title='bbox 970 3086 1051 3112; x_wconf 83' lang='lat' dir='ltr'>was</span> <span class='ocrx_word' id='word_1_283' title='bbox 1079 3087 1125 3113; x_wconf 78' lang='lat' dir='ltr'>as</span> 
     </span>
     <span class='ocr_line' id='line_1_41' title="bbox 279 3127 1125 3180; baseline -0.002 -12"><span class='ocrx_word' id='word_1_284' title='bbox 279 3128 416 3168; x_wconf 85' lang='lat' dir='ltr'>stated</span> <span class='ocrx_word' id='word_1_285' title='bbox 454 3128 490 3167; x_wconf 89' lang='lat' dir='ltr'>is</span> <span class='ocrx_word' id='word_1_286' title='bbox 527 3127 680 3179; x_wconf 89' lang='lat' dir='ltr'>proved</span> <span class='ocrx_word' id='word_1_287' title='bbox 716 3128 774 3179; x_wconf 90' lang='lat' dir='ltr'>by</span> <span class='ocrx_word' id='word_1_288' title='bbox 803 3127 876 3166; x_wconf 88' lang='lat' dir='ltr'>the</span> <span class='ocrx_word' id='word_1_289' title='bbox 913 3127 1125 3180; x_wconf 87' lang='lat' dir='ltr'>following</span> 
     </span>
     <span class='ocr_line' id='line_1_42' title="bbox 279 3182 1125 3234; baseline 0 -12"><span class='ocrx_word' id='word_1_290' title='bbox 279 3186 441 3223; x_wconf 86' lang='lat' dir='ltr'>extract</span> <span class='ocrx_word' id='word_1_291' title='bbox 470 3183 577 3222; x_wconf 81' lang='lat' dir='ltr'>from</span> <span class='ocrx_word' id='word_1_292' title='bbox 612 3182 685 3223; x_wconf 87' lang='lat' dir='ltr'>the</span> <span class='ocrx_word' id='word_1_293' title='bbox 720 3182 814 3224; x_wconf 87' lang='lat' dir='ltr'>MS.</span> <span class='ocrx_word' id='word_1_294' title='bbox 849 3182 1046 3234; x_wconf 83' lang='lat' dir='ltr'>Register</span> <span class='ocrx_word' id='word_1_295' title='bbox 1083 3184 1125 3222; x_wconf 87' lang='lat' dir='ltr'>of</span> 
     </span>
    </p>
   </div>
   <div class='ocr_carea' id='block_1_9' title="bbox 614 2311 2023 2375">
    <p class='ocr_par' dir='ltr' id='par_1_13' title="bbox 614 2311 2023 2375">
     <span class='ocr_line' id='line_1_43' title="bbox 614 2311 2023 2375; baseline 0.003 -16"><span class='ocrx_word' id='word_1_296' title='bbox 614 2317 769 2360; x_wconf 85' lang='lat' dir='ltr'>totam</span> <span class='ocrx_word' id='word_1_297' title='bbox 796 2312 1133 2375; x_wconf 85' lang='lat' dir='ltr'>perambulare</span> <span class='ocrx_word' id='word_1_298' title='bbox 1169 2311 1377 2360; x_wconf 83' lang='lat' dir='ltr'>insulam</span> <span class='ocrx_word' id='word_1_299' title='bbox 1412 2330 1442 2360; x_wconf 88' lang='lat' dir='ltr'>a</span> <span class='ocrx_word' id='word_1_300' title='bbox 1467 2313 1591 2361; x_wconf 87' lang='lat' dir='ltr'>mari</span> <span class='ocrx_word' id='word_1_301' title='bbox 1624 2314 1687 2361; x_wconf 84' lang='lat' dir='ltr'>ad</span> <span class='ocrx_word' id='word_1_302' title='bbox 1715 2331 1861 2374; x_wconf 88' lang='lat' dir='ltr'>mare,</span> <span class='ocrx_word' id='word_1_303' title='bbox 1887 2315 2023 2364; x_wconf 90' lang='lat' dir='ltr'>nullo</span> 
     </span>
    </p>
   </div>
   <div class='ocr_carea' id='block_1_10' title="bbox 1177 2471 2034 3237">
    <p class='ocr_par' dir='ltr' id='par_1_14' title="bbox 1177 2471 2026 2744">
     <span class='ocr_line' id='line_1_44' title="bbox 1181 2471 2025 2524; baseline 0.001 -13"><span class='ocrx_word' id='word_1_304' title='bbox 1181 2471 1413 2524; x_wconf 83' lang='lat' dir='ltr'>Croyland:</span> <span class='ocrx_word' id='word_1_305' title='bbox 1453 2477 1465 2495; x_wconf 80' lang='lat'>⁶</span> <span class='ocrx_word' id='word_1_306' title='bbox 1480 2501 1491 2510; x_wconf 89' lang='lat'><strong>.</strong></span> <span class='ocrx_word' id='word_1_307' title='bbox 1512 2502 1522 2512; x_wconf 91' lang='lat'>.</span> <span class='ocrx_word' id='word_1_308' title='bbox 1545 2504 1554 2513; x_wconf 92' lang='lat'><strong>.</strong></span> <span class='ocrx_word' id='word_1_309' title='bbox 1573 2472 1678 2512; x_wconf 84' lang='lat' dir='ltr'>duas</span> <span class='ocrx_word' id='word_1_310' title='bbox 1705 2472 1799 2512; x_wconf 82' lang='lat' dir='ltr'>illas</span> <span class='ocrx_word' id='word_1_311' title='bbox 1825 2472 1949 2512; x_wconf 82' lang='lat' dir='ltr'>cellas</span> <span class='ocrx_word' id='word_1_312' title='bbox 1973 2472 2025 2512; x_wconf 88' lang='lat' dir='ltr'>de</span> 
     </span>
     <span class='ocr_line' id='line_1_45' title="bbox 1180 2527 2025 2579; baseline 0 -13"><span class='ocrx_word' id='word_1_313' title='bbox 1180 2527 1394 2579; x_wconf 85' lang='lat' dir='ltr'>Partenay</span> <span class='ocrx_word' id='word_1_314' title='bbox 1413 2530 1456 2566; x_wconf 84' lang='lat' dir='ltr'>et</span> <span class='ocrx_word' id='word_1_315' title='bbox 1474 2527 1527 2566; x_wconf 89' lang='lat' dir='ltr'>de</span> <span class='ocrx_word' id='word_1_316' title='bbox 1545 2527 1781 2579; x_wconf 85' lang='lat' dir='ltr'>Skendelby</span> <span class='ocrx_word' id='word_1_317' title='bbox 1795 2527 1848 2567; x_wconf 85' lang='lat' dir='ltr'>ad</span> <span class='ocrx_word' id='word_1_318' title='bbox 1867 2528 2025 2567; x_wconf 88' lang='lat' dir='ltr'>dictum</span> 
     </span>
     <span class='ocr_line' id='line_1_46' title="bbox 1178 2581 2025 2635; baseline 0.001 -14"><span class='ocrx_word' id='word_1_319' title='bbox 1178 2582 1476 2621; x_wconf 79' lang='lat' dir='ltr'>monasterium</span> <span class='ocrx_word' id='word_1_320' title='bbox 1515 2581 1587 2634; x_wconf 90' lang='lat' dir='ltr'>[de</span> <span class='ocrx_word' id='word_1_321' title='bbox 1623 2582 1860 2635; x_wconf 84' lang='lat' dir='ltr'>Bardeney]</span> <span class='ocrx_word' id='word_1_322' title='bbox 1900 2582 2025 2634; x_wconf 82' lang='lat' dir='ltr'>perti-</span> 
     </span>
     <span class='ocr_line' id='line_1_47' title="bbox 1178 2636 2026 2689; baseline 0.001 -14"><span class='ocrx_word' id='word_1_323' title='bbox 1178 2636 1350 2677; x_wconf 86' lang='lat' dir='ltr'>nentes.’</span> <span class='ocrx_word' id='word_1_324' title='bbox 1407 2637 1591 2677; x_wconf 82' lang='lat' dir='ltr'>Monast.</span> <span class='ocrx_word' id='word_1_325' title='bbox 1613 2637 1742 2689; x_wconf 87' lang='lat' dir='ltr'>Angl.</span> <span class='ocrx_word' id='word_1_326' title='bbox 1757 2637 1786 2676; x_wconf 89' lang='lat' dir='ltr'>i.</span> <span class='ocrx_word' id='word_1_327' title='bbox 1802 2638 1896 2688; x_wconf 80' lang='lat'><strong>634.</strong></span> <span class='ocrx_word' id='word_1_328' title='bbox 1942 2638 2026 2676; x_wconf 81' lang='lat' dir='ltr'>For</span> 
     </span>
     <span class='ocr_line' id='line_1_48' title="bbox 1177 2690 1940 2744; baseline 0 -14"><span class='ocrx_word' id='word_1_329' title='bbox 1177 2691 1372 2743; x_wconf 86' lang='lat' dir='ltr'>Bardney</span> <span class='ocrx_word' id='word_1_330' title='bbox 1391 2692 1539 2744; x_wconf 86' lang='lat' dir='ltr'>abbey,</span> <span class='ocrx_word' id='word_1_331' title='bbox 1559 2705 1626 2731; x_wconf 87' lang='lat' dir='ltr'>see</span> <span class='ocrx_word' id='word_1_332' title='bbox 1643 2692 1762 2737; x_wconf 75' lang='lat' dir='ltr'>infra,</span> <span class='ocrx_word' id='word_1_333' title='bbox 1782 2705 1821 2743; x_wconf 90' lang='lat' dir='ltr'>p.</span> <span class='ocrx_word' id='word_1_334' title='bbox 1850 2690 1940 2731; x_wconf 88' lang='lat'>160.</span> 
     </span>
    </p>

    <p class='ocr_par' dir='ltr' id='par_1_15' title="bbox 1177 2745 2034 3237">
     <span class='ocr_line' id='line_1_49' title="bbox 1228 2745 2028 2798; baseline 0.001 -12"><span class='ocrx_word' id='word_1_335' title='bbox 1228 2745 1246 2768; x_wconf 62' lang='lat'>⁵</span> <span class='ocrx_word' id='word_1_336' title='bbox 1277 2746 1685 2798; x_wconf 75' lang='lat' dir='ltr'>Tiovulfinqacaestir]</span> <span class='ocrx_word' id='word_1_337' title='bbox 1727 2745 2028 2788; x_wconf 86' lang='lat' dir='ltr'>Unidentified.</span> 
     </span>
     <span class='ocr_line' id='line_1_50' title="bbox 1178 2800 2026 2853; baseline 0.001 -14"><span class='ocrx_word' id='word_1_338' title='bbox 1178 2800 1267 2840; x_wconf 86' lang='lat' dir='ltr'>The</span> <span class='ocrx_word' id='word_1_339' title='bbox 1305 2814 1427 2840; x_wconf 79' lang='lat' dir='ltr'>name</span> <span class='ocrx_word' id='word_1_340' title='bbox 1463 2814 1605 2841; x_wconf 79' lang='lat' dir='ltr'>means</span> <span class='ocrx_word' id='word_1_341' title='bbox 1642 2801 1716 2841; x_wconf 89' lang='lat' dir='ltr'>the</span> <span class='ocrx_word' id='word_1_342' title='bbox 1752 2802 1839 2853; x_wconf 88' lang='lat' dir='ltr'>city</span> <span class='ocrx_word' id='word_1_343' title='bbox 1877 2801 1922 2840; x_wconf 86' lang='lat' dir='ltr'>of</span> <span class='ocrx_word' id='word_1_344' title='bbox 1953 2801 2026 2840; x_wconf 85' lang='lat' dir='ltr'>the</span> 
     </span>
     <span class='ocr_line' id='line_1_51' title="bbox 1177 2856 2026 2908; baseline -0.001 -13"><span class='ocrx_word' id='word_1_345' title='bbox 1177 2856 1444 2908; x_wconf 82' lang='lat' dir='ltr'>Tiovulfings,</span> <span class='ocrx_word' id='word_1_346' title='bbox 1491 2869 1539 2895; x_wconf 89' lang='lat' dir='ltr'>or</span> <span class='ocrx_word' id='word_1_347' title='bbox 1593 2869 1688 2895; x_wconf 79' lang='lat' dir='ltr'>sons</span> <span class='ocrx_word' id='word_1_348' title='bbox 1742 2856 1789 2895; x_wconf 82' lang='lat' dir='ltr'>of</span> <span class='ocrx_word' id='word_1_349' title='bbox 1828 2856 2003 2895; x_wconf 84' lang='lat' dir='ltr'>Tiovulf</span> <span class='ocrx_word' id='word_1_350' title='bbox 2012 2869 2026 2903; x_wconf 74' lang='grc' dir='ltr'><strong><em>ς</em></strong></span> 
     </span>
     <span class='ocr_line' id='line_1_52' title="bbox 1177 2910 2026 2963; baseline 0 -14"><span class='ocrx_word' id='word_1_351' title='bbox 1177 2910 1259 2950; x_wconf 80' lang='lat' dir='ltr'>and</span> <span class='ocrx_word' id='word_1_352' title='bbox 1276 2911 1491 2950; x_wconf 72' lang='lat' dir='ltr'>Tiovulfis</span> <span class='ocrx_word' id='word_1_353' title='bbox 1510 2911 1751 2963; x_wconf 86' lang='lat' dir='ltr'>equivalent</span> <span class='ocrx_word' id='word_1_354' title='bbox 1769 2915 1813 2949; x_wconf 89' lang='lat' dir='ltr'>to</span> <span class='ocrx_word' id='word_1_355' title='bbox 1832 2911 1938 2956; x_wconf 83' lang='lat' dir='ltr'>T1w‚</span> <span class='ocrx_word' id='word_1_356' title='bbox 1952 2910 2026 2949; x_wconf 89' lang='lat' dir='ltr'>the</span> 
     </span>
     <span class='ocr_line' id='line_1_53' title="bbox 1181 2965 2026 3017; baseline 0.001 -13"><span class='ocrx_word' id='word_1_357' title='bbox 1181 2965 1315 3005; x_wconf 83' lang='lat' dir='ltr'>Saxon</span> <span class='ocrx_word' id='word_1_358' title='bbox 1330 2966 1459 3015; x_wconf 82' lang='lat' dir='ltr'>Mars,</span> <span class='ocrx_word' id='word_1_359' title='bbox 1472 2965 1560 3017; x_wconf 83' lang='lat' dir='ltr'>just</span> <span class='ocrx_word' id='word_1_360' title='bbox 1580 2979 1626 3005; x_wconf 80' lang='lat' dir='ltr'>as</span> <span class='ocrx_word' id='word_1_361' title='bbox 1640 2965 1831 3005; x_wconf 85' lang='lat' dir='ltr'>Be6wu1f</span> <span class='ocrx_word' id='word_1_362' title='bbox 1842 2983 1876 2997; x_wconf 92' lang='lat'>=</span> <span class='ocrx_word' id='word_1_363' title='bbox 1886 2965 2026 3005; x_wconf 87' lang='lat' dir='ltr'>Be6w.</span> 
     </span>
     <span class='ocr_line' id='line_1_54' title="bbox 1180 3018 2025 3071; baseline 0 -12"><span class='ocrx_word' id='word_1_364' title='bbox 1180 3019 1373 3066; x_wconf 89' lang='lat' dir='ltr'>Kemble,</span> <span class='ocrx_word' id='word_1_365' title='bbox 1402 3020 1431 3059; x_wconf 92' lang='lat' dir='ltr'>i.</span> <span class='ocrx_word' id='word_1_366' title='bbox 1458 3018 1554 3071; x_wconf 86' lang='lat'>416.</span> <span class='ocrx_word' id='word_1_367' title='bbox 1610 3020 1673 3060; x_wconf 85' lang='lat' dir='ltr'>Cf.</span> <span class='ocrx_word' id='word_1_368' title='bbox 1701 3020 1774 3059; x_wconf 89' lang='lat' dir='ltr'>the</span> <span class='ocrx_word' id='word_1_369' title='bbox 1802 3020 2025 3071; x_wconf 77' lang='lat' dir='ltr'>Tiwingas,</span> 
     </span>
     <span class='ocr_line' id='line_1_55' title="bbox 1179 3073 2028 3126; baseline 0 -14"><span class='ocrx_word' id='word_1_370' title='bbox 1179 3074 1237 3113; x_wconf 92' lang='lat' dir='ltr'>ib.</span> <span class='ocrx_word' id='word_1_371' title='bbox 1265 3088 1307 3126; x_wconf 87' lang='lat' dir='ltr'>p.</span> <span class='ocrx_word' id='word_1_372' title='bbox 1337 3085 1430 3126; x_wconf 82' lang='lat'><strong>351.</strong></span> <span class='ocrx_word' id='word_1_373' title='bbox 1484 3076 1549 3114; x_wconf 79' lang='lat' dir='ltr'>As</span> <span class='ocrx_word' id='word_1_374' title='bbox 1580 3075 1820 3126; x_wconf 81' lang='lat' dir='ltr'>Tiw=Tyr,</span> <span class='ocrx_word' id='word_1_375' title='bbox 1848 3073 2028 3126; x_wconf 81' lang='lat' dir='ltr'>perhaps</span> 
     </span>
     <span class='ocr_line' id='line_1_56' title="bbox 1178 3128 2034 3182; baseline 0 -15"><span class='ocrx_word' id='word_1_376' title='bbox 1178 3129 1213 3167; x_wconf 90' lang='lat' dir='ltr'>it</span> <span class='ocrx_word' id='word_1_377' title='bbox 1232 3129 1266 3168; x_wconf 81' lang='lat' dir='ltr'>is</span> <span class='ocrx_word' id='word_1_378' title='bbox 1286 3143 1378 3169; x_wconf 92' lang='lat' dir='ltr'>now</span> <span class='ocrx_word' id='word_1_379' title='bbox 1397 3129 1595 3182; x_wconf 83' lang='lat' dir='ltr'>Torksey,</span> <span class='ocrx_word' id='word_1_380' title='bbox 1615 3133 1660 3169; x_wconf 85' lang='lat' dir='ltr'>at</span> <span class='ocrx_word' id='word_1_381' title='bbox 1680 3129 1752 3168; x_wconf 90' lang='lat' dir='ltr'>the</span> <span class='ocrx_word' id='word_1_382' title='bbox 1775 3129 1966 3181; x_wconf 87' lang='lat' dir='ltr'>junction</span> <span class='ocrx_word' id='word_1_383' title='bbox 1984 3128 2034 3168; x_wconf 86' lang='lat' dir='ltr'>of</span> 
     </span>
     <span class='ocr_line' id='line_1_57' title="bbox 1179 3183 1778 3237; baseline 0 -14"><span class='ocrx_word' id='word_1_384' title='bbox 1179 3183 1251 3223; x_wconf 90' lang='lat' dir='ltr'>the</span> <span class='ocrx_word' id='word_1_385' title='bbox 1271 3184 1374 3224; x_wconf 82' lang='lat' dir='ltr'>Foss</span> <span class='ocrx_word' id='word_1_386' title='bbox 1393 3184 1517 3237; x_wconf 90' lang='lat' dir='ltr'>Dyke</span> <span class='ocrx_word' id='word_1_387' title='bbox 1535 3184 1619 3224; x_wconf 84' lang='lat' dir='ltr'>and</span> <span class='ocrx_word' id='word_1_388' title='bbox 1637 3184 1778 3224; x_wconf 83' lang='lat' dir='ltr'>Trent.</span> 
     </span>
    </p>
   </div>
  </div>
 </body>
</html>
