2216 3554
747 142 1060 205 Ecyberccum
1094 139 1389 211 Anti-scitam.
1838 142 1933 187 399

187 274 344 324 cordis
374 275 602 339 synodica
634 273 924 324 auctoritate
959 273 1328 333 transferantur,
1366 278 1512 337 atque
1546 271 1600 319 in
1635 271 1936 336 adjutorium

184 359 313 408 sedis
338 359 621 423 episcopalis
644 376 751 423 quae
779 374 936 422 nuper
959 357 1172 405 ordinari
1196 357 1369 405 debeat
1393 359 1712 405 assumantur.
1949 420 1951 422 η

258 444 303 491 6.
339 442 409 491 Et
444 442 556 507 quia
590 440 868 506 hujusmodi
913 439 1122 488 maxima
1157 444 1205 487 et
1252 438 1464 502 plurima
1504 444 1620 487 sunt
1656 438 1776 497 loca,
1815 455 1936 502 quae,

186 529 244 573 ut
267 525 410 589 vulgo
429 524 526 573 dici
550 524 685 584 solet,
710 539 866 587 neque
890 523 994 570 Deo
1019 538 1175 585 neque
1197 520 1477 569 hominibus
1500 521 1644 569 utilia
1667 526 1795 580 sunt,
1822 518 1939 584 quia

187 606 411 656 videlicet
441 623 596 670 neque
628 605 863 670 regularis
896 605 1163 654 secundum
1187 604 1349 652 Deum
1373 603 1552 651 ibidem
1577 603 1681 651 vita
1704 607 1939 663 servatur,

187 706 343 753 neque
388 689 475 738 illa
521 688 699 737 milites
754 687 855 737 sive
913 686 1113 736 comites
1158 686 1450 735 secularium
1508 689 1806 749 potestatum
1853 685 1941 750 qui

185 777 379 833 gentem
419 774 632 820 nostram
677 787 706 818 a
750 770 968 819 barbaris
1008 768 1266 817 defendant
1311 767 1595 832 possident:
1652 768 1694 815 si
1737 768 1846 832 quis
1886 770 1940 817 in

188 853 367 902 eisdem
395 853 514 918 ipsis
540 852 659 902 locis
690 870 778 916 pro
810 852 1094 901 necessitate
1126 855 1404 915 temporum
1441 850 1604 899 sedem
1639 850 1942 914 episcopatus

187 937 466 997 constituat,
513 953 610 984 non
658 935 852 999 culpam
906 933 1321 998 praevaricationis
1375 933 1638 993 incurrere,
1687 933 1772 982 sed
1819 951 1941 998 opus

188 1019 387 1067 virtutis
421 1018 575 1081 magis
610 1035 751 1082 agere
786 1017 1088 1081 probabitur.
1159 1016 1414 1078 Quomodo
1443 1015 1572 1064 enim
1606 1015 1659 1064 in
1690 1021 1944 1079 peccatum

188 1100 406 1165 reputari
451 1105 627 1165 potest,
670 1100 711 1149 si
757 1100 938 1163 injusta
975 1099 1251 1164 principum
1285 1099 1472 1163 judicia
1508 1104 1641 1147 recto
1689 1100 1945 1147 meliorum

187 1183 465 1248 principum
506 1182 724 1232 examine
765 1182 1099 1247 corrigantur:
1149 1199 1203 1231 ac
1243 1182 1452 1231 mendax
1493 1182 1635 1232 stilus
1676 1182 1947 1232 scribarum

188 1267 470 1330 iniquorum
506 1266 715 1314 discreta
750 1265 1068 1329 prudentium
1109 1266 1412 1315 sacerdotum
1454 1264 1694 1314 sententia
1728 1265 1947 1314 deleatur

189 1368 244 1398 ac
278 1350 525 1413 redigatur
560 1349 613 1396 in
647 1348 874 1409 nihilum,
905 1351 1048 1412 juxta
1083 1349 1359 1412 exemplum
1395 1366 1541 1397 sacrae
1576 1348 1807 1410 historiae,
1837 1366 1946 1413 quae

188 1435 408 1495 tempora
436 1448 607 1495 regum
630 1431 668 1481 J
670 1432 776 1481 udae
806 1448 835 1480 a
867 1431 1031 1480 David
1063 1436 1113 1481 et
1147 1431 1402 1481 Salomone
1431 1449 1584 1496 usque
1620 1433 1684 1480 ad
1714 1432 1948 1481 ultimum

190 1514 476 1562 Zedechiam
511 1514 799 1574 describens,
837 1515 1097 1563 nonnullos
1133 1514 1330 1579 quidem
1365 1514 1418 1562 in
1453 1515 1524 1564 eis
1563 1515 1828 1578 religiosos,
1864 1514 1950 1564 sed

188 1598 352 1661 plures
375 1597 604 1660 reprobos
630 1597 848 1647 extitisse
872 1597 1107 1662 designat,
1134 1597 1414 1661 vicibusque
1444 1597 1797 1646 alternantibus
1820 1614 1949 1646 nunc

189 1680 366 1744 impios
402 1680 640 1728 bonorum
676 1680 763 1744 qui
798 1686 910 1728 ante
953 1697 1003 1729 se
1037 1681 1233 1729 fuerant
1280 1680 1407 1729 facta
1448 1680 1723 1744 reprobare,
1759 1697 1888 1729 nunc
1924 1698 1950 1729 e

191 1762 432 1811 contrario
476 1763 637 1825 justos
683 1761 947 1827 impiorum
986 1763 1071 1826 qui
1111 1779 1162 1812 se
1202 1766 1548 1827 praecesserant
1586 1767 1723 1826 gesta
1763 1763 1947 1824 nociva,

190 1849 340 1910 prout
359 1847 548 1908 justum
574 1848 691 1905 erat,
714 1847 916 1908 juvante
941 1863 991 1895 se
1019 1846 1115 1894 Dei
1144 1846 1335 1910 spiritu,
1359 1863 1447 1910 per
1469 1846 1732 1909 prophetas
1758 1850 1950 1895 sanctos

192 1946 246 1977 ac
301 1929 572 1978 sacerdotes
631 1929 764 1976 omni
811 1928 1044 1977 instantia
1101 1929 1363 1977 correxisse
1387 1946 1399 1987 3
1453 1929 1598 1992 juxta
1643 1929 1768 1977 illud
1822 1930 1953 1978 beati

192 2010 353 2060 Esaiae
409 2011 741 2075 praecipientis
797 2017 944 2075 atque
998 2012 1203 2060 dicentis
1217 2013 1248 2072 ¹,
1307 2017 1318 2038 ‘
1334 2011 1560 2061 Dissolve
1619 2012 1952 2076 colligationes

194 2094 521 2143 violentarum
568 2095 1021 2144 commutationum.
1110 2094 1321 2143 Dimitte
1368 2095 1636 2144 confractos
1682 2095 1736 2142 in
1781 2095 1952 2143 remis—

195 2178 396 2236 sionem,
439 2181 489 2224 et
530 2193 722 2224 omnem
764 2177 1171 2242 conscriptionem
1212 2178 1434 2242 iniquam
1475 2177 1752 2241 disrumpe.'
1843 2177 1954 2238 Quo

195 2260 429 2323 exemplo,
471 2262 607 2307 tuam
648 2276 840 2323 quoque
882 2259 1190 2309 sanctitatem
1231 2261 1369 2309 decet
1410 2278 1520 2309 cum
1558 2260 1785 2323 religioso
1824 2277 1952 2324 rege,

196 2348 374 2391 nostrae
401 2341 559 2406 gentis
593 2340 876 2405 irreligiosa,
902 2348 952 2391 et
983 2342 1151 2406 iniqua
1181 2343 1399 2406 priorum
1430 2349 1567 2406 gesta
1600 2346 1746 2407 atque
1775 2343 1956 2407 scripta

198 2425 478 2485 convellere,
511 2427 561 2472 et
596 2441 652 2472 ea
682 2441 789 2488 quae
825 2425 1087 2490 provinciae
1124 2429 1317 2487 nostrae,
1343 2426 1444 2475 sive
1479 2427 1744 2476 secundum
1776 2426 1956 2488 Deum,

197 2508 299 2558 sive
332 2508 594 2557 secundum
623 2509 837 2557 seculum
869 2508 966 2557 sint
995 2508 1154 2569 utilia,
1182 2508 1485 2573 prospicere:
1525 2526 1586 2558 ne
1619 2509 1798 2559 nostris
1831 2515 1957 2558 tem-

198 2592 401 2656 poribus
434 2591 512 2641 vel
543 2590 777 2655 religione
814 2596 1041 2652 cessante,
1065 2609 1201 2640 amor
1224 2593 1469 2657 timorque
1497 2592 1677 2642 interni
1708 2594 1959 2642 deseratur

199 2674 500 2738 inspectoris,
537 2674 615 2723 vel
661 2678 931 2723 rarescente
978 2674 1116 2738 copia
1162 2675 1351 2724 militiae
1398 2676 1641 2735 secularis,
1677 2677 1838 2725 absint
1874 2677 1959 2739 qui

200 2757 321 2807 fines
344 2763 536 2806 nostros
559 2774 588 2805 a
611 2757 862 2806 barbarica
885 2758 1158 2806 incursione
1181 2762 1424 2808 tueantur.
1496 2759 1640 2820 Quod
1664 2760 1792 2808 enim
1816 2766 1959 2822 turpe

202 2844 277 2888 est
299 2840 470 2900 dicere,
497 2844 573 2888 tot
597 2840 686 2888 sub
711 2840 906 2888 nomine
930 2841 1335 2890 monasteriorum
1358 2842 1463 2890 loca
1485 2842 1536 2890 hi
1561 2842 1648 2907 qui
1679 2841 1959 2890 monasticae

202 2921 318 2971 vitae
348 2939 546 2986 prorsus
578 2926 695 2971 sunt
730 2928 953 2987 expertes
986 2923 1038 2971 in
1073 2940 1211 2972 suam
1239 2922 1476 2974 ditionem
1508 2928 1807 2989 acceperunt,
1833 2924 1960 2972 sicut

202 3004 299 3069 ipsi
322 3005 494 3054 melius
526 3006 693 3066 nostiS,
719 3011 776 3054 ut
808 3006 1002 3055 omnino
1035 3006 1160 3055 desit
1191 3006 1336 3068 locus,
1363 3007 1450 3056 ubi
1481 3007 1572 3055 filii
1604 3007 1844 3056 nobilium
1872 3010 1961 3055 aut

205 3087 523 3136 emeritorum
567 3088 780 3137 militum
824 3088 1173 3153 possessionem
1219 3089 1433 3154 accipere
1480 3089 1704 3155 possint:
1757 3089 1960 3153 ideoque

206 3182 494 3279 νΙῙάὶῗεηίἱε]
522 3185 606 3227 Isa.
627 3184 732 3226 lviii.
752 3183 791 3228 6.
847 3184 936 3225 But
963 3184 1037 3226 the
1065 3185 1199 3227 words
1227 3185 1471 3239 correspond
1495 3186 1598 3228 with
1625 3185 1790 3226 neither
1820 3184 1868 3225 of
1891 3184 1963 3225 the

254 3252 280 3279 u
296 3252 351 3292 ga
372 3252 427 3280 es.
937 3264 940 3267 Δ
