2216 3554
366 172 462 217 322
948 166 1176 215 Historia
1213 165 1548 215 Ecclesiastico.
1678 175 1684 179 ‘
1911 164 2046 234 [LIB.
2063 183 2110 215 v.

362 301 617 348 damnatus
658 298 915 347 introduci.
1007 298 1271 347 Percussus
1305 298 1432 347 enim
1468 299 1700 361 languore
1740 302 1887 361 atque
1925 299 1991 346 ad
2030 316 2112 347 ex-

363 389 518 431 trema
542 382 802 446 perductus
824 381 1016 430 vocavit
1047 382 1236 440 fratres,
1260 387 1311 429 et
1334 382 1543 428 multum
1568 398 1772 428 moerens
1808 398 1862 428 ac
1885 381 2111 429 damnato

363 466 536 514 similis
569 464 716 527 coepit
750 481 961 523 narrare,
986 464 1099 528 quia
1132 463 1319 512 videret
1351 464 1527 511 inferos
1560 469 1752 526 apertos
1785 467 1834 511 et
1867 463 2112 511 Sathanan

360 548 626 596 dimersum
667 547 718 594 in
760 547 1012 610 profundis
1052 546 1238 605 tartari,
1279 546 1591 609 Caiphanque
1633 563 1741 594 cum
1791 545 1979 593 caeteris
2028 545 2114 608 qui

361 630 642 678 occiderunt
687 629 965 687 Dominum,
1008 630 1153 690 juxta
1199 645 1311 676 eum
1363 628 1569 676 flammis
1615 628 1872 675 ultricibus
1924 633 2114 675 contra·

361 714 551 761 ditum:
592 713 672 759 ‘in
715 729 920 775 quorum
962 710 1169 770 vicinia,'
1206 711 1383 774 inquit,
1420 712 1543 758 ‘heu
1579 712 1756 759 misero
1791 711 1912 758 mihi
1959 711 2116 758 locum

360 795 572 859 despicio
604 801 797 842 aeternae
832 793 1120 856 perditionis
1151 810 1254 841 esse
1286 793 1639 856 praeparatum!
1709 793 1986 841 Audientes
2013 793 2114 840 haec

361 881 552 935 fratres,
600 882 849 940 coeperunt
895 875 1157 937 diligenter
1203 876 1464 935 exhortari,
1512 882 1569 924 ut
1620 876 1698 924 vel
1754 881 1872 923 tunc
1927 875 2114 939 positus

360 959 517 1006 adhuc
575 958 627 1005 in
692 974 890 1020 corpore
950 956 1287 1019 poenitentiam
1348 957 1539 1006 faceret.
1635 959 1976 1022 Respondebat
2033 958 2113 1006 ille

361 1042 651 1104 desperans:
691 1039 833 1086 ‘Non
869 1043 942 1086 est
977 1038 1096 1085 mihi
1134 1039 1278 1086 modo
1313 1045 1506 1103 tempus
1540 1040 1693 1088 vitam
1728 1041 1963 1101 mutandi,
2001 1058 2109 1088 cum

359 1123 464 1185 ipse
488 1122 694 1170 viderim
712 1120 954 1183 judicium
978 1138 1139 1168 meum
1158 1123 1260 1183 jam
1285 1138 1386 1169 esse
1409 1121 1732 1186 completum.'

430 1204 565 1251 Talia
612 1203 785 1260 dicens,
824 1202 925 1250 sine
971 1202 1150 1251 viatico
1198 1203 1370 1251 salutis
1412 1204 1548 1264 obiit,
1591 1210 1641 1253 et
1687 1223 1860 1268 corpus
1908 1208 2012 1268 ejus
2059 1206 2110 1252 in

360 1286 547 1335 ultimis
589 1291 663 1333 est
709 1285 988 1333 monasterii
1034 1286 1152 1334 locis
1197 1286 1468 1345 humatum,
1505 1304 1664 1351 neque
1707 1288 1882 1351 aliquis
1923 1305 2010 1351 pro
2057 1306 2112 1336 eo

358 1370 435 1416 vel
470 1369 638 1416 missas
671 1368 840 1425 facere,
879 1368 955 1415 vel
992 1368 1202 1430 psalmos
1237 1375 1445 1428 cantare,
1481 1370 1559 1417 vel
1601 1371 1770 1418 saltem
1812 1388 1949 1419 orare
1993 1388 2114 1434 prae-

359 1454 593 1501 sumebat.
681 1450 724 1499 Ο
761 1468 905 1514 quam
940 1452 1114 1514 grandi
1150 1453 1383 1500 distantia
1419 1453 1591 1502 divisit
1626 1453 1762 1501 Deus
1795 1454 1924 1502 inter
1957 1455 2111 1503 lucem

359 1542 408 1583 et
443 1536 693 1583 tenebras!
755 1534 937 1581 Beatus
972 1539 1301 1598 protomartyr
1337 1535 1612 1598 Stephanus
1643 1553 1871 1599 passurus
1905 1544 2111 1585 mortem

357 1635 446 1680 pro
481 1617 701 1676 veritate,
730 1617 856 1664 vidit
890 1617 1030 1664 caelos
1066 1622 1273 1680 apertos,
1304 1618 1429 1666 vidit
1446 1619 1461 1645 ¹
1489 1618 1693 1682 gloriam
1724 1619 1834 1678 Dei,
1860 1625 1909 1667 et
1940 1620 1971 1667 J
1977 1637 2109 1667 esum

359 1705 567 1748 stantem
599 1717 628 1747 a
657 1699 839 1747 dext-ris
876 1699 970 1747 Dei
986 1716 998 1759 ;
1042 1706 1092 1747 et
1126 1700 1211 1748 ubi
1249 1705 1352 1748 erat
1386 1701 1577 1749 futurus
1611 1701 1713 1764 ipse
1749 1707 1857 1764 post
1892 1707 2110 1762 mortem,

357 1782 429 1829 ibi
465 1783 626 1830 oculos
661 1782 837 1829 mentis
873 1787 985 1829 ante
1023 1787 1242 1841 mortem,
1281 1799 1376 1845 quo
1416 1782 1575 1831 laetior
1609 1784 1923 1842 occumberet,
1960 1784 2107 1832 misit.

360 1864 430 1912 At
466 1870 646 1922 contra,
683 1863 817 1910 faber
852 1862 943 1910 iste
981 1863 1249 1912 tenebrosae
1283 1865 1460 1912 mentis
1497 1868 1546 1912 et
1579 1864 1794 1922 actionis,
1829 1865 2109 1914 imminente

359 1951 528 2004 morte,
565 1946 689 1992 vidit
731 1948 898 2006 aperta
937 1949 1137 2005 tartara,
1174 1945 1299 1994 vidit
1334 1947 1694 1994 damnationem
1731 1947 1912 1995 diaboli
1953 1954 2001 1996 et
2041 1965 2110 1995 se-

360 2028 581 2091 quacium
622 2028 752 2090 ejus;
800 2027 927 2075 vidit
964 2027 1110 2074 etiam
1149 2045 1289 2075 suum
1328 2029 1498 2076 infelix
1536 2029 1664 2077 inter
1700 2030 1820 2077 tales
1858 2047 2107 2088 carcerem,

359 2128 454 2174 quo
492 2110 812 2157 miserabilius
850 2109 954 2172 ipse
991 2110 1242 2173 desperata
1280 2112 1434 2160 salute
1473 2112 1671 2175 periret,
1713 2113 1795 2159 sed
1833 2113 2110 2163 viventibus

359 2192 445 2254 qui
491 2193 593 2241 haec
640 2192 993 2254 cognovissent,
1043 2209 1237 2240 causam
1284 2194 1457 2242 salutis
1511 2211 1598 2242 sua
1648 2195 1918 2258 perditione
1965 2197 2110 2244 relin-

359 2281 540 2337 queret.
630 2275 834 2322 Factum
885 2281 957 2322 est
1004 2274 1093 2322 hoc
1140 2292 1296 2338 nuper
1342 2275 1394 2323 in
1441 2277 1690 2339 provincia
1738 2277 2104 2340 Berniciorum;

359 2374 414 2404 ac
449 2357 591 2420 longe
626 2357 818 2421 lateque
853 2357 1166 2416 diffamatum,
1205 2358 1384 2406 multos
1421 2359 1483 2407 ad
1522 2360 1758 2422 agendam
1794 2366 1843 2408 et
1881 2378 1975 2408 non
2013 2362 2107 2408 dif-

358 2440 604 2487 ferendam
652 2440 883 2487 scelerum
929 2455 1126 2486 suorum
1175 2434 1527 2502 poenitudinem
1578 2443 1869 2505 provocavit.
1966 2444 2108 2505 Quod

358 2521 547 2570 utinam
583 2522 757 2570 exhinc
792 2522 938 2571 etiam
974 2526 1255 2569 nostrarum
1290 2523 1492 2572 lectione
1526 2523 1799 2573 litterarum
1836 2525 1934 2574 fiat.

996 2649 1011 2673 ¹
1040 2650 1170 2704 vidit]
1205 2654 1311 2695 Acts
1332 2655 1401 2696 vii.
1423 2654 1488 2705 56.
