2216 3554
4 107 20 139 p

6 1045 21 1077 ἃ·

9 1077 26 1119 (1,

2 1123 23 1186 ’ἒ

10 1202 22 1290 ἑ

0 1374 21 1390 ,μ

607 170 654 219 U
654 169 1065 236 yremuthensium
1100 175 1142 218 et
1178 162 1554 233 Gyruuensium.
1870 172 1931 216 37
1937 171 1967 216 9

209 302 503 352 Benedictus
534 302 829 351 monasterio
861 299 991 349 beati
1023 299 1157 347 Petri
1190 299 1414 363 apostoli,
1449 299 1713 348 constituto
1747 305 1795 348 et
1828 300 1968 350 0601-

208 387 336 434 frido
371 385 664 434 monasterio
699 383 830 432 beati
863 381 1022 442 Pauli,
1060 399 1159 430 non
1195 382 1354 430 multo
1388 375 1501 445 post
1541 381 1775 446 temporis
1810 382 1967 446 spatio

208 468 382 531 quinta
416 468 521 517 vice
556 467 616 516 de
651 465 910 515 Britannia
944 465 1153 513 Romam
1187 465 1447 513 adcurrens
1463 465 1494 525 ¹,
1533 464 1801 513 innumeris
1843 464 1968 511 sicut

207 567 398 614 semper
429 549 857 599 ecclesiasticorum
882 547 1023 596 donis
1056 548 1418 596 commodorum
1443 548 1768 612 locupletatus
1792 546 1966 605 rediit;

206 652 382 699 magna
433 634 627 698 quidem
669 632 806 696 copia
851 631 1157 681 voluminum
1204 648 1450 680 sacrorum
1466 649 1479 693 ;
1529 633 1612 681 sed
1655 650 1753 680 non
1791 630 1968 692 minori

206 716 334 766 sicut
354 721 402 765 et
419 717 555 780 prius
579 719 855 764 sanctarum
878 714 1146 778 imaginum
1163 732 1362 763 munere
1386 714 1585 764 ditatus.
1636 715 1766 764 Nam
1786 719 1835 763 et
1850 718 1968 763 tunc

208 799 478 849 Dominicae
509 798 726 847 historiae
760 797 975 861 picturas
1005 797 1180 861 quibus
1211 802 1365 846 totam
1397 797 1550 846 beatae
1577 797 1670 846 Dei
1694 797 1966 861 genetricis,

206 899 351 945 quam
386 883 438 929 in
473 881 764 930 monasterio
800 882 982 943 majore
1017 881 1210 940 fecerat,
1241 880 1491 929 ecclesiam
1527 879 1580 927 in
1615 898 1734 945 gyro
1770 897 1966 928 corona-

203 970 279 1012 ret
295 981 308 1024 3
346 963 580 1027 imagines
613 979 804 1027 quoque
837 963 899 1010 ad
935 963 1210 1011 ornandum
1242 962 1592 1011 monasterium
1625 962 1968 1026 ecclesiamque

203 1046 335 1094 beati
378 1045 516 1094 Pauli
557 1044 767 1109 apostoli
808 1044 867 1093 de
911 1045 1166 1093 concordia
1210 1043 1388 1094 veteris
1430 1048 1480 1092 et
1516 1045 1629 1094 novi
1667 1043 1967 1093 Testamenti

203 1144 394 1176 summa
428 1128 619 1176 ratione
656 1127 949 1192 compositas
987 1128 1238 1176 exhibuit:
1282 1127 1420 1177 verbi
1456 1128 1625 1192 gratia,
1661 1127 1800 1176 Isaac
1834 1127 1967 1190 ligna

203 1210 382 1275 quibus
419 1211 755 1259 immolaretur
803 1214 1096 1274 portantem,
1140 1214 1190 1259 et
1237 1210 1504 1259 Dominum
1545 1227 1737 1259 crucem
1778 1210 1831 1258 in
1871 1226 1967 1273 qua

202 1295 453 1356 pateretur
504 1310 641 1357 aeque
693 1297 987 1357 portantem,
1035 1293 1261 1356 proxima
1312 1310 1456 1357 super
1501 1293 1709 1342 invicem
1755 1293 1965 1357 regione,

201 1375 393 1439 pictura
422 1375 690 1439 conjunxit.
760 1375 890 1424 Item
924 1377 1135 1439 serpenti
1167 1375 1220 1424 in
1253 1375 1447 1424 heremo
1477 1393 1505 1424 a
1534 1376 1703 1439 Moyse
1734 1376 1965 1435 exaltato,

202 1457 389 1506 Filium
424 1459 632 1507 hominis
668 1459 721 1507 in
755 1476 894 1508 cruce
929 1459 1198 1507 exaltatum
1234 1458 1545 1522 comparavit.
1616 1457 1806 1507 Attulit
1837 1459 1965 1507 inter

202 1540 312 1601 alia,
338 1545 388 1590 et
410 1542 560 1605 pallia
585 1542 682 1591 duo
715 1541 946 1591 oloserica
961 1543 978 1569 2
1002 1541 1366 1605 incomparandi
1391 1541 1560 1605 operis,
1587 1542 1764 1605 quibus
1796 1547 1966 1606 postea

201 1623 262 1671 ab
291 1623 520 1672 Aldsrido
554 1641 665 1688 rege
701 1627 898 1688 ejusque
931 1624 1232 1685 consiliariis,
1265 1641 1475 1688 namque
1511 1625 1799 1689 Ecgfridum
1833 1630 1965 1688 post-

202 1722 347 1769 quam
379 1706 559 1756 rediit³
587 1707 691 1771 jam
727 1707 1037 1756 interfectum
1069 1708 1264 1772 reperit,
1289 1713 1469 1756 terram
1494 1708 1648 1756 trium
1671 1708 1965 1757 familiarum

200 1788 263 1836 ad
287 1788 527 1837 Austrum
552 1789 695 1837 Vuiri
718 1789 946 1849 fluminis,
967 1791 1113 1855 juxta
1138 1791 1317 1839 ostium
1341 1792 1653 1854 comparavit.

269 1871 459 1922 Verum
495 1871 625 1920 inter
659 1873 773 1921 laeta
802 1890 913 1937 quae
947 1873 1147 1922 veniens
1183 1873 1368 1933 attulit,
1393 1874 1558 1922 tristia
1586 1874 1720 1922 domi
1755 1872 1965 1937 reperit:

200 1954 525 2004 venerabilem
554 1955 784 2004 videlicet
814 1957 1156 2020 presbyterum
1185 1957 1534 2007 Eosteruinum
1565 1975 1710 2021 quem
1742 1957 1965 2005 abiturus

200 2038 423 2086 abbatem
459 2039 793 2100 constituerat,
823 2040 973 2088 simul
1009 2045 1059 2090 et
1093 2042 1304 2090 fratrum
1337 2042 1383 2090 ei
1419 2042 1782 2091 commissorum
1815 2046 1965 2089 cater-

199 2137 432 2194 vamknon
455 2139 674 2185 paucam,
697 2140 785 2188 per
808 2127 983 2172 cuncta
1011 2130 1258 2187 grassante
1282 2125 1576 2189 pestilentia,
1596 2125 1699 2189 jam
1730 2123 1964 2188 migrasse

201 2204 262 2252 de
299 2204 476 2253 seculo.
566 2205 662 2254 Sed
700 2206 869 2254 aderat
911 2210 961 2255 et
1003 2207 1232 2267 solamen,
1277 2207 1396 2271 quia
1443 2208 1495 2255 in
1536 2208 1642 2256 loco
1683 2206 1965 2256 Eosteruini

200 2287 363 2336 virum
418 2304 554 2351 aeque
600 2288 1045 2338 reverentissimum
1098 2307 1153 2338 ac
1206 2290 1518 2338 mitissimum
1566 2292 1626 2340 de
1673 2290 1965 2339 monasterio

200 2370 385 2429 eodem,
412 2370 684 2434 Sigfridum
712 2371 941 2420 videlicet
967 2372 1236 2433 diaconum,
1265 2374 1497 2422 electione
1528 2374 1735 2422 fratrum
1766 2391 1965 2422 suorum

201 2451 348 2501 simul
384 2457 432 2500 et
473 2452 718 2501 coabbatis
759 2456 862 2517 ejus
904 2454 1151 2515 Ceolfridi,
1188 2473 1303 2505 mox
1338 2457 1659 2505 substitutum
1702 2457 1962 2521 cognovit;

200 2534 364 2583 virum
412 2534 616 2583 scientia
661 2535 858 2599 quidem
910 2536 1263 2601 scripturarum
1317 2539 1609 2587 sufficienter
1653 2539 1962 2599 instructum,

201 2616 419 2664 moribus
454 2616 650 2680 optimis
686 2622 928 2678 ornatum,
965 2619 1090 2668 mira
1124 2620 1431 2670 abstinentiae
1466 2621 1653 2671 virtute
1685 2623 1962 2686 praeditum,

200 2698 285 2747 sed
332 2698 394 2746 ad
441 2699 709 2748 custodiam
755 2700 998 2750 virtutum
1044 2702 1212 2763 animi,
1261 2704 1477 2768 corporis
1523 2704 1811 2754 infirmitate
1864 2722 1963 2752 non

199 2780 400 2829 minime
433 2781 728 2845 depressum,
752 2784 815 2832 ad
847 2785 1223 2834 conservandam
1252 2787 1410 2836 cordis
1441 2787 1767 2836 innocentiam
1791 2788 1963 2836 nocivo

200 2870 250 2912 et
273 2863 622 2913 irremediabili
646 2855 934 2929 pulmonum
957 2867 1079 2916 vitio
1104 2868 1417 2919 laborantem.

272 2965 316 3011 9.
356 2947 463 2996 Nec
498 2948 654 2997 multo
689 2954 800 3013 post
835 2950 983 2998 etiam
1017 2951 1310 3001 Benedictus
1347 2953 1451 3017 ipse
1489 2954 1659 3002 morbo
1702 2952 1846 3016 coepit
1886 2951 1961 3000 in-

262 3041 278 3065 1
299 3043 473 3084 Romam
514 3044 759 3098 adcurrens]
836 3056 924 3087 ΑΛ).
955 3045 1051 3099 684.
1107 3049 1308 3089 returned
1326 3050 1436 3091 after
1454 3051 1560 3102 May
1580 3050 1675 3090 that
1692 3063 1804 3102 year,
1824 3049 1887 3087 for
1906 3048 1960 3088 he

201 3098 414 3139 Florence.
1108 3103 1240 3144 found
1260 3105 1454 3158 Ecgfrith
1473 3105 1590 3151 dead,
1605 3105 1689 3144 and
1708 3104 1773 3143 his
1793 3103 1961 3142 brother

256 3152 272 3175 ²
300 3153 512 3208 oloserica]
545 3155 642 3195 ‘All
662 3154 707 3196 of
721 3154 829 3198 silk!
887 3156 963 3197 See
982 3157 1053 3197 Du
1108 3158 1303 3201 Aldfrith
1349 3174 1403 3201 on
1447 3161 1521 3201 the
1561 3160 1710 3200 throne
1726 3173 1738 3210 3
1783 3172 1824 3212 p.
1868 3165 1960 3211 277,

201 3208 353 3261 Gange,
379 3210 512 3250 under
534 3209 850 3251 ‘Holosericus.’
1107 3219 1207 3255 note
1230 3226 1266 3257 2.

256 3263 272 3287 ³
299 3264 445 3319 rediit]
477 3275 565 3306 ΑΛ).
581 3264 675 3318 685.
722 3266 835 3309 Flor.
890 3266 980 3308 But
997 3266 1052 3309 he
