2216 3554
343 181 439 226 350
916 177 1141 227 Historia
1176 178 1514 227 Ecclesiastica
1878 177 2010 247 [11113.
2029 184 2078 232 V.

339 330 437 361 uno
465 313 638 361 saltem
661 310 739 360 die
766 311 1086 375 plenilunium
1109 315 1300 375 tempus
1328 311 1608 375 aequinoctii
1639 314 1955 375 praecesserit,
1981 333 2079 365 non

337 396 462 444 hanc
492 395 649 458 primo
680 394 833 442 mensi
867 393 981 441 anni
1014 394 1302 457 incipientis,
1335 395 1419 442 sed
1442 394 1615 442 ultimo
1639 394 1805 456 potius
1835 398 2078 459 praeteriti

337 477 502 526 lunam
531 494 631 525 esse
663 476 1054 536 adscribendam,
1092 480 1141 524 et
1171 476 1279 525 ideo
1313 477 1446 525 festis
1478 477 1782 540 paschalibus
1816 478 2080 526 inhabilem

336 564 601 608 memorata
631 557 756 606 ratio
784 559 969 621 probat.
1043 558 1186 619 Quod
1220 559 1261 607 si
1295 559 1547 622 mysticam
1577 577 1766 624 quoque
1795 577 1882 608 vos
1918 560 1969 607 in
2001 560 2078 608 his

336 643 572 692 rationem
607 641 772 690 audire
808 641 1028 699 delectat,
1053 641 1211 703 primo
1243 659 1405 690 mense
1442 642 1567 702 anni,
1599 643 1684 706 qui
1719 642 1865 692 etiam
1902 643 2078 691 mensis

335 741 570 772 novorum
605 724 762 772 dictus
797 729 881 783 est,
918 722 1093 786 pascha
1127 723 1279 771 facere
1310 725 1539 786 jubemur
1553 741 1566 784 3
1605 725 1719 788 quia
1754 730 1982 773 renovato
2018 725 2078 772 ad

336 823 547 855 amorem
572 806 834 854 caelestium
858 805 1034 868 spiritu
1062 805 1237 853 mentis
1270 811 1445 854 nostrae
1477 812 1773 854 sacramenta
1807 806 2078 856 Dominicae

334 889 700 937 resurrectionis
747 893 797 936 et
843 887 1101 950 ereptionis
1148 893 1328 936 nostrae
1369 889 1608 936 celebrare
1651 889 1892 948 debemus,
1930 891 2078 938 tertia

333 973 545 1035 eJusdem
570 970 746 1019 mensis
769 970 1037 1033 septimana
1060 970 1215 1017 facere
1246 970 1584 1034 praecipimur;
1622 970 1734 1034 quia
1757 977 1868 1019 ante
1899 971 2078 1034 Legem

333 1059 383 1103 et
415 1055 503 1101 sub
537 1054 668 1116 Lege
699 1051 976 1116 promissus,
1001 1051 1148 1099 tertio
1183 1057 1397 1116 tempore
1431 1053 1592 1102 saeculi
1621 1071 1731 1101 cum
1763 1053 1920 1117 gratia
1942 1054 2078 1102 venit

332 1138 436 1200 ipse
459 1135 543 1199 qui
567 1135 740 1198 pascha
768 1138 988 1182 nostrum
1011 1133 1344 1183 immolaretur
1368 1135 1590 1184 Christus
1609 1153 1619 1185 :
1658 1137 1773 1200 quia
1796 1136 1944 1185 tertia
1967 1142 2078 1200 post

332 1218 709 1266 immolationem
755 1233 853 1264 suae
898 1215 1134 1280 passionis
1180 1217 1260 1265 die
1311 1234 1566 1282 resurgens
1611 1236 1641 1266 a
1688 1220 1904 1279 mortuis,
1952 1220 2078 1268 hanc

332 1299 635 1349 Dominicam
668 1298 841 1358 vocari,
880 1303 929 1346 et
968 1298 1021 1345 in
1056 1315 1112 1347 ea
1151 1315 1239 1347 nos
1280 1300 1534 1348 annuatim
1580 1301 1822 1364 paschalia
1863 1303 2076 1364 ejusdem

331 1381 690 1431 resurrectionis
719 1380 874 1430 voluit
902 1381 1025 1429 festa
1048 1382 1314 1431 celebrare:
1354 1383 1469 1446 quia
1497 1400 1584 1431 nos
1614 1401 1805 1447 quoque
1828 1384 1898 1433 ita
1921 1385 2076 1432 solum

329 1465 565 1514 veraciter
587 1467 689 1527 ejus
713 1462 959 1512 sollemnia
983 1463 1292 1525 celebramus,
1319 1465 1361 1513 si
1393 1482 1480 1529 per
1502 1465 1649 1513 fidem
1672 1482 1808 1529 spem
1831 1472 1879 1514 et
1903 1466 2078 1515 carita-

329 1553 429 1596 tem
463 1547 651 1611 pascha,
684 1546 735 1594 id
771 1551 858 1604 est,
890 1545 1154 1594 transitum
1189 1547 1249 1595 de
1283 1547 1374 1596 hoc
1411 1549 1588 1596 mundo
1624 1549 1686 1596 ad
1722 1549 1928 1608 Patrem,
1965 1565 2074 1597 cum

329 1631 414 1678 illo
433 1631 585 1678 facere
605 1645 842 1678 curamus.
902 1627 1017 1676 Post
1034 1629 1379 1691 aequinoctium
1396 1631 1538 1689 veris,
1558 1630 1879 1694 plenilunium
1898 1631 2075 1679 mensis

329 1712 641 1777 praecipimur
675 1711 926 1758 observare
961 1711 1226 1773 paschalis;
1264 1716 1322 1760 ut
1357 1713 1582 1761 videlicet
1617 1713 1773 1776 primo
1810 1713 1880 1760 sol
1915 1713 2073 1777 longi-

329 1813 462 1844 orem
496 1799 634 1842 nocte
667 1793 813 1841 faciat
848 1792 989 1852 diem,
1027 1792 1197 1840 deinde
1234 1794 1350 1842 luna
1383 1795 1581 1858 plenum
1617 1812 1713 1843 suae
1749 1795 1872 1843 111618
1907 1796 2073 1843 orbem

328 1878 509 1925 mundo
543 1879 837 1940 praesentet3
885 1875 1000 1939 quia
1045 1875 1202 1938 primo
1244 1876 1439 1939 quidem
1481 1878 1553 1925 sol
1589 1877 1807 1940 justitiae,
1846 1878 1897 1924 in
1938 1879 2073 1940 cujus

327 1960 498 2024 pennis
523 1965 595 2007 est
618 1959 813 2016 sanitas,
838 1958 890 2005 id
922 1963 1008 2016 est,
1033 1957 1272 2007 Dominus
1297 1959 1329 2006 J
1333 1977 1454 2019 esus,
1479 1977 1564 2023 per
1587 1961 1949 2009 resurrectionis
1973 1978 2072 2010 suae

327 2042 630 2104 triumphum
654 2044 848 2088 cunctas
873 2039 1041 2087 mortis
1064 2041 1288 2088 tenebras
1312 2043 1559 2105 superavit
1581 2061 1591 2090 :
1629 2060 1682 2091 ac
1716 2043 1782 2091 sic
1814 2043 2072 2092 ascendens

328 2124 380 2171 in
404 2125 557 2182 caelos,
582 2122 726 2171 misso
749 2122 953 2186 desuper
977 2122 1180 2185 Spiritu,
1206 2123 1451 2171 ecclesiam
1484 2141 1619 2172 suam
1643 2142 1751 2188 quae
1788 2142 1913 2190 saepe
1944 2126 2072 2174 lunae

327 2206 557 2254 vocabulo
587 2205 869 2270 designatur
900 2205 1105 2254 internae
1130 2206 1300 2268 gratiae
1333 2207 1437 2254 luce
1465 2207 1685 2270 replevit.
1757 2207 1916 2268 Quem
1939 2209 2071 2258 vide-

327 2288 442 2336 licet
488 2289 707 2337 ordinem
752 2293 929 2337 nostrae
978 2289 1146 2337 salutis
1187 2289 1455 2352 propheta1
1492 2290 1847 2352 contemplatus
1882 2290 2070 2340 aiebat:

327 2375 354 2397 “
371 2371 602 2419 Elevatus
627 2377 699 2420 est
712 2372 808 2432 -801,
827 2377 877 2419 et
899 2372 1016 2419 luna
1034 2372 1173 2419 stetit
1197 2371 1251 2418 in
1270 2371 1437 2419 ordine
1456 2372 1588 2420 suo.'’
1660 2372 1756 2433 Qui
1781 2388 1894 2434 ergo
1918 2373 2072 2436 pleni-

325 2452 547 2500 tudinem
570 2454 696 2502 lunae
727 2454 963 2516 paschalis
995 2460 1107 2502 ante
1143 2453 1488 2517 aequinoctium
1519 2454 1772 2518 provenire
1800 2472 1936 2518 posse
1961 2473 2071 2504 con—

324 2535 549 2595 tenderit,
573 2536 686 2584 talis
718 2536 770 2583 in
794 2536 1135 2599 mysteriorum
1167 2535 1483 2584 celebratione
1517 2536 1840 2584 maximorum
1862 2555 1890 2585 a
1914 2545 2071 2587 sanct-

325 2636 464 2667 arum
523 2619 717 2681 quidem
775 2619 1137 2683 Scripturarum
1196 2620 1419 2667 doctrina
1476 2619 1717 2668 discordat
1738 2636 1752 2679 3
1813 2622 2070 2669 concordat

325 2705 488 2749 autem
524 2700 593 2748 eis
630 2701 714 2764 qui
750 2702 850 2749 sine
885 2702 1207 2765 praeveniente
1238 2702 1398 2766 gratia
1427 2701 1610 2750 Christi
1642 2718 1692 2750 se
1724 2703 1898 2751 salvari
1930 2720 2070 2766 posse

326 2783 602 2830 confidunt:
656 2783 769 2846 quia
818 2785 906 2832 etsi
954 2801 1070 2833 vera
1116 2785 1201 2832 lux
1244 2784 1464 2832 tenebras
1512 2784 1683 2832 mundi
1724 2785 1973 2833 moriendo
2014 2803 2070 2834 ac

324 2864 613 2927 resurgendo
648 2881 898 2927 nunquam
931 2866 1138 2926 vicisset,
1167 2866 1429 2929 perfectam
1464 2883 1514 2915 se
1546 2867 1722 2915 habere
1756 2884 1894 2930 posse
1925 2868 2069 2930 justi-

324 2947 445 2994 tiam
470 2946 790 3010 dogmatizare
814 2955 1126 3009 praesumunt.
1198 2950 1372 3012 Itaque
1404 2955 1516 3011 post
1545 2949 1926 3012 aequinoctialem
1954 2950 2066 2998 solis

325 3032 562 3085 exortum,
586 3034 696 3091 post
719 3028 1039 3090 plenilunium
1065 3030 1208 3093 primi
1241 3030 1418 3079 mensis
1450 3031 1579 3079 hunc
1615 3048 1674 3078 ex
1707 3031 1873 3079 ordine
1907 3032 2066 3079 subse-

320 3127 491 3174 quens,
526 3110 579 3157 id
613 3116 697 3169 est,
734 3115 845 3172 post
879 3112 1164 3174 completam
1199 3114 1327 3162 diem
1363 3114 1575 3177 ejusdem
1611 3115 1788 3162 mensis
1825 3120 2064 3177 quartam-

381 3226 391 3247 ¹
417 3226 617 3278 propheta
649 3257 659 3266 .
682 3257 690 3266 .
714 3257 722 3266 .
755 3226 908 3278 aiebat]
944 3227 1203 3275 Habakkuk,
1233 3230 1292 3269 iii.
1328 3241 1390 3279 11,
1421 3230 1536 3282 gives
1564 3231 1697 3270 words
1725 3230 1949 3271 somewhat
1978 3231 2063 3271 like

323 3282 441 3321 these
458 3295 466 3320 :
500 3284 512 3302 ‘
526 3281 598 3320 Sol
618 3285 659 3320 et
679 3281 779 3321 luna
798 3285 1003 3321 steterunt
1022 3283 1067 3321 in
1086 3283 1324 3324 habitaculo
1343 3284 1442 3325 suo.’
1499 3285 1627 3338 Vulg.
