2216 3554
183 190 301 239 CAP.
319 188 414 259 1x.]
811 191 976 240 Gentis
1012 190 1046 238 A
1052 191 1289 253 nqlorum.
1827 194 1923 238 305

910 481 1053 532 CAP.
1089 482 1189 531 IX.

183 621 232 662 Ut
252 624 444 676 Ecqberct
463 624 529 664 vir
546 628 709 665 sanctus
728 623 787 663 ad
805 621 1118 674 praedicandum
1136 621 1184 661 in
1206 619 1473 661 Germaniam
1490 619 1627 660 venire
1645 618 1830 667 voluerit,
1852 632 1924 659 nec

288 693 460 733 valuerit
476 709 490 734 .·
517 707 636 745 porro
654 693 850 734 Victberot
877 690 1086 731 advenerit
1113 690 1276 742 quidem
1291 704 1310 735 ;
1338 689 1408 729 sed
1437 689 1534 739 quia
1556 701 1627 728 nec
1648 688 1735 740 ipse
1758 687 1924 740 aliquid

280 762 526 813 profecisset,
550 775 713 803 rursum
730 761 777 802 in
795 759 1054 806 Hiberniam,
1074 759 1182 800 ande
1200 762 1376 805 venerat,
1396 757 1572 798 redierit.

247 873 325 921 Eo
366 879 581 937 tempore
619 873 904 922 venerabilis
950 876 1001 920 et
1047 889 1156 920 cum
1195 870 1327 919 omni
1363 868 1731 918 honorificentia
1766 869 1923 916 nomi-

178 956 366 1004 nandus
389 956 596 1005 famulus
613 956 799 1005 Christi
817 961 866 1004 et
889 955 1106 1004 sacerdos
1126 954 1364 1016 Ecgberct
1379 953 1410 1009 1,
1435 969 1578 1016 quem
1601 977 1711 1025 [Qiro.
1729 978 1921 1022 A,1‚,639]

178 1037 228 1083 in
271 1039 508 1086 Hibernia
551 1038 708 1086 insula
746 1037 1048 1102 peregrinam
1085 1037 1259 1084 ducere
1298 1035 1452 1084 vitam
1489 1052 1578 1098 pro
1647 1034 1864 1119 Sffigffigeffig-

178 1120 483 1183 adipiscenda
527 1121 580 1168 in
619 1121 748 1169 caelis
788 1119 946 1183 patria
983 1119 1238 1167 retulimus
1252 1115 1284 1177 ²,
1326 1117 1578 1180 proposuit
1632 1133 1811 1168 sionaries
1825 1135 1866 1168 to

178 1202 338 1250 animo
362 1203 584 1266 pluribus
606 1203 855 1266 prodesse;
893 1201 945 1249 id
968 1209 1054 1260 est,
1079 1201 1200 1248 inito
1225 1217 1368 1264 opere
1391 1204 1580 1263 aposto·
1614 1182 1682 1217 ⁸¹²⁰
1697 1182 1893 1222 cremans,

177 1284 282 1343 lico,
330 1285 532 1334 verbum
578 1285 672 1333 Dei
716 1285 959 1348 aliquibus
1004 1301 1172 1332 earum
1218 1300 1325 1346 quae
1372 1282 1585 1330 nondum
1603 1282 1620 1308 ³
1667 1282 1923 1331 audierant

176 1366 401 1428 gentibus
459 1367 830 1430 evangelizando
889 1366 1218 1415 committere:
1291 1382 1495 1429 quarum
1553 1364 1606 1411 in
1661 1363 1923 1413 Germania

176 1449 408 1511 plurimas
444 1454 645 1498 noverat
680 1467 782 1498 esse
816 1450 1048 1508 nationes,
1074 1466 1103 1496 a
1126 1448 1302 1512 quibus
1327 1447 1478 1511 Angli
1501 1447 1576 1495 vel
1601 1447 1814 1497 Saxones
1838 1448 1922 1510 qui

176 1548 306 1579 nunc
331 1532 623 1581 Brittaniam
647 1532 875 1592 incolunt,
901 1548 1054 1596 genus
1078 1536 1128 1578 et
1151 1531 1384 1594 originem
1408 1529 1603 1578 duxisse
1626 1535 1920 1590 noscuntur3

174 1614 302 1661 unde
339 1594 569 1663 hactenus
615 1633 644 1663 a
684 1615 845 1663 vicina
893 1621 1035 1679 gente
1082 1614 1375 1662 Brettonum
1422 1618 1647 1676 corrupte
1689 1613 1922 1661 Carmani

174 1702 527 1760 nuncupantur.
598 1698 725 1746 Sunt
747 1704 910 1746 autem
934 1698 1169 1744 Fresones
1183 1698 1216 1755 4,
1243 1695 1443 1759 Rugini‚
1469 1695 1628 1743 Danai
1643 1697 1675 1754 ⁶,
1704 1697 1874 1744 Hunni
1890 1698 1922 1755 ⁶,

173 1779 380 1843 Antiqui
413 1780 624 1828 Saxones
640 1781 672 1838 ⁷,
708 1779 1059 1828 Boructuariss:
1107 1784 1221 1827 sunt
1256 1778 1339 1826 alii
1373 1778 1621 1841 perplures
1656 1778 1834 1826 eisdem
1869 1778 1922 1827 in

172 1861 391 1924 partibus
414 1862 584 1925 populi
607 1862 809 1925 paganis
832 1862 991 1910 adhuc
1013 1862 1190 1913 ritibus
1224 1861 1502 1919 servientes,
1527 1859 1588 1907 ad
1613 1877 1732 1923 quos
1756 1860 1922 1909 venire

172 1943 401 2006 praefatus
443 1943 625 1993 Christi
666 1944 803 1992 miles
845 1943 1260 2007 circumnavigata
1300 1941 1551 1997 Brittania
1592 1941 1844 2005 disposuit,
1880 1944 1921 1991 si

174 2043 293 2089 quos
329 2026 453 2074 forte
489 2043 549 2074 ex
583 2026 683 2074 illis
720 2033 908 2091 ereptos
945 2026 1136 2075 Satanae
1173 2026 1234 2074 ad
1271 2024 1520 2074 Christum
1555 2025 1816 2073 transferre
1839 2043 1923 2074 va-

171 2109 326 2169 leret3
371 2109 447 2157 vel
483 2108 524 2156 si
559 2109 650 2157 hoc
685 2109 791 2157 fieri
828 2127 922 2157 non
956 2116 1135 2173 posset,
1171 2108 1380 2156 Romam
1418 2106 1583 2156 venire
1617 2107 1680 2155 ad
1714 2107 1922 2157 videnda

172 2195 316 2251 atque
361 2190 604 2239 adoranda
649 2191 901 2240 beatorum
947 2190 1276 2254 apostolorum
1324 2207 1379 2238 ac
1427 2195 1696 2253 martyrum
1735 2189 1923 2239 Christi

173 2270 342 2320 limina
365 2273 610 2336 cogitavit.
1500 2337 1504 2343 .

242 2353 336 2401 Sed
370 2371 430 2402 ne
471 2354 655 2418 aliquid
691 2355 865 2403 horum
899 2354 1162 2417 perficeret,
1198 2370 1406 2417 superna
1441 2353 1514 2400 illi
1551 2354 1743 2402 oracula
1777 2355 1923 2403 simul

173 2440 221 2483 et
263 2452 405 2499 opera
443 2436 743 2486 restiterunt.
815 2437 1064 2502 Siquidem
1107 2436 1272 2484 electis
1314 2435 1453 2485 sociis
1494 2436 1835 2485 strenuissimis
1872 2444 1922 2485 et

226 2576 239 2598 ¹
271 2575 481 2628 quberct]
518 2576 872 2618 Commemorated
894 2576 1014 2629 April
1126 2574 1140 2597 ⁴
1165 2575 1374 2628 Fresones]
1399 2575 1476 2615 See
1494 2589 1534 2627 p.
1557 2574 1648 2626 308,
1671 2578 1770 2615 note
1789 2590 1827 2628 4.

175 2644 235 2682 24.
293 2631 429 2671 Smith
443 2631 593 2684 judges
611 2631 705 2671 that
720 2632 792 2671 the
807 2629 954 2670 events
973 2631 1020 2671 of
1125 2631 1142 2655 ⁵
1169 2629 1338 2682 Danai]
1360 2630 1437 2682 Qy.
1462 2631 1602 2669 Dani?

171 2688 254 2725 this
283 2686 453 2739 chapter
471 2692 583 2726 must
610 2687 717 2726 have
742 2686 872 2725 taken
899 2686 1015 2738 place
1125 2686 1141 2709 ⁶
1167 2684 1342 2737 Hunni]
1375 2685 1475 2724 This
1507 2698 1592 2724 was
1628 2684 1701 2724 the
1733 2698 1920 2725 common

170 2741 296 2781 about
315 2751 401 2781 AJ).
422 2739 515 2794 689.
573 2741 652 2781 See
670 2741 828 2790 Surius,
844 2740 902 2780 iii.
920 2741 1014 2781 818.
1069 2753 1190 2780 name
1222 2741 1268 2780 in
1306 2739 1522 2780 mediaeval
1554 2739 1720 2792 Europe
1753 2740 1817 2779 for
1848 2741 1920 2779 the

224 2795 239 2818 ²
267 2796 503 2845 retulimus]
528 2795 604 2835 See
622 2809 662 2847 p.
690 2807 780 2846 203.
1071 2797 1223 2841 Avars,
1269 2795 1408 2834 whose
1463 2795 1655 2847 territory
1714 2794 1920 2834 stretched

223 2851 237 2872 ³
266 2850 468 2902 nondum]
490 2850 592 2890 This
612 2854 765 2890 cannot
784 2849 836 2889 be
854 2849 1016 2901 strictly
1070 2849 1252 2902 through
1270 2863 1296 2890 a
1313 2849 1427 2902 large
1446 2853 1542 2903 part
1556 2849 1603 2889 of
1617 2850 1687 2889 the
1709 2851 1919 2889 continent

169 2911 261 2944 true
281 2919 291 2950 ;
319 2905 384 2945 for
412 2905 607 2956 Spelman
635 2905 730 2944 tells
758 2917 818 2953 us,
839 2906 962 2946 Cone.
986 2905 1015 2946 i.
1071 2904 1118 2944 of
1134 2905 1310 2956 Europe.

174 2959 262 3004 126,
289 2960 382 3000 that
411 2960 503 3000 Offo
531 2960 614 2999 had
671 2959 841 2999 reached
870 2963 914 2999 to
940 2959 1014 2999 the
1123 2958 1140 2981 ⁷
1166 2959 1343 3011 Antiqui
1387 2957 1588 3012 Saxones]
1640 2959 1716 2999 See
1763 2972 1803 3010 p.
1851 2957 1915 3008 36,

169 3015 371 3055 Germans
408 3015 452 3054 in
489 3025 576 3056 ΑΛ).
615 2974 720 3065 6g33
772 3014 854 3053 and
898 3014 1016 3053 Beda
1070 3018 1166 3054 note
1186 3026 1225 3066 4.

169 3070 337 3109 himself
368 3069 462 3109 tells
496 3083 543 3108 us
581 3069 674 3109 that
702 3068 895 3108 Wilfrith
931 3068 1015 3108 had
1124 3068 1140 3092 ⁸
1167 3067 1443 3120 Boructuari]
1469 3068 1583 3108 ‘The
1601 3068 1859 3107 inhabitants
1878 3066 1922 3106 of

166 3125 271 3164 done
291 3138 336 3164 so
352 3125 471 3163 when
489 3124 542 3163 he
558 3137 642 3163 was
660 3123 807 3163 driven
821 3123 875 3176 by
891 3127 1015 3163 stress
1069 3137 1095 3163 a
1133 3123 1295 3164 district
1326 3136 1438 3176 upon
1475 3123 1547 3162 the
1579 3123 1688 3162 river
1722 3118 1918 3160 Neokar.’

167 3179 211 3218 of
222 3179 404 3275 wegther
418 3183 462 3219 to
480 3178 638 3228 Frena,
653 3178 785 3219 about
803 3189 890 3218 ΑΛ).
910 3177 1013 3232 679;
1068 3178 1275 3274 8ων.6οί’.
1289 3178 1474 3231 Taylor's
1489 3177 1639 3217 Words
1658 3176 1741 3216 and
1760 3175 1918 3221 Places,

166 3248 205 3287 p.
230 3245 279 3286 33
312 3265 322 3276 .
1068 3246 1108 3286 p.
1133 3244 1181 3287 15
1216 3263 1225 3273 .

1036 3318 1072 3351 X
