<?xml version="1.0" encoding="UTF-8"?>
<!DOCTYPE html PUBLIC "-//W3C//DTD XHTML 1.0 Transitional//EN"
    "http://www.w3.org/TR/xhtml1/DTD/xhtml1-transitional.dtd">
<html xmlns="http://www.w3.org/1999/xhtml" xml:lang="en" lang="en">
 <head>
  <title>
</title>
<meta http-equiv="Content-Type" content="text/html;charset=utf-8" />
  <meta name='ocr-system' content='tesseract 3.04.00' />
  <meta name='ocr-capabilities' content='ocr_page ocr_carea ocr_par ocr_line ocrx_word'/>
</head>
<body>
  <div class='ocr_page' id='page_1' title='image "./historiaecclesia00bedeuoft_0349.png"; bbox 0 0 2216 3554; ppageno 0'>
   <div class='ocr_carea' id='block_1_1' title="bbox 6 271 15 445">
    <p class='ocr_par' dir='ltr' id='par_1_1' title="bbox 6 271 15 445">
     <span class='ocr_line' id='line_1_1' title="bbox 6 271 15 445; textangle 90"><span class='ocrx_word' id='word_1_1' title='bbox 8 422 11 445; x_wconf 62' lang='lat'>-„</span> <span class='ocrx_word' id='word_1_2' title='bbox 6 271 15 401; x_wconf 39' lang='lat' dir='ltr'>*amm—2</span> 
     </span>
    </p>
   </div>
   <div class='ocr_carea' id='block_1_2' title="bbox 262 218 2012 298">
    <p class='ocr_par' dir='ltr' id='par_1_2' title="bbox 262 218 2012 298">
     <span class='ocr_line' id='line_1_2' title="bbox 262 218 2012 298; baseline -0.006 -25"><span class='ocrx_word' id='word_1_3' title='bbox 262 224 382 273; x_wconf 83' lang='lat' dir='ltr'><strong>OAP.</strong></span> <span class='ocrx_word' id='word_1_4' title='bbox 403 220 519 292; x_wconf 62' lang='grc' dir='ltr'>ΧΠ]</span> <span class='ocrx_word' id='word_1_5' title='bbox 723 295 726 298; x_wconf 21' lang='lat'><strong><em>¹</em></strong></span> <span class='ocrx_word' id='word_1_6' title='bbox 819 255 822 258; x_wconf 19' lang='grc' dir='ltr'><strong>Δ</strong></span> <span class='ocrx_word' id='word_1_7' title='bbox 875 220 1085 270; x_wconf 55' lang='lat' dir='ltr'>‘Gentis</span> <span class='ocrx_word' id='word_1_8' title='bbox 1119 219 1401 283; x_wconf 70' lang='lat' dir='ltr'>Anylorumz</span> <span class='ocrx_word' id='word_1_9' title='bbox 1915 218 2012 264; x_wconf 92' lang='grc'>317</span> 
     </span>
    </p>
   </div>
   <div class='ocr_carea' id='block_1_3' title="bbox 258 348 2016 3385">
    <p class='ocr_par' dir='ltr' id='par_1_3' title="bbox 258 348 2015 2217">
     <span class='ocr_line' id='line_1_3' title="bbox 261 348 2012 419; baseline -0.005 -15"><span class='ocrx_word' id='word_1_10' title='bbox 261 373 432 405; x_wconf 92' lang='lat' dir='ltr'>vomus</span> <span class='ocrx_word' id='word_1_11' title='bbox 466 373 521 404; x_wconf 87' lang='lat' dir='ltr'>ac</span> <span class='ocrx_word' id='word_1_12' title='bbox 554 354 755 419; x_wconf 90' lang='lat' dir='ltr'>putidus</span> <span class='ocrx_word' id='word_1_13' title='bbox 783 368 928 416; x_wconf 90' lang='lat' dir='ltr'>quem</span> <span class='ocrx_word' id='word_1_14' title='bbox 956 350 1139 411; x_wconf 89' lang='lat' dir='ltr'>vidisti,</span> <span class='ocrx_word' id='word_1_15' title='bbox 1169 350 1330 414; x_wconf 87' lang='lat' dir='ltr'>ipsum</span> <span class='ocrx_word' id='word_1_16' title='bbox 1363 354 1437 398; x_wconf 91' lang='lat' dir='ltr'>est</span> <span class='ocrx_word' id='word_1_17' title='bbox 1472 365 1525 397; x_wconf 90' lang='lat' dir='ltr'>os</span> <span class='ocrx_word' id='word_1_18' title='bbox 1559 348 1804 413; x_wconf 88' lang='lat' dir='ltr'>gehennae,</span> <span class='ocrx_word' id='word_1_19' title='bbox 1834 349 1886 396; x_wconf 92' lang='lat' dir='ltr'>in</span> <span class='ocrx_word' id='word_1_20' title='bbox 1915 365 2012 412; x_wconf 91' lang='lat' dir='ltr'>quo</span> 
     </span>
     <span class='ocr_line' id='line_1_4' title="bbox 263 427 2011 502; baseline -0.006 -14"><span class='ocrx_word' id='word_1_21' title='bbox 263 439 556 502; x_wconf 83' lang='lat' dir='ltr'><strong>quicumque</strong></span> <span class='ocrx_word' id='word_1_22' title='bbox 590 436 735 486; x_wconf 92' lang='lat' dir='ltr'>semel</span> <span class='ocrx_word' id='word_1_23' title='bbox 768 433 996 483; x_wconf 89' lang='lat' dir='ltr'>inciderit</span> <span class='ocrx_word' id='word_1_24' title='bbox 1019 427 1276 496; x_wconf 75' lang='lat' dir='ltr'>&#39;nunquam</span> <span class='ocrx_word' id='word_1_25' title='bbox 1306 432 1420 480; x_wconf 88' lang='lat' dir='ltr'>inde</span> <span class='ocrx_word' id='word_1_26' title='bbox 1451 431 1741 479; x_wconf 75' lang='lat' dir='ltr'>liberabitur</span> <span class='ocrx_word' id='word_1_27' title='bbox 1763 431 1815 478; x_wconf 90' lang='lat' dir='ltr'>in</span> <span class='ocrx_word' id='word_1_28' title='bbox 1839 447 2011 479; x_wconf 87' lang='lat' dir='ltr'>aevum.</span> 
     </span>
     <span class='ocr_line' id='line_1_5' title="bbox 263 513 2012 578; baseline -0.005 -10"><span class='ocrx_word' id='word_1_29' title='bbox 263 522 418 570; x_wconf 89' lang='lat' dir='ltr'>Locus</span> <span class='ocrx_word' id='word_1_30' title='bbox 442 537 558 569; x_wconf 91' lang='lat' dir='ltr'>vero</span> <span class='ocrx_word' id='word_1_31' title='bbox 588 519 681 567; x_wconf 88' lang='lat' dir='ltr'>iste</span> <span class='ocrx_word' id='word_1_32' title='bbox 713 517 908 575; x_wconf 86' lang='lat' dir='ltr'>florifer,</span> <span class='ocrx_word' id='word_1_33' title='bbox 933 515 986 563; x_wconf 92' lang='lat' dir='ltr'>in</span> <span class='ocrx_word' id='word_1_34' title='bbox 1019 531 1116 578; x_wconf 92' lang='lat' dir='ltr'>quo</span> <span class='ocrx_word' id='word_1_35' title='bbox 1147 514 1527 578; x_wconf 84' lang='lat' dir='ltr'>pulcherrimam</span> <span class='ocrx_word' id='word_1_36' title='bbox 1553 513 1678 561; x_wconf 90' lang='lat' dir='ltr'>hanc</span> <span class='ocrx_word' id='word_1_37' title='bbox 1704 515 2012 576; x_wconf 86' lang='lat' dir='ltr'>juventutem</span> 
     </span>
     <span class='ocr_line' id='line_1_6' title="bbox 258 595 2012 666; baseline -0.004 -14"><span class='ocrx_word' id='word_1_38' title='bbox 258 602 511 666; x_wconf 85' lang='lat' dir='ltr'>jocundari</span> <span class='ocrx_word' id='word_1_39' title='bbox 533 619 588 651; x_wconf 89' lang='lat' dir='ltr'>ac</span> <span class='ocrx_word' id='word_1_40' title='bbox 611 601 796 664; x_wconf 90' lang='lat' dir='ltr'>fulgere</span> <span class='ocrx_word' id='word_1_41' title='bbox 820 597 1071 661; x_wconf 81' lang='lat' dir='ltr'>conspicis,</span> <span class='ocrx_word' id='word_1_42' title='bbox 1091 597 1194 659; x_wconf 86' lang='lat' dir='ltr'>ipse</span> <span class='ocrx_word' id='word_1_43' title='bbox 1219 600 1293 644; x_wconf 90' lang='lat' dir='ltr'>est</span> <span class='ocrx_word' id='word_1_44' title='bbox 1317 595 1368 643; x_wconf 94' lang='lat' dir='ltr'>in</span> <span class='ocrx_word' id='word_1_45' title='bbox 1393 612 1489 659; x_wconf 93' lang='lat' dir='ltr'>quo</span> <span class='ocrx_word' id='word_1_46' title='bbox 1512 595 1816 659; x_wconf 91' lang='lat' dir='ltr'>recipiuntur</span> <span class='ocrx_word' id='word_1_47' title='bbox 1838 595 2012 645; x_wconf 78' lang='lat' dir='ltr'>animae</span> 
     </span>
     <span class='ocr_line' id='line_1_7' title="bbox 262 678 2013 748; baseline -0.006 -13"><span class='ocrx_word' id='word_1_48' title='bbox 262 703 431 735; x_wconf 89' lang='lat' dir='ltr'>eorum</span> <span class='ocrx_word' id='word_1_49' title='bbox 466 684 552 748; x_wconf 90' lang='lat' dir='ltr'>qui</span> <span class='ocrx_word' id='word_1_50' title='bbox 585 683 638 730; x_wconf 91' lang='lat' dir='ltr'>in</span> <span class='ocrx_word' id='word_1_51' title='bbox 671 681 811 730; x_wconf 91' lang='lat' dir='ltr'>bonis</span> <span class='ocrx_word' id='word_1_52' title='bbox 847 681 1044 744; x_wconf 90' lang='lat' dir='ltr'>quidem</span> <span class='ocrx_word' id='word_1_53' title='bbox 1080 678 1306 743; x_wconf 82' lang='lat' dir='ltr'>operibus</span> <span class='ocrx_word' id='word_1_54' title='bbox 1334 678 1395 726; x_wconf 92' lang='lat' dir='ltr'>de</span> <span class='ocrx_word' id='word_1_55' title='bbox 1430 694 1632 741; x_wconf 90' lang='lat' dir='ltr'>corpore</span> <span class='ocrx_word' id='word_1_56' title='bbox 1667 682 1878 738; x_wconf 69' lang='lat' dir='ltr'>exeunt,</span> <span class='ocrx_word' id='word_1_57' title='bbox 1915 695 2013 725; x_wconf 91' lang='lat' dir='ltr'>non</span> 
     </span>
     <span class='ocr_line' id='line_1_8' title="bbox 262 760 2013 827; baseline -0.005 -10"><span class='ocrx_word' id='word_1_58' title='bbox 262 776 423 818; x_wconf 85' lang='lat' dir='ltr'>tamen</span> <span class='ocrx_word' id='word_1_59' title='bbox 457 770 572 816; x_wconf 90' lang='lat' dir='ltr'>sunt</span> <span class='ocrx_word' id='word_1_60' title='bbox 604 771 755 813; x_wconf 87' lang='lat' dir='ltr'>tantae</span> <span class='ocrx_word' id='word_1_61' title='bbox 791 761 1115 827; x_wconf 88' lang='lat' dir='ltr'>perfectionis,</span> <span class='ocrx_word' id='word_1_62' title='bbox 1151 768 1207 810; x_wconf 89' lang='lat' dir='ltr'>ut</span> <span class='ocrx_word' id='word_1_63' title='bbox 1248 761 1303 809; x_wconf 94' lang='lat' dir='ltr'>in</span> <span class='ocrx_word' id='word_1_64' title='bbox 1342 776 1548 822; x_wconf 87' lang='lat' dir='ltr'>regnum</span> <span class='ocrx_word' id='word_1_65' title='bbox 1584 760 1809 808; x_wconf 87' lang='lat' dir='ltr'>caelorum</span> <span class='ocrx_word' id='word_1_66' title='bbox 1845 760 2013 808; x_wconf 87' lang='lat' dir='ltr'>statim</span> 
     </span>
     <span class='ocr_line' id='line_1_9' title="bbox 262 842 2013 910; baseline -0.004 -12"><span class='ocrx_word' id='word_1_67' title='bbox 262 856 536 898; x_wconf 89' lang='lat' dir='ltr'>mereantur</span> <span class='ocrx_word' id='word_1_68' title='bbox 551 846 822 896; x_wconf 73' lang='lat' dir='ltr'>introduci:</span> <span class='ocrx_word' id='word_1_69' title='bbox 860 845 945 910; x_wconf 91' lang='lat' dir='ltr'>qui</span> <span class='ocrx_word' id='word_1_70' title='bbox 962 850 1125 893; x_wconf 90' lang='lat' dir='ltr'>tamen</span> <span class='ocrx_word' id='word_1_71' title='bbox 1145 860 1310 892; x_wconf 92' lang='lat' dir='ltr'>omnes</span> <span class='ocrx_word' id='word_1_72' title='bbox 1332 842 1386 891; x_wconf 91' lang='lat' dir='ltr'>in</span> <span class='ocrx_word' id='word_1_73' title='bbox 1405 842 1482 891; x_wconf 90' lang='lat' dir='ltr'>die</span> <span class='ocrx_word' id='word_1_74' title='bbox 1499 842 1675 907; x_wconf 89' lang='lat' dir='ltr'>judicii</span> <span class='ocrx_word' id='word_1_75' title='bbox 1698 842 1760 890; x_wconf 92' lang='lat' dir='ltr'>ad</span> <span class='ocrx_word' id='word_1_76' title='bbox 1778 842 2013 892; x_wconf 86' lang='lat' dir='ltr'>visionem</span> 
     </span>
     <span class='ocr_line' id='line_1_10' title="bbox 263 925 2013 994; baseline -0.003 -14"><span class='ocrx_word' id='word_1_77' title='bbox 263 931 447 981; x_wconf 75' lang='lat' dir='ltr'>Christi</span> <span class='ocrx_word' id='word_1_78' title='bbox 470 935 518 979; x_wconf 92' lang='lat' dir='ltr'>et</span> <span class='ocrx_word' id='word_1_79' title='bbox 540 930 719 994; x_wconf 88' lang='lat' dir='ltr'>gaudia</span> <span class='ocrx_word' id='word_1_80' title='bbox 745 928 884 993; x_wconf 87' lang='lat' dir='ltr'>regni</span> <span class='ocrx_word' id='word_1_81' title='bbox 908 927 1111 977; x_wconf 79' lang='lat' dir='ltr'>caelestis</span> <span class='ocrx_word' id='word_1_82' title='bbox 1142 926 1412 975; x_wconf 90' lang='lat' dir='ltr'>intrabunt.</span> <span class='ocrx_word' id='word_1_83' title='bbox 1483 925 1614 974; x_wconf 92' lang='lat' dir='ltr'>Nam</span> <span class='ocrx_word' id='word_1_84' title='bbox 1639 926 1930 990; x_wconf 86' lang='lat' dir='ltr'>quicumque</span> <span class='ocrx_word' id='word_1_85' title='bbox 1962 928 2013 975; x_wconf 92' lang='lat' dir='ltr'>in</span> 
     </span>
     <span class='ocr_line' id='line_1_11' title="bbox 263 1008 2014 1075; baseline -0.002 -13"><span class='ocrx_word' id='word_1_86' title='bbox 263 1013 395 1062; x_wconf 89' lang='lat' dir='ltr'>omni</span> <span class='ocrx_word' id='word_1_87' title='bbox 413 1013 558 1062; x_wconf 92' lang='lat' dir='ltr'>verbo</span> <span class='ocrx_word' id='word_1_88' title='bbox 583 1016 632 1060; x_wconf 92' lang='lat' dir='ltr'>et</span> <span class='ocrx_word' id='word_1_89' title='bbox 655 1029 797 1075; x_wconf 89' lang='lat' dir='ltr'>opere</span> <span class='ocrx_word' id='word_1_90' title='bbox 821 1015 871 1060; x_wconf 94' lang='lat' dir='ltr'>et</span> <span class='ocrx_word' id='word_1_91' title='bbox 894 1010 1188 1075; x_wconf 86' lang='lat' dir='ltr'>cogitatione</span> <span class='ocrx_word' id='word_1_92' title='bbox 1211 1008 1414 1074; x_wconf 88' lang='lat' dir='ltr'>perfecti</span> <span class='ocrx_word' id='word_1_93' title='bbox 1438 1011 1566 1067; x_wconf 91' lang='lat' dir='ltr'>sunt,</span> <span class='ocrx_word' id='word_1_94' title='bbox 1593 1025 1707 1056; x_wconf 86' lang='lat' dir='ltr'>mox</span> <span class='ocrx_word' id='word_1_95' title='bbox 1732 1009 1791 1056; x_wconf 91' lang='lat' dir='ltr'>de</span> <span class='ocrx_word' id='word_1_96' title='bbox 1816 1027 2014 1073; x_wconf 90' lang='lat' dir='ltr'>corpore</span> 
     </span>
     <span class='ocr_line' id='line_1_12' title="bbox 264 1090 2014 1160; baseline -0.002 -15"><span class='ocrx_word' id='word_1_97' title='bbox 264 1097 438 1160; x_wconf 85' lang='lat' dir='ltr'>egressi</span> <span class='ocrx_word' id='word_1_98' title='bbox 461 1097 523 1144; x_wconf 90' lang='lat' dir='ltr'>ad</span> <span class='ocrx_word' id='word_1_99' title='bbox 545 1113 750 1159; x_wconf 88' lang='lat' dir='ltr'>regnum</span> <span class='ocrx_word' id='word_1_100' title='bbox 776 1095 962 1143; x_wconf 80' lang='lat' dir='ltr'>caeleste</span> <span class='ocrx_word' id='word_1_101' title='bbox 997 1093 1317 1157; x_wconf 88' lang='lat' dir='ltr'>perveniunt:</span> <span class='ocrx_word' id='word_1_102' title='bbox 1354 1091 1417 1140; x_wconf 92' lang='lat' dir='ltr'>ad</span> <span class='ocrx_word' id='word_1_103' title='bbox 1448 1093 1585 1154; x_wconf 88' lang='lat' dir='ltr'>cujus</span> <span class='ocrx_word' id='word_1_104' title='bbox 1616 1090 1777 1140; x_wconf 90' lang='lat' dir='ltr'>vicina</span> <span class='ocrx_word' id='word_1_105' title='bbox 1800 1092 2014 1156; x_wconf 86' lang='lat' dir='ltr'>pertinet</span> 
     </span>
     <span class='ocr_line' id='line_1_13' title="bbox 262 1173 2015 1239; baseline -0.001 -14"><span class='ocrx_word' id='word_1_106' title='bbox 262 1179 392 1226; x_wconf 89' lang='lat' dir='ltr'>locus</span> <span class='ocrx_word' id='word_1_107' title='bbox 423 1178 520 1239; x_wconf 83' lang='lat' dir='ltr'>ille,</span> <span class='ocrx_word' id='word_1_108' title='bbox 551 1177 638 1226; x_wconf 90' lang='lat' dir='ltr'>ubi</span> <span class='ocrx_word' id='word_1_109' title='bbox 670 1194 844 1226; x_wconf 85' lang='lat' dir='ltr'>sonum</span> <span class='ocrx_word' id='word_1_110' title='bbox 873 1176 1127 1225; x_wconf 73' lang='lat' dir='ltr'>cantilenae</span> <span class='ocrx_word' id='word_1_111' title='bbox 1159 1174 1316 1223; x_wconf 91' lang='lat' dir='ltr'>dulcis</span> <span class='ocrx_word' id='word_1_112' title='bbox 1351 1190 1461 1223; x_wconf 91' lang='lat' dir='ltr'>cum</span> <span class='ocrx_word' id='word_1_113' title='bbox 1492 1173 1637 1222; x_wconf 91' lang='lat' dir='ltr'>odore</span> <span class='ocrx_word' id='word_1_114' title='bbox 1671 1174 1927 1223; x_wconf 90' lang='lat' dir='ltr'>suavitatis</span> <span class='ocrx_word' id='word_1_115' title='bbox 1958 1192 2015 1223; x_wconf 89' lang='lat' dir='ltr'>ac</span> 
     </span>
     <span class='ocr_line' id='line_1_14' title="bbox 263 1256 2014 1323; baseline -0.001 -16"><span class='ocrx_word' id='word_1_116' title='bbox 263 1261 515 1323; x_wconf 87' lang='lat' dir='ltr'>splendore</span> <span class='ocrx_word' id='word_1_117' title='bbox 538 1261 659 1309; x_wconf 88' lang='lat' dir='ltr'>lucis</span> <span class='ocrx_word' id='word_1_118' title='bbox 683 1259 878 1308; x_wconf 87' lang='lat' dir='ltr'>audisti.</span> <span class='ocrx_word' id='word_1_119' title='bbox 946 1259 1024 1307; x_wconf 85' lang='lat' dir='ltr'>Tu</span> <span class='ocrx_word' id='word_1_120' title='bbox 1057 1263 1220 1306; x_wconf 87' lang='lat' dir='ltr'>autem</span> <span class='ocrx_word' id='word_1_121' title='bbox 1244 1256 1359 1320; x_wconf 89' lang='lat' dir='ltr'>quia</span> <span class='ocrx_word' id='word_1_122' title='bbox 1392 1273 1521 1305; x_wconf 91' lang='lat' dir='ltr'>nunc</span> <span class='ocrx_word' id='word_1_123' title='bbox 1552 1256 1610 1303; x_wconf 85' lang='lat' dir='ltr'>ad</span> <span class='ocrx_word' id='word_1_124' title='bbox 1636 1273 1807 1320; x_wconf 90' lang='lat' dir='ltr'>corpus</span> <span class='ocrx_word' id='word_1_125' title='bbox 1831 1258 2014 1307; x_wconf 86' lang='lat' dir='ltr'>reverti</span> 
     </span>
     <span class='ocr_line' id='line_1_15' title="bbox 263 1338 2014 1398; baseline -0.002 -8"><span class='ocrx_word' id='word_1_126' title='bbox 263 1349 312 1390; x_wconf 89' lang='lat' dir='ltr'>et</span> <span class='ocrx_word' id='word_1_127' title='bbox 347 1360 538 1390; x_wconf 90' lang='lat' dir='ltr'>rursum</span> <span class='ocrx_word' id='word_1_128' title='bbox 573 1342 702 1390; x_wconf 91' lang='lat' dir='ltr'>inter</span> <span class='ocrx_word' id='word_1_129' title='bbox 737 1342 956 1389; x_wconf 89' lang='lat' dir='ltr'>homines</span> <span class='ocrx_word' id='word_1_130' title='bbox 991 1340 1154 1388; x_wconf 91' lang='lat' dir='ltr'>vivere</span> <span class='ocrx_word' id='word_1_131' title='bbox 1190 1339 1347 1398; x_wconf 89' lang='lat' dir='ltr'>debes,</span> <span class='ocrx_word' id='word_1_132' title='bbox 1385 1338 1427 1386; x_wconf 89' lang='lat' dir='ltr'>si</span> <span class='ocrx_word' id='word_1_133' title='bbox 1461 1343 1597 1386; x_wconf 89' lang='lat' dir='ltr'>actus</span> <span class='ocrx_word' id='word_1_134' title='bbox 1632 1341 1743 1386; x_wconf 91' lang='lat' dir='ltr'>tuos</span> <span class='ocrx_word' id='word_1_135' title='bbox 1777 1339 2014 1387; x_wconf 88' lang='lat' dir='ltr'>curiosius</span> 
     </span>
     <span class='ocr_line' id='line_1_16' title="bbox 262 1420 2013 1486; baseline -0.002 -14"><span class='ocrx_word' id='word_1_136' title='bbox 262 1425 514 1486; x_wconf 88' lang='lat' dir='ltr'>discutere,</span> <span class='ocrx_word' id='word_1_137' title='bbox 541 1430 590 1473; x_wconf 89' lang='lat' dir='ltr'>et</span> <span class='ocrx_word' id='word_1_138' title='bbox 614 1442 772 1473; x_wconf 91' lang='lat' dir='ltr'>mores</span> <span class='ocrx_word' id='word_1_139' title='bbox 800 1439 1132 1486; x_wconf 89' lang='lat' dir='ltr'>sermonesque</span> <span class='ocrx_word' id='word_1_140' title='bbox 1159 1428 1271 1470; x_wconf 87' lang='lat' dir='ltr'>tuos</span> <span class='ocrx_word' id='word_1_141' title='bbox 1303 1421 1357 1468; x_wconf 93' lang='lat' dir='ltr'>in</span> <span class='ocrx_word' id='word_1_142' title='bbox 1381 1420 1674 1469; x_wconf 86' lang='lat' dir='ltr'>rectitudine</span> <span class='ocrx_word' id='word_1_143' title='bbox 1696 1438 1752 1469; x_wconf 92' lang='lat' dir='ltr'>ac</span> <span class='ocrx_word' id='word_1_144' title='bbox 1783 1420 2013 1484; x_wconf 87' lang='lat' dir='ltr'>simplici-</span> 
     </span>
     <span class='ocr_line' id='line_1_17' title="bbox 260 1503 2012 1570; baseline -0.001 -16"><span class='ocrx_word' id='word_1_145' title='bbox 260 1511 363 1555; x_wconf 86' lang='lat' dir='ltr'>tate</span> <span class='ocrx_word' id='word_1_146' title='bbox 388 1524 576 1556; x_wconf 88' lang='lat' dir='ltr'>servare</span> <span class='ocrx_word' id='word_1_147' title='bbox 599 1507 858 1567; x_wconf 87' lang='lat' dir='ltr'>studueris,</span> <span class='ocrx_word' id='word_1_148' title='bbox 882 1506 1088 1570; x_wconf 88' lang='lat' dir='ltr'>accipies</span> <span class='ocrx_word' id='word_1_149' title='bbox 1114 1511 1162 1554; x_wconf 92' lang='lat' dir='ltr'>et</span> <span class='ocrx_word' id='word_1_150' title='bbox 1190 1504 1294 1568; x_wconf 89' lang='lat' dir='ltr'>ipse</span> <span class='ocrx_word' id='word_1_151' title='bbox 1326 1508 1438 1567; x_wconf 86' lang='lat' dir='ltr'>post</span> <span class='ocrx_word' id='word_1_152' title='bbox 1462 1506 1668 1551; x_wconf 88' lang='lat' dir='ltr'>mortem</span> <span class='ocrx_word' id='word_1_153' title='bbox 1692 1503 1852 1552; x_wconf 91' lang='lat' dir='ltr'>locum</span> <span class='ocrx_word' id='word_1_154' title='bbox 1878 1521 2012 1552; x_wconf 89' lang='lat' dir='ltr'>man-</span> 
     </span>
     <span class='ocr_line' id='line_1_18' title="bbox 261 1585 2014 1654; baseline -0.001 -18"><span class='ocrx_word' id='word_1_155' title='bbox 261 1590 410 1638; x_wconf 87' lang='lat' dir='ltr'>sionis</span> <span class='ocrx_word' id='word_1_156' title='bbox 433 1590 564 1638; x_wconf 91' lang='lat' dir='ltr'>inter</span> <span class='ocrx_word' id='word_1_157' title='bbox 587 1590 688 1638; x_wconf 88' lang='lat' dir='ltr'>haec</span> <span class='ocrx_word' id='word_1_158' title='bbox 712 1607 818 1654; x_wconf 87' lang='lat' dir='ltr'>quae</span> <span class='ocrx_word' id='word_1_159' title='bbox 850 1589 1007 1638; x_wconf 88' lang='lat' dir='ltr'>cernis</span> <span class='ocrx_word' id='word_1_160' title='bbox 1039 1588 1235 1652; x_wconf 85' lang='lat' dir='ltr'>agmina</span> <span class='ocrx_word' id='word_1_161' title='bbox 1265 1585 1543 1635; x_wconf 80' lang='lat' dir='ltr'>laetabunda</span> <span class='ocrx_word' id='word_1_162' title='bbox 1566 1585 1828 1649; x_wconf 88' lang='lat' dir='ltr'>spirituum</span> <span class='ocrx_word' id='word_1_163' title='bbox 1853 1587 2014 1635; x_wconf 85' lang='lat' dir='ltr'>beato-</span> 
     </span>
     <span class='ocr_line' id='line_1_19' title="bbox 261 1668 2015 1736; baseline -0.001 -17"><span class='ocrx_word' id='word_1_164' title='bbox 261 1689 387 1722; x_wconf 90' lang='lat' dir='ltr'>rum.</span> <span class='ocrx_word' id='word_1_165' title='bbox 457 1673 679 1736; x_wconf 87' lang='lat' dir='ltr'>Namque</span> <span class='ocrx_word' id='word_1_166' title='bbox 698 1689 784 1736; x_wconf 88' lang='lat' dir='ltr'>ego</span> <span class='ocrx_word' id='word_1_167' title='bbox 809 1690 920 1721; x_wconf 91' lang='lat' dir='ltr'>cum</span> <span class='ocrx_word' id='word_1_168' title='bbox 943 1672 1005 1721; x_wconf 89' lang='lat' dir='ltr'>ad</span> <span class='ocrx_word' id='word_1_169' title='bbox 1030 1677 1222 1734; x_wconf 89' lang='lat' dir='ltr'>tempus</span> <span class='ocrx_word' id='word_1_170' title='bbox 1246 1668 1578 1717; x_wconf 89' lang='lat' dir='ltr'>abscessissem</span> <span class='ocrx_word' id='word_1_171' title='bbox 1595 1686 1624 1716; x_wconf 85' lang='lat' dir='ltr'>a</span> <span class='ocrx_word' id='word_1_172' title='bbox 1640 1674 1704 1726; x_wconf 87' lang='lat' dir='ltr'>te,</span> <span class='ocrx_word' id='word_1_173' title='bbox 1730 1669 1790 1716; x_wconf 88' lang='lat' dir='ltr'>ad</span> <span class='ocrx_word' id='word_1_174' title='bbox 1814 1668 1900 1717; x_wconf 89' lang='lat' dir='ltr'>hoc</span> <span class='ocrx_word' id='word_1_175' title='bbox 1924 1669 2015 1718; x_wconf 87' lang='lat' dir='ltr'>feci</span> 
     </span>
     <span class='ocr_line' id='line_1_20' title="bbox 263 1750 2010 1818; baseline -0.001 -16"><span class='ocrx_word' id='word_1_176' title='bbox 263 1761 319 1803; x_wconf 90' lang='lat' dir='ltr'>ut</span> <span class='ocrx_word' id='word_1_177' title='bbox 337 1754 458 1818; x_wconf 90' lang='lat' dir='ltr'>quid</span> <span class='ocrx_word' id='word_1_178' title='bbox 476 1756 536 1803; x_wconf 90' lang='lat' dir='ltr'>de</span> <span class='ocrx_word' id='word_1_179' title='bbox 553 1761 602 1803; x_wconf 90' lang='lat' dir='ltr'>te</span> <span class='ocrx_word' id='word_1_180' title='bbox 620 1755 725 1803; x_wconf 88' lang='lat' dir='ltr'>fieri</span> <span class='ocrx_word' id='word_1_181' title='bbox 744 1755 940 1804; x_wconf 88' lang='lat' dir='ltr'>deberet</span> <span class='ocrx_word' id='word_1_182' title='bbox 958 1770 1282 1817; x_wconf 84' lang='lat' dir='ltr'>agnoscerem.</span> <span class='ocrx_word' id='word_1_183' title='bbox 1375 1751 1496 1799; x_wconf 88' lang='lat' dir='ltr'>Haec</span> <span class='ocrx_word' id='word_1_184' title='bbox 1515 1750 1638 1798; x_wconf 90' lang='lat' dir='ltr'>mihi</span> <span class='ocrx_word' id='word_1_185' title='bbox 1662 1768 1771 1799; x_wconf 92' lang='lat' dir='ltr'>cum</span> <span class='ocrx_word' id='word_1_186' title='bbox 1797 1751 2010 1812; x_wconf 88' lang='lat' dir='ltr'>dixisset,</span> 
     </span>
     <span class='ocr_line' id='line_1_21' title="bbox 261 1834 2014 1898; baseline -0.001 -14"><span class='ocrx_word' id='word_1_187' title='bbox 261 1838 471 1885; x_wconf 91' lang='lat' dir='ltr'>multum</span> <span class='ocrx_word' id='word_1_188' title='bbox 505 1838 772 1886; x_wconf 86' lang='lat' dir='ltr'>detestatus</span> <span class='ocrx_word' id='word_1_189' title='bbox 808 1855 914 1885; x_wconf 89' lang='lat' dir='ltr'>sum</span> <span class='ocrx_word' id='word_1_190' title='bbox 949 1837 1129 1885; x_wconf 89' lang='lat' dir='ltr'>reverti</span> <span class='ocrx_word' id='word_1_191' title='bbox 1164 1836 1226 1884; x_wconf 92' lang='lat' dir='ltr'>ad</span> <span class='ocrx_word' id='word_1_192' title='bbox 1261 1851 1450 1898; x_wconf 79' lang='lat' dir='ltr'>corPUS,</span> <span class='ocrx_word' id='word_1_193' title='bbox 1480 1834 1745 1882; x_wconf 87' lang='lat' dir='ltr'>delectatus</span> <span class='ocrx_word' id='word_1_194' title='bbox 1781 1834 2014 1883; x_wconf 91' lang='lat' dir='ltr'>nimirum</span> 
     </span>
     <span class='ocr_line' id='line_1_22' title="bbox 261 1916 2013 1983; baseline -0.001 -15"><span class='ocrx_word' id='word_1_195' title='bbox 261 1919 500 1969; x_wconf 89' lang='lat' dir='ltr'>suavitate</span> <span class='ocrx_word' id='word_1_196' title='bbox 524 1938 579 1969; x_wconf 87' lang='lat' dir='ltr'>ac</span> <span class='ocrx_word' id='word_1_197' title='bbox 604 1921 773 1969; x_wconf 90' lang='lat' dir='ltr'>decore</span> <span class='ocrx_word' id='word_1_198' title='bbox 805 1921 900 1969; x_wconf 92' lang='lat' dir='ltr'>loci</span> <span class='ocrx_word' id='word_1_199' title='bbox 931 1920 1065 1968; x_wconf 90' lang='lat' dir='ltr'>illius</span> <span class='ocrx_word' id='word_1_200' title='bbox 1090 1936 1235 1983; x_wconf 90' lang='lat' dir='ltr'>quem</span> <span class='ocrx_word' id='word_1_201' title='bbox 1266 1917 1504 1974; x_wconf 90' lang='lat' dir='ltr'>intuebar,</span> <span class='ocrx_word' id='word_1_202' title='bbox 1530 1916 1677 1964; x_wconf 89' lang='lat' dir='ltr'>simul</span> <span class='ocrx_word' id='word_1_203' title='bbox 1700 1921 1750 1964; x_wconf 93' lang='lat' dir='ltr'>et</span> <span class='ocrx_word' id='word_1_204' title='bbox 1773 1918 2013 1966; x_wconf 92' lang='lat' dir='ltr'>consortio</span> 
     </span>
     <span class='ocr_line' id='line_1_23' title="bbox 262 1998 2014 2066; baseline -0.001 -16"><span class='ocrx_word' id='word_1_205' title='bbox 262 2019 432 2050; x_wconf 91' lang='lat' dir='ltr'>eorum</span> <span class='ocrx_word' id='word_1_206' title='bbox 478 2019 596 2066; x_wconf 88' lang='lat' dir='ltr'>quos</span> <span class='ocrx_word' id='word_1_207' title='bbox 642 2003 697 2051; x_wconf 94' lang='lat' dir='ltr'>in</span> <span class='ocrx_word' id='word_1_208' title='bbox 737 2003 824 2051; x_wconf 94' lang='lat' dir='ltr'>illo</span> <span class='ocrx_word' id='word_1_209' title='bbox 861 2003 1102 2052; x_wconf 88' lang='lat' dir='ltr'>videbam.</span> <span class='ocrx_word' id='word_1_210' title='bbox 1192 2001 1296 2049; x_wconf 92' lang='lat' dir='ltr'>Nec</span> <span class='ocrx_word' id='word_1_211' title='bbox 1337 2005 1500 2047; x_wconf 87' lang='lat' dir='ltr'>tamen</span> <span class='ocrx_word' id='word_1_212' title='bbox 1541 1998 1724 2062; x_wconf 85' lang='lat' dir='ltr'>aliquid</span> <span class='ocrx_word' id='word_1_213' title='bbox 1764 1999 2014 2049; x_wconf 89' lang='lat' dir='ltr'>ductorem</span> 
     </span>
     <span class='ocr_line' id='line_1_24' title="bbox 265 2081 2015 2149; baseline -0.001 -17"><span class='ocrx_word' id='word_1_214' title='bbox 265 2102 426 2133; x_wconf 90' lang='lat' dir='ltr'>meum</span> <span class='ocrx_word' id='word_1_215' title='bbox 449 2102 622 2149; x_wconf 88' lang='lat' dir='ltr'>rogare</span> <span class='ocrx_word' id='word_1_216' title='bbox 646 2086 884 2133; x_wconf 86' lang='lat' dir='ltr'>audebam</span> <span class='ocrx_word' id='word_1_217' title='bbox 904 2103 915 2132; x_wconf 72' lang='grc' dir='ltr'>ε</span> <span class='ocrx_word' id='word_1_218' title='bbox 950 2085 1035 2135; x_wconf 90' lang='lat' dir='ltr'>sed</span> <span class='ocrx_word' id='word_1_219' title='bbox 1058 2085 1187 2133; x_wconf 88' lang='lat' dir='ltr'>inter</span> <span class='ocrx_word' id='word_1_220' title='bbox 1209 2083 1312 2131; x_wconf 85' lang='lat' dir='ltr'>haec</span> <span class='ocrx_word' id='word_1_221' title='bbox 1337 2082 1495 2130; x_wconf 89' lang='lat' dir='ltr'>nescio</span> <span class='ocrx_word' id='word_1_222' title='bbox 1514 2099 1609 2145; x_wconf 91' lang='lat' dir='ltr'>quo</span> <span class='ocrx_word' id='word_1_223' title='bbox 1628 2081 1793 2130; x_wconf 87' lang='lat' dir='ltr'>ordine</span> <span class='ocrx_word' id='word_1_224' title='bbox 1817 2089 2015 2146; x_wconf 91' lang='lat' dir='ltr'>repente</span> 
     </span>
     <span class='ocr_line' id='line_1_25' title="bbox 263 2166 1110 2217; baseline 0.005 -4"><span class='ocrx_word' id='word_1_225' title='bbox 263 2183 340 2214; x_wconf 90' lang='lat' dir='ltr'>me</span> <span class='ocrx_word' id='word_1_226' title='bbox 362 2167 491 2215; x_wconf 90' lang='lat' dir='ltr'>inter</span> <span class='ocrx_word' id='word_1_227' title='bbox 512 2167 732 2216; x_wconf 91' lang='lat' dir='ltr'>homines</span> <span class='ocrx_word' id='word_1_228' title='bbox 756 2167 917 2216; x_wconf 91' lang='lat' dir='ltr'>vivere</span> <span class='ocrx_word' id='word_1_229' title='bbox 941 2166 1110 2217; x_wconf 58' lang='lat' dir='ltr'>cerno?</span> 
     </span>
    </p>

    <p class='ocr_par' dir='ltr' id='par_1_4' title="bbox 263 2247 2016 3385">
     <span class='ocr_line' id='line_1_26' title="bbox 333 2247 2014 2314; baseline -0.001 -19"><span class='ocrx_word' id='word_1_230' title='bbox 333 2249 454 2298; x_wconf 86' lang='lat' dir='ltr'>Haec</span> <span class='ocrx_word' id='word_1_231' title='bbox 495 2255 544 2297; x_wconf 89' lang='lat' dir='ltr'>et</span> <span class='ocrx_word' id='word_1_232' title='bbox 591 2249 686 2298; x_wconf 90' lang='lat' dir='ltr'>alia</span> <span class='ocrx_word' id='word_1_233' title='bbox 733 2267 840 2314; x_wconf 89' lang='lat' dir='ltr'>quae</span> <span class='ocrx_word' id='word_1_234' title='bbox 879 2250 1068 2298; x_wconf 90' lang='lat' dir='ltr'>viderat</span> <span class='ocrx_word' id='word_1_235' title='bbox 1115 2249 1243 2297; x_wconf 89' lang='lat' dir='ltr'>idem</span> <span class='ocrx_word' id='word_1_236' title='bbox 1283 2248 1360 2296; x_wconf 89' lang='lat' dir='ltr'>vir</span> <span class='ocrx_word' id='word_1_237' title='bbox 1402 2247 1616 2306; x_wconf 88' lang='lat' dir='ltr'>Domini,</span> <span class='ocrx_word' id='word_1_238' title='bbox 1652 2264 1750 2295; x_wconf 93' lang='lat' dir='ltr'>non</span> <span class='ocrx_word' id='word_1_239' title='bbox 1791 2247 2014 2295; x_wconf 92' lang='lat' dir='ltr'>omnibus</span> 
     </span>
     <span class='ocr_line' id='line_1_27' title="bbox 264 2330 2014 2393; baseline 0 -15"><span class='ocrx_word' id='word_1_240' title='bbox 264 2331 442 2393; x_wconf 88' lang='lat' dir='ltr'>passim</span> <span class='ocrx_word' id='word_1_241' title='bbox 477 2332 730 2380; x_wconf 87' lang='lat' dir='ltr'>desidiosis</span> <span class='ocrx_word' id='word_1_242' title='bbox 765 2350 819 2381; x_wconf 91' lang='lat' dir='ltr'>ac</span> <span class='ocrx_word' id='word_1_243' title='bbox 853 2333 970 2382; x_wconf 85' lang='lat' dir='ltr'>vitae</span> <span class='ocrx_word' id='word_1_244' title='bbox 1012 2349 1112 2382; x_wconf 82' lang='lat' dir='ltr'>suae</span> <span class='ocrx_word' id='word_1_245' title='bbox 1147 2330 1402 2380; x_wconf 89' lang='lat' dir='ltr'>incuriosis</span> <span class='ocrx_word' id='word_1_246' title='bbox 1443 2331 1621 2378; x_wconf 89' lang='lat' dir='ltr'>referre</span> <span class='ocrx_word' id='word_1_247' title='bbox 1661 2330 1880 2390; x_wconf 80' lang='lat' dir='ltr'>volebat3</span> <span class='ocrx_word' id='word_1_248' title='bbox 1930 2331 2014 2378; x_wconf 88' lang='lat' dir='ltr'>sed</span> 
     </span>
     <span class='ocr_line' id='line_1_28' title="bbox 263 2413 2015 2479; baseline 0.001 -19"><span class='ocrx_word' id='word_1_249' title='bbox 263 2413 361 2460; x_wconf 91' lang='lat' dir='ltr'>illis</span> <span class='ocrx_word' id='word_1_250' title='bbox 397 2413 712 2474; x_wconf 89' lang='lat' dir='ltr'>solummodo,</span> <span class='ocrx_word' id='word_1_251' title='bbox 738 2415 821 2479; x_wconf 90' lang='lat' dir='ltr'>qui</span> <span class='ocrx_word' id='word_1_252' title='bbox 856 2415 934 2464; x_wconf 94' lang='lat' dir='ltr'>vel</span> <span class='ocrx_word' id='word_1_253' title='bbox 963 2418 1319 2463; x_wconf 92' lang='lat' dir='ltr'>tormentorum</span> <span class='ocrx_word' id='word_1_254' title='bbox 1355 2417 1487 2461; x_wconf 88' lang='lat' dir='ltr'>metu</span> <span class='ocrx_word' id='word_1_255' title='bbox 1522 2413 1788 2476; x_wconf 87' lang='lat' dir='ltr'>perterriti,</span> <span class='ocrx_word' id='word_1_256' title='bbox 1821 2413 1899 2462; x_wconf 92' lang='lat' dir='ltr'>vel</span> <span class='ocrx_word' id='word_1_257' title='bbox 1931 2429 2015 2476; x_wconf 89' lang='lat' dir='ltr'>spe</span> 
     </span>
     <span class='ocr_line' id='line_1_29' title="bbox 263 2495 2015 2561; baseline 0.001 -19"><span class='ocrx_word' id='word_1_258' title='bbox 263 2495 552 2558; x_wconf 87' lang='lat' dir='ltr'>gaudiorum</span> <span class='ocrx_word' id='word_1_259' title='bbox 576 2498 860 2560; x_wconf 88' lang='lat' dir='ltr'>perennium</span> <span class='ocrx_word' id='word_1_260' title='bbox 879 2497 1118 2555; x_wconf 88' lang='lat' dir='ltr'>delectati,</span> <span class='ocrx_word' id='word_1_261' title='bbox 1137 2497 1404 2561; x_wconf 89' lang='lat' dir='ltr'>profectum</span> <span class='ocrx_word' id='word_1_262' title='bbox 1429 2496 1626 2559; x_wconf 86' lang='lat' dir='ltr'>pietatis</span> <span class='ocrx_word' id='word_1_263' title='bbox 1647 2513 1708 2544; x_wconf 90' lang='lat' dir='ltr'>ex</span> <span class='ocrx_word' id='word_1_264' title='bbox 1732 2497 1832 2558; x_wconf 87' lang='lat' dir='ltr'>ejus</span> <span class='ocrx_word' id='word_1_265' title='bbox 1855 2495 2015 2544; x_wconf 84' lang='lat' dir='ltr'>verbis</span> 
     </span>
     <span class='ocr_line' id='line_1_30' title="bbox 263 2577 2016 2644; baseline 0.001 -20"><span class='ocrx_word' id='word_1_266' title='bbox 263 2577 459 2626; x_wconf 89' lang='lat' dir='ltr'>haurire</span> <span class='ocrx_word' id='word_1_267' title='bbox 499 2579 740 2629; x_wconf 88' lang='lat' dir='ltr'>volebant.</span> <span class='ocrx_word' id='word_1_268' title='bbox 826 2580 1050 2644; x_wconf 91' lang='lat' dir='ltr'>Denique</span> <span class='ocrx_word' id='word_1_269' title='bbox 1091 2580 1142 2627; x_wconf 91' lang='lat' dir='ltr'>in</span> <span class='ocrx_word' id='word_1_270' title='bbox 1183 2578 1361 2627; x_wconf 91' lang='lat' dir='ltr'>vicinia</span> <span class='ocrx_word' id='word_1_271' title='bbox 1406 2578 1538 2627; x_wconf 85' lang='lat' dir='ltr'>cellae</span> <span class='ocrx_word' id='word_1_272' title='bbox 1585 2578 1721 2626; x_wconf 91' lang='lat' dir='ltr'>illius</span> <span class='ocrx_word' id='word_1_273' title='bbox 1763 2578 2016 2627; x_wconf 86' lang='lat' dir='ltr'>habitabat</span> 
     </span>
     <span class='ocr_line' id='line_1_31' title="bbox 264 2661 1938 2743; baseline 0 -35"><span class='ocrx_word' id='word_1_274' title='bbox 264 2661 462 2723; x_wconf 86' lang='lat' dir='ltr'>quidam</span> <span class='ocrx_word' id='word_1_275' title='bbox 493 2662 767 2720; x_wconf 89' lang='lat' dir='ltr'>monachus,</span> <span class='ocrx_word' id='word_1_276' title='bbox 792 2663 985 2711; x_wconf 91' lang='lat' dir='ltr'>nomine</span> <span class='ocrx_word' id='word_1_277' title='bbox 1015 2662 1284 2725; x_wconf 88' lang='lat' dir='ltr'>Haemgils,</span> <span class='ocrx_word' id='word_1_278' title='bbox 1309 2662 1672 2725; x_wconf 84' lang='lat' dir='ltr'>presbyteratus</span> <span class='ocrx_word' id='word_1_279' title='bbox 1749 2708 1874 2743; x_wconf 83' lang='lat' dir='ltr'>which</span> <span class='ocrx_word' id='word_1_280' title='bbox 1889 2708 1938 2742; x_wconf 82' lang='lat' dir='ltr'>he</span> 
     </span>
     <span class='ocr_line' id='line_1_32' title="bbox 264 2743 1938 2814; baseline 0.001 -23"><span class='ocrx_word' id='word_1_281' title='bbox 264 2744 426 2802; x_wconf 90' lang='lat' dir='ltr'>etiam,</span> <span class='ocrx_word' id='word_1_282' title='bbox 456 2760 601 2806; x_wconf 93' lang='lat' dir='ltr'>quem</span> <span class='ocrx_word' id='word_1_283' title='bbox 637 2744 776 2792; x_wconf 92' lang='lat' dir='ltr'>bonis</span> <span class='ocrx_word' id='word_1_284' title='bbox 811 2745 1001 2793; x_wconf 91' lang='lat' dir='ltr'>actibus</span> <span class='ocrx_word' id='word_1_285' title='bbox 1035 2745 1331 2808; x_wconf 77' lang='lat' dir='ltr'>adaequabat,</span> <span class='ocrx_word' id='word_1_286' title='bbox 1363 2743 1519 2807; x_wconf 86' lang='lat' dir='ltr'>gradu</span> <span class='ocrx_word' id='word_1_287' title='bbox 1550 2761 1671 2807; x_wconf 83' lang='lat' dir='ltr'>prae-</span> <span class='ocrx_word' id='word_1_288' title='bbox 1746 2758 1938 2814; x_wconf 30' lang='lat' dir='ltr'>relates&#39;to</span> 
     </span>
     <span class='ocr_line' id='line_1_33' title="bbox 265 2807 1945 2891; baseline 0 -17"><span class='ocrx_word' id='word_1_289' title='bbox 265 2826 495 2885; x_wconf 91' lang='lat' dir='ltr'>eminens,</span> <span class='ocrx_word' id='word_1_290' title='bbox 522 2826 603 2890; x_wconf 89' lang='lat' dir='ltr'>qui</span> <span class='ocrx_word' id='word_1_291' title='bbox 633 2827 789 2875; x_wconf 77' lang='lat' dir='ltr'>adhuc</span> <span class='ocrx_word' id='word_1_292' title='bbox 821 2831 1052 2891; x_wconf 91' lang='lat' dir='ltr'>superest,</span> <span class='ocrx_word' id='word_1_293' title='bbox 1078 2832 1127 2875; x_wconf 92' lang='lat' dir='ltr'>et</span> <span class='ocrx_word' id='word_1_294' title='bbox 1158 2827 1212 2875; x_wconf 92' lang='lat' dir='ltr'>in</span> <span class='ocrx_word' id='word_1_295' title='bbox 1242 2826 1484 2876; x_wconf 88' lang='lat' dir='ltr'>Hibernia</span> <span class='ocrx_word' id='word_1_296' title='bbox 1513 2826 1673 2875; x_wconf 90' lang='lat' dir='ltr'>insula</span> <span class='ocrx_word' id='word_1_297' title='bbox 1746 2807 1945 2850; x_wconf 77' lang='lat' dir='ltr'>Haemgfls,</span> 
     </span>
     <span class='ocr_line' id='line_1_34' title="bbox 263 2907 2014 2973; baseline -0.001 -18"><span class='ocrx_word' id='word_1_298' title='bbox 263 2908 509 2956; x_wconf 88' lang='lat' dir='ltr'>solitarius</span> <span class='ocrx_word' id='word_1_299' title='bbox 544 2909 769 2956; x_wconf 89' lang='lat' dir='ltr'>ultimam</span> <span class='ocrx_word' id='word_1_300' title='bbox 802 2909 918 2957; x_wconf 91' lang='lat' dir='ltr'>vitae</span> <span class='ocrx_word' id='word_1_301' title='bbox 956 2915 1148 2958; x_wconf 76' lang='lat' dir='ltr'>aetatem</span> <span class='ocrx_word' id='word_1_302' title='bbox 1188 2926 1311 2973; x_wconf 89' lang='lat' dir='ltr'>pane</span> <span class='ocrx_word' id='word_1_303' title='bbox 1353 2908 1535 2958; x_wconf 88' lang='lat' dir='ltr'>cibario</span> <span class='ocrx_word' id='word_1_304' title='bbox 1577 2913 1627 2957; x_wconf 89' lang='lat' dir='ltr'>et</span> <span class='ocrx_word' id='word_1_305' title='bbox 1673 2907 1851 2971; x_wconf 85' lang='lat' dir='ltr'>frigida</span> <span class='ocrx_word' id='word_1_306' title='bbox 1888 2922 2014 2968; x_wconf 87' lang='lat' dir='ltr'>aqua</span> 
     </span>
     <span class='ocr_line' id='line_1_35' title="bbox 265 2987 2014 3055; baseline -0.001 -19"><span class='ocrx_word' id='word_1_307' title='bbox 265 2994 519 3039; x_wconf 88' lang='lat' dir='ltr'>sustentat.</span> <span class='ocrx_word' id='word_1_308' title='bbox 600 2990 702 3038; x_wconf 88' lang='lat' dir='ltr'>Hic</span> <span class='ocrx_word' id='word_1_309' title='bbox 727 2991 902 3054; x_wconf 85' lang='lat' dir='ltr'>saepius</span> <span class='ocrx_word' id='word_1_310' title='bbox 926 2991 988 3039; x_wconf 90' lang='lat' dir='ltr'>ad</span> <span class='ocrx_word' id='word_1_311' title='bbox 1012 2991 1215 3040; x_wconf 89' lang='lat' dir='ltr'>eundem</span> <span class='ocrx_word' id='word_1_312' title='bbox 1238 2991 1400 3040; x_wconf 91' lang='lat' dir='ltr'>virum</span> <span class='ocrx_word' id='word_1_313' title='bbox 1422 2991 1716 3055; x_wconf 88' lang='lat' dir='ltr'>ingrediens,</span> <span class='ocrx_word' id='word_1_314' title='bbox 1741 2987 1929 3036; x_wconf 88' lang='lat' dir='ltr'>audivit</span> <span class='ocrx_word' id='word_1_315' title='bbox 1952 2987 2014 3034; x_wconf 86' lang='lat' dir='ltr'>ab</span> 
     </span>
     <span class='ocr_line' id='line_1_36' title="bbox 266 3072 2014 3138; baseline -0.002 -19"><span class='ocrx_word' id='word_1_316' title='bbox 266 3089 321 3120; x_wconf 92' lang='lat' dir='ltr'>eo</span> <span class='ocrx_word' id='word_1_317' title='bbox 363 3072 567 3136; x_wconf 91' lang='lat' dir='ltr'>repetita</span> <span class='ocrx_word' id='word_1_318' title='bbox 614 3073 1007 3137; x_wconf 84' lang='lat' dir='ltr'>interrogatione,</span> <span class='ocrx_word' id='word_1_319' title='bbox 1049 3091 1155 3138; x_wconf 84' lang='lat' dir='ltr'>quae</span> <span class='ocrx_word' id='word_1_320' title='bbox 1196 3079 1246 3122; x_wconf 92' lang='lat' dir='ltr'>et</span> <span class='ocrx_word' id='word_1_321' title='bbox 1287 3074 1450 3138; x_wconf 88' lang='lat' dir='ltr'>qualia</span> <span class='ocrx_word' id='word_1_322' title='bbox 1489 3078 1647 3122; x_wconf 90' lang='lat' dir='ltr'>essent</span> <span class='ocrx_word' id='word_1_323' title='bbox 1688 3088 1797 3134; x_wconf 76' lang='lat' dir='ltr'>quae</span> <span class='ocrx_word' id='word_1_324' title='bbox 1839 3073 2014 3118; x_wconf 85' lang='lat' dir='ltr'>exutus</span> 
     </span>
     <span class='ocr_line' id='line_1_37' title="bbox 266 3150 2013 3219; baseline -0.003 -17"><span class='ocrx_word' id='word_1_325' title='bbox 266 3172 465 3218; x_wconf 89' lang='lat' dir='ltr'>corpore</span> <span class='ocrx_word' id='word_1_326' title='bbox 488 3155 704 3204; x_wconf 90' lang='lat' dir='ltr'>videret:</span> <span class='ocrx_word' id='word_1_327' title='bbox 742 3173 829 3219; x_wconf 91' lang='lat' dir='ltr'>per</span> <span class='ocrx_word' id='word_1_328' title='bbox 854 3157 990 3218; x_wconf 85' lang='lat' dir='ltr'>cujus</span> <span class='ocrx_word' id='word_1_329' title='bbox 1015 3156 1308 3214; x_wconf 88' lang='lat' dir='ltr'>relationem,</span> <span class='ocrx_word' id='word_1_330' title='bbox 1333 3156 1394 3204; x_wconf 88' lang='lat' dir='ltr'>ad</span> <span class='ocrx_word' id='word_1_331' title='bbox 1426 3160 1639 3204; x_wconf 89' lang='lat' dir='ltr'>nostram</span> <span class='ocrx_word' id='word_1_332' title='bbox 1670 3168 1857 3216; x_wconf 87' lang='lat' dir='ltr'>quoque</span> <span class='ocrx_word' id='word_1_333' title='bbox 1881 3150 2013 3214; x_wconf 88' lang='lat' dir='ltr'>agni-</span> 
     </span>
     <span class='ocr_line' id='line_1_38' title="bbox 266 3234 2014 3302; baseline -0.002 -17"><span class='ocrx_word' id='word_1_334' title='bbox 266 3238 445 3286; x_wconf 91' lang='lat' dir='ltr'>tionem</span> <span class='ocrx_word' id='word_1_335' title='bbox 482 3254 744 3300; x_wconf 87' lang='lat' dir='ltr'>pervenere</span> <span class='ocrx_word' id='word_1_336' title='bbox 779 3255 886 3301; x_wconf 90' lang='lat' dir='ltr'>quae</span> <span class='ocrx_word' id='word_1_337' title='bbox 921 3238 982 3286; x_wconf 92' lang='lat' dir='ltr'>de</span> <span class='ocrx_word' id='word_1_338' title='bbox 1016 3237 1094 3287; x_wconf 85' lang='lat' dir='ltr'>his</span> <span class='ocrx_word' id='word_1_339' title='bbox 1129 3255 1280 3302; x_wconf 87' lang='lat' dir='ltr'>pauca</span> <span class='ocrx_word' id='word_1_340' title='bbox 1315 3237 1700 3302; x_wconf 86' lang='lat' dir='ltr'>perstrinximus.</span> <span class='ocrx_word' id='word_1_341' title='bbox 1771 3234 2014 3283; x_wconf 86' lang='lat' dir='ltr'>Narrabat</span> 
     </span>
     <span class='ocr_line' id='line_1_39' title="bbox 266 3315 2014 3385; baseline -0.002 -18"><span class='ocrx_word' id='word_1_342' title='bbox 266 3328 431 3369; x_wconf 81' lang='lat' dir='ltr'>autem</span> <span class='ocrx_word' id='word_1_343' title='bbox 456 3319 663 3369; x_wconf 86' lang='lat' dir='ltr'>visiones</span> <span class='ocrx_word' id='word_1_344' title='bbox 687 3337 797 3369; x_wconf 83' lang='lat' dir='ltr'>suas</span> <span class='ocrx_word' id='word_1_345' title='bbox 821 3320 967 3370; x_wconf 78' lang='lat' dir='ltr'>etlam</span> <span class='ocrx_word' id='word_1_346' title='bbox 992 3320 1094 3385; x_wconf 87' lang='lat' dir='ltr'>regi</span> <span class='ocrx_word' id='word_1_347' title='bbox 1114 3320 1344 3370; x_wconf 82' lang='lat' dir='ltr'>Aldfrido</span> <span class='ocrx_word' id='word_1_348' title='bbox 1363 3321 1470 3370; x_wconf 88' lang='lat' dir='ltr'>viro</span> <span class='ocrx_word' id='word_1_349' title='bbox 1490 3319 1821 3381; x_wconf 84' lang='lat' dir='ltr'>undecumque</span> <span class='ocrx_word' id='word_1_350' title='bbox 1839 3315 2014 3364; x_wconf 89' lang='lat' dir='ltr'>doctis-</span> 
     </span>
    </p>
   </div>
   <div class='ocr_carea' id='block_1_4' title="bbox 1288 1753 1315 1771">
    <p class='ocr_par' dir='ltr' id='par_1_5' title="bbox 1288 1753 1315 1771">
     <span class='ocr_line' id='line_1_40' title="bbox 1288 1753 1315 1771; baseline 0 0"><span class='ocrx_word' id='word_1_351' title='bbox 1288 1753 1315 1771; x_wconf 62' lang='grc' dir='ltr'>,θ</span> 
     </span>
    </p>
   </div>
  </div>
 </body>
</html>
