2216 3554
321 232 385 278 86
899 227 1126 303 Historia
1160 225 1498 276 Ecclesiastica
1865 223 1999 294 [Lm.
2014 243 2071 275 11.

320 377 417 423 quo
442 359 579 408 malis
602 358 924 423 praesentibus
947 358 1116 407 durius
1141 357 1513 422 deprimebatur,
1534 373 1589 405 eo
1613 356 1673 405 de
1696 362 1877 406 aeterna
1899 359 2076 407 certius

319 442 695 506 praesumptione
718 441 1002 506 respirabat.

389 525 510 573 Haec
546 524 742 588 quidem
771 525 838 572 ¹de
872 523 1138 571 immortali
1167 521 1269 586 ejus
1300 521 1400 570 sint
1438 522 1569 570 dicta
1599 521 1808 584 ingenio,
1835 521 1966 585 quod
1990 538 2076 570 nec

320 612 458 655 tanto
484 606 696 670 corporis
719 606 882 670 potuit
905 606 1070 654 dolore
1088 604 1340 668 restingui.
1411 605 1541 654 Nam
1569 604 1653 651 alii
1687 604 1885 667 quidem
1915 603 2078 667 ponti-

322 688 434 737 fices
459 689 794 737 construendis
818 688 1142 751 ornandisque
1167 704 1283 736 auro
1311 687 1389 735 vel
1421 690 1623 750 argento
1647 686 1858 734 ecclesiis
1883 702 2078 749 operam

323 772 532 820 dabant:
567 771 647 819 hic
682 775 843 819 autem
878 774 1011 819 totus
1047 786 1159 833 erga
1189 770 1460 818 animarum
1481 770 1618 818 lucra
1640 770 1854 818 vacabat.
1927 767 2080 828 Quid-

324 853 441 917 quid
475 853 690 917 pecuniae
726 853 976 911 habuerat,
1002 852 1197 900 sedulus
1232 852 1323 901 hoc
1357 852 1634 915 dispergere
1668 868 1723 900 ac
1757 851 1870 898 dare
1902 865 2081 913 paupe-

322 935 458 984 ribus
495 936 706 994 curabat,
742 938 799 982 ut
829 934 1022 998 justitia
1063 936 1165 997 ejus
1211 940 1428 982 maneret
1462 934 1514 981 in
1549 934 1779 983 saeculum
1815 931 1995 990 saeculi,
2032 936 2082 978 et

325 1034 475 1066 cornu
494 1020 596 1080 ejus
624 1017 922 1065 exaltaretur
944 1016 995 1063 in
1019 1016 1174 1080 gloria
1192 1034 1206 1077 3
1243 1017 1312 1064 ita
1330 1017 1526 1064 utillud
1548 1016 1678 1064 beati
1696 1017 1727 1064 J
1733 1017 1793 1064 ob
1809 1015 1825 1042 ²
1849 1013 2084 1064 veraciter

323 1100 482 1149 dicere
517 1105 707 1164 posset:
748 1097 929 1147 ‘Auris
964 1098 1166 1147 audiens
1200 1098 1506 1147 beatificabat
1535 1116 1625 1158 me,
1651 1104 1700 1147 et
1725 1098 1891 1146 oculus
1914 1095 2084 1144 videns

323 1183 658 1232 testimonium
698 1181 929 1229 reddebat
978 1180 1112 1240 mihi,
1163 1181 1293 1244 quod
1341 1180 1619 1229 liberassem
1654 1197 1915 1244 pauperem
1956 1177 2085 1227 voci-

323 1266 572 1325 ferantem,
593 1268 642 1313 et
658 1263 902 1327 pupillum
926 1263 1005 1311 cui
1028 1280 1126 1311 non
1151 1268 1273 1312 esset
1297 1264 1506 1327 adjutor.
1577 1263 1861 1311 Benedictio
1879 1259 2086 1325 perituri

325 1365 471 1410 super
519 1363 595 1395 me
642 1346 882 1405 veniebat,
931 1349 981 1393 et
1035 1362 1118 1394 cor
1160 1345 1322 1393 viduae
1380 1345 1652 1394 consolatus
1687 1362 1810 1394 sum.
1880 1345 1913 1392 J
1917 1344 2086 1392 ustitia

324 1430 526 1477 indutus
573 1445 694 1489 sum,
745 1433 795 1476 et
842 1427 1043 1476 vestivit
1091 1445 1169 1476 me
1219 1429 1344 1476 sicut
1390 1428 1679 1476 vestimento
1715 1431 1765 1475 et
1800 1427 2085 1486 diademate,

319 1511 504 1575 judicio
552 1528 672 1560 meo..
757 1511 940 1560 Oculus
986 1510 1057 1558 fui
1105 1527 1243 1571 caeco,
1291 1516 1341 1559 et
1387 1526 1470 1574 pes
1516 1510 1700 1559 claudo.
1772 1510 1916 1558 Pater
1956 1525 2087 1557 eram

325 1610 609 1658 pauperum,
650 1596 699 1641 et
735 1609 929 1641 causam
970 1609 1118 1656 quam
1165 1593 1452 1651 nesciebam,
1487 1591 1856 1654 diligentissime
1889 1590 2086 1640 investi-

327 1677 513 1739 gabam.
551 1675 871 1725 Conterebam
890 1675 1041 1722 molas
1065 1675 1235 1738 iniqui,
1256 1681 1305 1723 et
1329 1675 1388 1723 de
1413 1675 1638 1723 dentibus
1662 1674 1796 1722 illius
1814 1674 2087 1722 auferebam

326 1759 569 1824 praedam.’
639 1758 708 1806 Et
742 1758 889 1821 paulo
919 1757 1061 1819 post²
1083 1775 1093 1807 ε
1132 1762 1143 1782 ⁴
1165 1757 1220 1806 Si
1244 1756 1447 1820 negavi‚’
1472 1757 1650 1820 inquit,
1677 1761 1688 1782 ‘
1708 1757 1840 1820 quod
1863 1757 2090 1805 volebant

329 1840 639 1905 pauperibus,
677 1843 726 1887 et
761 1839 924 1887 oculos
961 1839 1120 1888 viduae
1156 1844 1432 1902 exspectare
1467 1839 1573 1887 feci.
1663 1839 1718 1888 Si
1754 1838 1939 1886 comedi
1974 1838 2088 1886 buc-

328 1924 497 1971 cellam
533 1939 689 1970 meam
725 1921 865 1981 solus,
904 1926 952 1968 et
987 1938 1085 1968 non
1120 1921 1330 1969 comedit
1364 1921 1579 1984 pupillus
1615 1938 1677 1969 ex
1712 1938 1779 1969 ea.
1868 1920 1994 1981 Quia
2028 1921 2089 1968 ab

329 2006 540 2053 infantia
577 2021 684 2052 mea
719 2003 873 2051 crevit
907 2020 1097 2051 mecum
1132 2003 1393 2063 miseratio,
1421 2011 1470 2052 et
1499 2005 1560 2052 de
1591 2009 1731 2052 utero
1767 2003 1937 2052 matris
1972 2019 2091 2051 meae

330 2105 518 2153 egressa
541 2091 614 2135 est
637 2083 854 2134 mecum.'

400 2170 479 2217 Ad
515 2172 649 2233 cujus
684 2168 880 2232 pietatis
915 2172 965 2217 et
994 2168 1205 2232 justitiae
1241 2185 1362 2232 opus
1396 2168 1610 2232 pertinet
1644 2169 1790 2217 etiam
1824 2167 1929 2228 hoc,
1960 2167 2091 2232 quod

330 2257 547 2302 nostram
596 2255 791 2315 gentem
842 2268 928 2315 per
975 2251 1315 2314 praedicatores
1363 2268 1483 2315 quos
1524 2251 1619 2300 huc
1653 2251 1846 2311 direxit,
1884 2251 1943 2299 de
1976 2251 2090 2299 den-

331 2335 463 2384 tibus
499 2333 692 2396 antiqui
726 2335 880 2383 hostis
915 2334 1136 2397 eripiens,
1174 2332 1367 2382 aeternae
1408 2333 1651 2382 libertatis
1692 2334 1809 2382 fecit
1844 2350 1945 2382 esse
1981 2350 2091 2397 par-

332 2417 559 2480 ticipem:
597 2418 732 2478 cujus
766 2417 879 2465 fidei
916 2422 965 2464 et
994 2417 1139 2465 saluti
1168 2416 1488 2480 congaudens,
1515 2432 1757 2480 quamque
1781 2415 1927 2479 digna
1950 2416 2093 2464 laude

333 2499 686 2556 commendans,
711 2499 813 2562 ipse
839 2499 966 2547 dixit
983 2499 999 2525 ³
1029 2499 1081 2546 in
1107 2499 1409 2562 expositione
1432 2498 1561 2547 beati
1587 2499 1618 2546 J
1622 2499 1681 2546 ob
1703 2515 1712 2546 :
1753 2503 1764 2524 ‘
1781 2499 1904 2547 Ecce
1928 2499 2093 2562 lingua

335 2581 609 2641 Brittaniae,
648 2599 755 2644 quae
804 2583 876 2630 nil
926 2582 1061 2630 aliud
1110 2588 1312 2630 noverat
1361 2598 1508 2646 quam
1555 2582 1817 2630 barbarum
1858 2581 2092 2639 frendere,

331 2664 619 2727 jamdudum
638 2664 687 2710 in
703 2664 882 2713 divinis
899 2665 1124 2713 laudibus
1142 2664 1413 2713 Hebraeum
1427 2664 1573 2728 coepit
1593 2669 1621 2691 “
1635 2664 1847 2712 Alleluia
1860 2662 1888 2683 ''
1906 2679 2092 2712 sonare.

340 2747 464 2794 Ecce
488 2746 733 2809 quondam
757 2747 987 2807 tumidus,
1004 2749 1103 2809 jam
1123 2747 1393 2795 substratus
1411 2751 1691 2795 sanctorum
1714 2745 1920 2809 pedibus
1945 2743 2094 2792 servit

338 2844 554 2886 oceanus,
580 2828 779 2890 ejusque
814 2828 1043 2877 barbaros
1071 2832 1232 2876 motus
1256 2844 1377 2893 quos
1401 2828 1582 2876 terreni
1603 2827 1848 2891 principes
1872 2827 2094 2875 edomare

338 2910 462 2958 ferro
511 2910 845 2973 nequiverant,
880 2910 967 2958 hos
1018 2927 1107 2974 pro
1156 2911 1322 2959 divina
1370 2911 1627 2959 formidine
1673 2911 1976 2960 sacerdotum
2010 2925 2095 2957 ora

340 2992 637 3056 simplicibus
670 2993 830 3041 verbis
864 2993 1031 3056 ligant,
1069 2998 1117 3041 et
1153 2995 1237 3057 qui
1273 2998 1493 3042 catervas
1527 2993 1851 3057 pugnantium
1886 2990 2094 3038 infidelis

340 3091 646 3138 nequaquam
680 3078 930 3134 metueret,
963 3076 1064 3136 jam
1099 3092 1227 3123 nunc
1251 3075 1407 3124 fidelis
1434 3075 1698 3124 humilium
1721 3075 1912 3138 linguas
1935 3072 2093 3119 timet.

395 3240 410 3263 ¹
440 3239 550 3279 illud
569 3240 675 3280 beati
693 3239 783 3292 Job]
801 3239 887 3279 Job
905 3239 1019 3278 xxix:
1045 3247 1190 3290 11—17.
1301 3240 1316 3264 3
1344 3241 1473 3294 discit]
1501 3241 1594 3281 Lib.
1615 3239 1742 3280 xxvii.
1766 3251 1828 3279 11.
1867 3238 1944 3278 See
1963 3250 2005 3289 p.
2027 3247 2094 3287 45,

397 3293 413 3315 ²
435 3295 567 3347 paulo
586 3297 690 3347 post]
737 3295 802 3335 Ib.
825 3295 940 3334 xxxi.
962 3293 1108 3335 16-18.
1247 3299 1345 3334 note
1368 3307 1405 3335 2.
