2216 3554
305 145 404 190 254
887 140 1115 190 Historia
1149 141 1494 192 Ecclesiastica
1835 141 1971 212 [Lm.
1985 161 2057 195 1v.

302 273 638 321 ministrarum
672 272 903 337 obsequio
945 273 1135 322 caeteris
1170 291 1280 339 quae
1318 274 1390 322 ibi
1431 278 1592 323 essent
1624 275 1823 324 famulis
1857 277 2059 327 Christi.

303 357 434 404 Raro
466 360 643 419 praeter
671 355 856 419 majora
886 356 1152 417 sollemnia,
1176 357 1254 405 vel
1286 357 1545 406 arctiorem
1576 359 1924 418 necessitatem,
1950 361 2060 423 plus

303 455 451 502 quam
485 439 632 487 semel
667 455 756 502 per
788 439 919 488 diem
955 440 1303 489 manducavit:
1349 457 1550 503 semper,
1588 440 1630 488 si
1668 458 1766 489 non
1799 442 2061 491 infirmitas

302 520 501 584 gravior
530 522 872 584 prohibuisset,
907 541 966 571 ex
998 529 1216 587 tempore
1247 522 1502 571 matutinae
1539 539 1788 586 synaxeos,
1813 541 1969 588 usque
1998 526 2061 574 ad

302 610 465 652 ortum
489 603 600 664 diei,
626 604 688 668 in,
702 606 902 655 ecclesia
928 607 1153 670 precibus
1180 606 1371 655 intenta
1394 606 1677 669 perstiterit.
1750 607 1878 657 Sunt
1913 608 2062 657 etiam

302 685 391 749 qui
414 686 579 735 dicant
603 688 719 752 quia
740 705 828 752 per
851 689 1121 753 prophetiae
1145 689 1388 753 spiritum,
1408 693 1457 738 et
1481 688 1812 752 pestilentiam
1837 707 1935 754 qua
1957 691 2063 754 ipsa

301 773 427 816 esset
461 770 712 831 moritura,
744 772 1042 835 praedixerit,
1074 778 1123 820 et
1158 789 1416 820 numerum
1449 789 1641 835 quoque
1676 789 1856 832 eorum,
1882 772 1968 837 qui
2003 773 2063 822 de

303 868 392 900 suo
433 854 727 902 monasterio
764 854 853 903 hac
895 858 1056 902 essent
1092 854 1153 902 de
1191 854 1373 903 mundo
1409 854 1645 917 rapiendi,
1681 855 1841 918 palam
1875 855 2063 904 cunctis

301 935 623 998 praesentibus
664 936 981 985 intimaverit.
1078 936 1241 1000 Rapta
1286 940 1362 985 est
1398 943 1559 985 autem
1601 937 1663 986 ad
1702 937 1973 986 Dominum
2008 938 2062 986 in

371 1044 450 1080 and
463 1045 572 1081 there
645 1020 804 1068 medio
830 1036 1040 1078 suorum,
1066 1023 1178 1082 post
1199 1035 1353 1067 annos
1384 1025 1566 1083 septem
1593 1037 1654 1068 ex
1678 1037 1776 1084 quo
1806 1021 2062 1070 abbatissae

389 1095 564 1187 [Δξξῗδὸῃ
645 1102 854 1166 gradum
891 1106 1194 1165 susceperat:
1231 1105 1282 1150 et
1316 1118 1453 1166 aeque
1484 1107 1543 1150 ut
1576 1102 1682 1167 ipsa
1710 1104 1936 1168 jusserat,
1962 1121 2062 1152 non

366 1195 403 1231 S.
417 1195 586 1235 ctu-ond.
644 1185 762 1234 alibi
786 1202 933 1249 quam
957 1185 1008 1232 in
1028 1183 1188 1233 medio
1213 1201 1397 1243 eorum,
1409 1184 1555 1249 juxta
1572 1186 1794 1235 ordinem
1813 1204 1909 1251 quo
1929 1193 2062 1236 tran-

302 1268 465 1325 sierat,
492 1267 685 1333 ligneo¹
710 1267 763 1315 in
787 1267 957 1316 locello
982 1267 1185 1331 sepulta.

372 1350 464 1400 Cui
500 1351 729 1400 successit
766 1351 817 1398 in
853 1350 1182 1399 ministerium
1216 1349 1472 1399 abbatissae
1508 1368 1646 1400 soror
1680 1353 1782 1415 ejus
1822 1348 2060 1418 Sexburg,

349 1471 523 1507 Saxburh
537 1481 594 1508 m·
645 1451 792 1498 quam
824 1434 1062 1483 habuerat
1093 1434 1145 1482 in
1179 1436 1433 1499 conjugem
1468 1435 1794 1485 Earconberct
1824 1454 1911 1485 rex
1936 1437 2061 1487 Can·

354 1523 592 1615 δῐὲἕζθὲοξῗθ
643 1518 928 1568 tuariorum.
1015 1518 1085 1567 Et
1122 1535 1234 1566 cum
1273 1517 1483 1567 sedecim
1518 1519 1659 1567 annis
1694 1524 1819 1568 esset
1855 1520 2061 1584 sepulta,

394 1622 551 1664 ehurch,
644 1602 830 1667 placuit
876 1601 1032 1650 eidem
1086 1601 1343 1650 abbatissae
1391 1601 1543 1650 levari
1591 1619 1698 1651 ossa
1748 1605 1865 1666 ejus,
1915 1609 1965 1652 et
2009 1603 2063 1652 in

386 1687 470 1714 *¹³-
485 1681 559 1721 695·
646 1685 813 1734 locello
831 1701 957 1734 novo
981 1684 1142 1748 posita
1165 1684 1217 1732 in
1235 1684 1483 1734 ecclesiam
1503 1685 1754 1733 transferri
1775 1702 1788 1745 ;
1817 1685 2063 1750 jussitque

300 1771 537 1836 quosdam
569 1786 595 1818 e
626 1768 861 1817 fratribus
893 1786 1108 1835 quaerere
1143 1768 1368 1833 lapidem,
1399 1769 1459 1817 de
1496 1786 1592 1832 quo
1627 1769 1851 1817 locellum
1889 1769 1940 1818 in
1972 1769 2063 1819 hoc

301 1856 457 1903 facere
480 1857 705 1918 possent:
743 1852 828 1916 qui
856 1869 1053 1901 ascensa
1076 1851 1204 1912 navi,
1229 1851 1336 1915 ipsa
1365 1850 1495 1899 enim
1528 1851 1661 1916 regio
1695 1851 1816 1916 Elge
1847 1851 2064 1915 undique

302 1944 375 1986 est
399 1937 541 2001 aquis
564 1953 620 1985 ac
642 1935 901 2000 paludibus
925 1934 1238 1994 circumdata,
1263 1950 1420 1998 neque
1444 1934 1630 1998 lapides
1662 1937 1869 1998 majores
1900 1935 2064 1996 habet,

302 2026 543 2069 venerunt
578 2019 639 2067 ad
676 2018 984 2067 civitatulam
1020 2018 1262 2083 quandam
1298 2017 1577 2077 desolatam,
1613 2034 1710 2066 non
1745 2018 1913 2081 procul
1948 2017 2064 2066 inde

302 2104 460 2162 sitam,
497 2119 606 2167 quae
641 2101 810 2165 lingua
844 2100 1123 2165 Anglorum
1158 2100 1524 2150 Grantacaestir
1538 2097 1556 2126 ²
1590 2104 1823 2149 vocatur:
1860 2106 1907 2149 et
1949 2117 2064 2149 mox

301 2187 596 2234 invenerunt
637 2186 783 2247 juxta
829 2200 994 2232 muros
1036 2182 1249 2232 civitatis
1295 2182 1517 2232 locellum
1560 2183 1619 2231 de
1667 2199 1909 2232 marmore
1954 2182 2064 2231 albo

300 2268 627 2334 pulcherrime
662 2267 859 2327 factum,
897 2266 1123 2331 operculo
1160 2283 1353 2331 quoque
1391 2266 1568 2315 similis
1602 2265 1781 2331 lapidis
1815 2265 2064 2330 aptissime

301 2359 500 2403 tectum.
574 2349 720 2399 Unde
756 2349 1083 2412 intelligentes
1118 2365 1147 2397 a
1182 2348 1392 2398 Domino
1429 2366 1574 2398 suum
1608 2349 1704 2398 iter
1736 2365 1838 2398 esse
1869 2365 2065 2414 prospe·

300 2442 478 2494 ratum,
501 2432 684 2499 gratias
707 2439 903 2496 agentes
927 2432 1204 2482 retulerunt
1226 2431 1289 2481 ad
1312 2432 1672 2482 monasterium.

373 2518 595 2580 Cumque
613 2531 788 2578 corpus
807 2531 956 2564 sacrae
980 2514 1186 2580 virginis
1209 2532 1265 2564 ac
1290 2532 1478 2579 sponsae
1498 2513 1685 2564 Christi
1709 2518 1879 2579 aperto
1903 2513 2063 2577 sepul-

395 2618 552 2654 Miracle
645 2615 725 2646 cro
750 2604 874 2646 esset
898 2598 1146 2662 prolatum
1170 2597 1222 2646 in
1245 2598 1419 2658 lucem,
1439 2598 1511 2647 ita
1533 2597 1871 2662 incorruptum
1895 2595 2065 2646 inven-
2149 2658 2154 2669 ῃ

357 2678 463 2762 11ῐῖιὲῑέ
473 2677 586 2753 ῗιῐὲὶ·
644 2685 752 2728 tum
777 2684 862 2741 est,
889 2697 944 2729 ac
967 2680 1009 2729 si
1034 2680 1202 2730 eodem
1226 2680 1305 2730 die
1329 2681 1502 2730 fuisset
1525 2680 1766 2739 defuncta,
1792 2679 1895 2728 sive
1918 2679 2065 2727 humo

410 2768 533 2804 coffin-
646 2762 841 2811 condita
854 2780 867 2824 ;
904 2762 1032 2812 sicut
1062 2767 1113 2812 et
1134 2763 1368 2828 praefatus
1391 2763 1593 2812 antistes
1620 2762 1813 2823 Vilfrid,
1838 2767 1888 2810 et
1920 2760 2066 2809 multi
2141 2817 2147 2822 ἡ
2170 2775 2185 2847 1·
2215 2814 2216 2837 ;

302 2845 388 2895 alii
411 2844 499 2910 qui
522 2861 714 2905 novere,
732 2849 991 2895 testantur.
1052 2845 1149 2895 Sed
1173 2845 1371 2895 certiori
1395 2846 1570 2895 notitia
1589 2845 1805 2894 medicus
1824 2842 2064 2908 Cynifrid,

303 2929 390 2994 qui
424 2933 474 2977 et
507 2927 739 2976 morienti
773 2927 861 2987 illi,
898 2934 948 2976 et
984 2928 1182 2978 elevatae
1215 2929 1276 2978 de
1310 2928 1503 2978 tumulo
1539 2928 1724 2978 adfuit:
1764 2926 1851 2992 qui
1883 2927 2064 2975 referre

303 3015 409 3060 erat
432 3009 620 3070 solitus,
639 3010 771 3074 quod
794 3010 880 3058 illa
903 3010 1152 3060 infirmata
1170 3011 1400 3060 habuerit
1421 3014 1663 3060 tumorem
1682 3009 1953 3059 maximum
1972 3008 2064 3058 sub

359 3106 372 3128 ¹
401 3105 556 3159 liyneo]
595 3106 639 3146 A
675 3105 889 3145 deviation
925 3105 1032 3146 from
1079 3106 1152 3146 the
1202 3145 1209 3151 ,
1262 3105 1280 3128 ²
1300 3106 1631 3160 Grantacaestir]
1647 3106 1757 3146 Now
1767 3104 2061 3151 Granchester‚

305 3162 428 3201 usual
456 3166 632 3208 custom,
652 3160 791 3201 which
822 3174 928 3213 gave
956 3161 1030 3201 the
1062 3175 1153 3214 pre-
1208 3175 1235 3203 a
1253 3162 1408 3215 village
1425 3162 1534 3203 81018
1553 3166 1598 3202 to
1618 3161 1882 3214 Cambridge.

303 3217 465 3257 ference
485 3221 528 3258 to
547 3219 666 3257 stone
684 3216 840 3258 coffins.
897 3217 1009 3256 Stev.
