2216 3554
321 200 418 246 358
898 195 1126 245 Historia
1157 193 1493 244 Ecclesia-stica
1870 191 2004 262 [LIB.
2020 211 2072 245 v.

318 328 448 394 quod
471 333 669 377 eatenus
703 327 755 375 in
783 344 925 377 carne
960 333 1180 377 servatus
1215 333 1300 388 est,
1326 328 1478 376 donec
1507 326 1646 375 illum
1668 326 1719 375 in
1747 326 1924 391 pascha
1945 327 2072 376 diem

318 429 428 461 suos
456 411 716 470 auditores,
742 427 886 475 quem
921 427 1111 475 semper
1134 414 1277 459 antea
1299 410 1534 470 vitabant,
1560 409 1799 473 suscipere
1826 426 1881 458 ac
1911 426 2073 458 secum

317 511 459 559 agere
493 494 694 543 videret.
766 493 941 557 Sicque
982 497 1144 542 certus
1184 493 1244 542 de
1285 493 1481 541 illorum
1524 492 1819 540 correctione
1853 509 2073 541 reveren-

317 577 535 626 tissimus
583 580 722 640 pater
759 575 1013 636 exultavit,
1057 581 1114 624 ut
1151 574 1341 624 videret
1386 575 1516 623 diem
1558 574 1788 623 Domini:
1850 575 1988 634 vidit,
2025 581 2075 625 et

318 659 513 724 gavisus
537 662 622 708 est.

998 924 1146 975 GAP.
1183 925 1398 975 XXIII.

461 1066 543 1115 Qui
560 1065 618 1106 sit
636 1065 684 1105 in
703 1064 894 1116 praesenti
912 1069 1044 1105 status
1059 1065 1193 1116 yentis
1207 1063 1455 1115 Anqlorum,
1472 1065 1534 1105 vel
1552 1064 1780 1106 Brittanioe
1802 1065 1941 1106 totius.

385 1195 540 1241 ANNO
553 1191 823 1241 Dominicae
841 1191 1187 1240 incarnationis
1201 1190 1629 1256 septingentesimo
1644 1192 1874 1242 vicesimo
1889 1191 2081 1256 quinto,

396 1293 582 1334 wihtred,
661 1273 747 1338 qui
782 1270 887 1322 erat
923 1274 1162 1338 septimus
1186 1273 1346 1323 Osrici
1361 1273 1378 1301 ¹
1403 1275 1532 1338 regis
1557 1275 2079 1339 Nordanhymbrorum

381 1343 600 1431 Κξζῗὲᾱξὲὃ,
668 1356 753 1420 qui
778 1355 1028 1405 Ooenredo
1063 1360 1371 1417 successerat,
1397 1357 1599 1406 Victred
1612 1357 1630 1384 ²
1654 1357 1783 1406 filius
1808 1356 2080 1422 Ecgbercti,

402 1449 486 1477 A-D·
503 1449 576 1484 72⁵-
660 1456 748 1488 rex
785 1438 1177 1497 Cantuariorum,
1205 1439 1463 1488 defunctus
1498 1444 1572 1488 est
1607 1439 1769 1488 nono³
1800 1439 1879 1488 die
1913 1439 2079 1489 kalen-

318 1521 491 1570 darum
531 1520 802 1580 Maiarum;
863 1526 913 1569 et
951 1521 1090 1584 regni
1135 1521 1266 1585 quod
1311 1538 1398 1585 per
1436 1520 1643 1585 triginta
1688 1527 1900 1586 quatuor
1936 1521 2080 1570 semis

318 1621 470 1652 annos
488 1604 699 1663 tenebat,
718 1603 844 1652 filios
861 1607 974 1662 treS,
995 1603 1372 1663 AEdilberctum,
1392 1604 1720 1652 Eadberctum
1736 1605 1768 1665 ⁴,
1788 1609 1836 1652 et
1853 1603 2079 1653 Alricum

317 1685 519 1749 reliquit
552 1685 766 1736 heredes.
836 1686 987 1735 Anno
1022 1691 1132 1751 post
1167 1703 1310 1751 quem
1345 1684 1568 1750 proximo
1603 1686 1783 1735 Tobias
1818 1687 2080 1736 Hrofensis

399 1802 527 1838 Death
542 1802 584 1837 of
666 1770 876 1819 ecclesiae
909 1770 1089 1834 praesul
1112 1770 1367 1819 defunctus
1403 1775 1490 1830 est,
1511 1769 1603 1830 vir,
1627 1776 1683 1819 ut
1708 1768 1886 1834 supra⁵
1909 1771 2078 1819 memi-

394 1853 589 1945 b'fstffggs&
662 1853 838 1914 nimus,
879 1843 1198 1902 doctissimus.
1271 1852 1396 1901 Erat
1442 1851 1571 1900 enim
1612 1851 1879 1916 discipulus
1924 1854 2081 1904 beatae

383 1951 603 1993 Rochester,
660 1936 906 1984 memoriae
952 1935 1311 1999 magistrorum,
1351 1934 1593 1983 Theodori
1642 1935 1990 2000 archiepiscopi
2030 1942 2081 1987 et

402 2009 485 2036 Μ’·
504 2003 576 2043 ⁷²⁶·
660 2019 849 2067 abbatis
886 2019 1161 2067 Hadriani:
1199 2019 1343 2077 unde,
1367 2021 1424 2066 ut
1448 2018 1633 2067 dictum
1663 2024 1749 2078 est,
1775 2036 1886 2068 cum
1918 2020 2079 2068 erudi-

319 2101 450 2149 tione
473 2101 749 2150 litterarum
771 2101 849 2148 vel
873 2101 1306 2149 ecclesiasticarum
1329 2100 1407 2149 vel
1431 2100 1745 2162 generalium,
1764 2101 1834 2150 ita
1859 2102 2080 2151 Graecam

320 2200 512 2247 quoque
547 2200 658 2231 cum
683 2183 863 2231 Latina
887 2183 1060 2232 didicit
1087 2183 1324 2248 linguam,
1347 2186 1406 2231 ut
1430 2188 1532 2230 tam
1562 2188 1702 2231 notas
1737 2200 1794 2232 ac
1816 2185 2081 2234 familiares

320 2265 415 2314 sibi
439 2283 534 2324 eas,
559 2282 708 2329 quam
731 2265 1008 2314 nativitatis
1033 2282 1133 2314 suae
1157 2265 1400 2330 loquelam
1422 2265 1637 2314 haberet.
1710 2266 1940 2331 Sepultus
1963 2285 2081 2318 vero

321 2351 393 2397 est
416 2348 468 2395 in
491 2348 684 2411 porticu
709 2348 863 2397 sancti
882 2348 1023 2397 Pauli
1046 2349 1266 2412 apostoli,
1294 2365 1442 2412 quam
1466 2349 1598 2397 intro
1623 2349 1899 2398 ecclesiam6
1924 2351 2079 2400 sancti

321 2430 530 2478 Andreae
567 2430 663 2478 sibi
692 2430 796 2494 ipse
819 2431 871 2478 in
899 2431 1061 2479 locum
1094 2431 1302 2496 sepulcri
1324 2432 1518 2481 fecerat.
1587 2431 1706 2480 Post
1728 2449 1873 2496 quem
1897 2434 2078 2498 episco-

320 2518 464 2577 patus
500 2512 709 2561 officium
744 2513 956 2563 Alduulf
966 2514 997 2573 ⁷,
1028 2514 1323 2564 Beretualdo
1358 2514 1718 2579 archiepiscopo
1753 2522 2076 2577 consecrante,

323 2595 548 2658 suscepit.

375 2716 393 2741 ¹
426 2717 578 2771 Osrici]
619 2719 703 2759 Son
734 2720 781 2759 of
812 2720 1018 2768 Alhfrith,
1056 2735 1172 2761 men-
1280 2721 1298 2746 ⁶
1324 2721 1549 2775 ecclesiam]
1591 2721 1710 2762 Built
1732 2722 1790 2774 by
1808 2722 2081 2762 AEthelberht

323 2773 466 2813 tioned
499 2787 567 2827 pp.
602 2773 693 2822 166,
732 2775 821 2823 181,
860 2788 962 2829 1933
1002 2776 1173 2829 reigned
1227 2776 1291 2823 II,
1306 2778 1492 2817 restored
1504 2778 1562 2830 by
1574 2777 1839 2827 Archbishop
1855 2777 2075 2826 Lanfranc,

324 2829 430 2868 from
451 2838 536 2868 ΑΛ).
564 2831 641 2878 718
661 2829 730 2868 till
749 2830 853 2882 May
872 2843 910 2884 9,
933 2843 1020 2871 A.D.
1044 2840 1135 2884 729.
1228 2831 1313 2871 and
1340 2832 1558 2872 dedicated
1586 2846 1640 2872 on
1670 2832 1743 2872 the
1776 2832 1852 2883 5th
1885 2832 1932 2872 of
1958 2833 2078 2884 May,

379 2882 396 2905 ²
422 2883 609 2936 Victred]
631 2886 709 2923 See
726 2898 768 2936 p.
788 2892 878 2936 277,
898 2886 1001 2925 with
1020 2891 1118 2926 note
1135 2897 1173 2938 5.
1230 2897 1319 2928 A.D.
1335 2898 1455 2938 1130,
1466 2887 1526 2939 by
1539 2887 1802 2939 Archbishop
1816 2887 2022 2928 William.
2034 2888 2077 2927 S.

379 2939 396 2962 ³
423 2951 530 2978 ‘nono
551 2969 561 2979 .
585 2969 595 2978 .
617 2970 627 2981 .
649 2939 884 2992 Maiarum]
939 2941 1066 2994 April
1109 2953 1173 2993 23,
1284 2940 1302 2965 ⁷
1328 2941 1534 2994 Alduulf]
1590 2942 1645 2981 In
1682 2953 1774 2982 ΑΛ).
1811 2949 1888 2994 73²
1924 2942 1978 2981 he
2009 2942 2078 2982 ob-

324 3000 736 3111 mngssglbemum,
758 3048 1046 3103 Eadberctum]
1091 3052 1175 3091 Ac·
1230 2997 1374 3105 {agge}
1385 2995 2080 3104 gfirfojczzfffifflzllllaiaffioolffifflifflng

327 3103 500 3155 cording
527 3107 572 3143 to
599 3103 672 3143 the
700 3103 840 3143 Saxon
858 3105 1074 3145 Chronicle
1092 3106 1176 3145 and
1231 3120 1468 3148 successors.
1504 3107 1545 3147 S.
1601 3106 1692 3146 The
1710 3107 1848 3146 Saxon
1863 3106 2078 3146 Chronicle

324 3157 538 3203 Florence,
567 3158 621 3198 ad
649 3172 687 3198 a.
715 3159 805 3209 748,
835 3159 1107 3200 AEthelberht
1126 3161 1175 3200 ΙΙ
1231 3175 1325 3213 says
1362 3162 1457 3201 that
1494 3162 1608 3208 Dun,
1641 3161 1705 3200 his
1743 3174 1960 3209 successor,
1993 3173 2078 3200 was

326 3211 497 3264 reigned
516 3213 623 3252 aster
642 3213 869 3253 Eadberht.
1227 3216 1351 3256 made
1386 3217 1534 3269 bishop
1570 3215 1614 3255 of
1647 3216 1876 3256 Rochester
1907 3216 1953 3255 in
1990 3225 2078 3255 AD.

379 3266 396 3289 ⁵
422 3267 571 3320 supra]
602 3267 677 3308 See
695 3281 736 3321 p.
755 3279 846 3319 304.
1232 3277 1325 3322 741.
