<?xml version="1.0" encoding="UTF-8"?>
<!DOCTYPE html PUBLIC "-//W3C//DTD XHTML 1.0 Transitional//EN"
    "http://www.w3.org/TR/xhtml1/DTD/xhtml1-transitional.dtd">
<html xmlns="http://www.w3.org/1999/xhtml" xml:lang="en" lang="en">
 <head>
  <title>
</title>
<meta http-equiv="Content-Type" content="text/html;charset=utf-8" />
  <meta name='ocr-system' content='tesseract 3.04.00' />
  <meta name='ocr-capabilities' content='ocr_page ocr_carea ocr_par ocr_line ocrx_word'/>
</head>
<body>
  <div class='ocr_page' id='page_1' title='image "./historiaecclesia00bedeuoft_0355.png"; bbox 0 0 2216 3554; ppageno 0'>
   <div class='ocr_carea' id='block_1_1' title="bbox 165 213 1914 283">
    <p class='ocr_par' dir='ltr' id='par_1_1' title="bbox 165 213 1914 283">
     <span class='ocr_line' id='line_1_1' title="bbox 165 213 1914 283; baseline -0.002 -18"><span class='ocrx_word' id='word_1_1' title='bbox 165 217 284 267; x_wconf 65' lang='lat' dir='ltr'><strong><em>Cn.</em></strong></span> <span class='ocrx_word' id='word_1_2' title='bbox 305 213 412 283; x_wconf 74' lang='lat' dir='ltr'><strong><em>xv]</em></strong></span> <span class='ocrx_word' id='word_1_3' title='bbox 807 215 972 264; x_wconf 73' lang='lat' dir='ltr'><strong><em>Gentis</em></strong></span> <span class='ocrx_word' id='word_1_4' title='bbox 995 214 1283 277; x_wconf 72' lang='lat' dir='ltr'><strong><em>Anylorwm.</em></strong></span> <span class='ocrx_word' id='word_1_5' title='bbox 1817 217 1914 262; x_wconf 87' lang='lat'><strong><em>323</em></strong></span> 
     </span>
    </p>
   </div>
   <div class='ocr_carea' id='block_1_2' title="bbox 871 459 1180 509">
    <p class='ocr_par' dir='ltr' id='par_1_2' title="bbox 871 459 1180 509">
     <span class='ocr_line' id='line_1_2' title="bbox 871 459 1180 509; baseline -0.003 0"><span class='ocrx_word' id='word_1_6' title='bbox 871 460 1012 509; x_wconf 82' lang='lat' dir='ltr'><strong>OAP.</strong></span> <span class='ocrx_word' id='word_1_7' title='bbox 1059 459 1180 509; x_wconf 90' lang='lat' dir='ltr'><strong><em>XV.</em></strong></span> 
     </span>
    </p>
   </div>
   <div class='ocr_carea' id='block_1_3' title="bbox 224 583 1863 708">
    <p class='ocr_par' dir='ltr' id='par_1_3' title="bbox 224 583 1863 708">
     <span class='ocr_line' id='line_1_3' title="bbox 224 583 1863 640; baseline -0.002 -12"><span class='ocrx_word' id='word_1_8' title='bbox 224 588 275 629; x_wconf 90' lang='lat' dir='ltr'><strong><em>Ut</em></strong></span> <span class='ocrx_word' id='word_1_9' title='bbox 291 587 483 640; x_wconf 80' lang='lat' dir='ltr'><strong><em>plurimae</em></strong></span> <span class='ocrx_word' id='word_1_10' title='bbox 499 587 724 628; x_wconf 75' lang='lat' dir='ltr'><strong><em>Scottorum</em></strong></span> <span class='ocrx_word' id='word_1_11' title='bbox 748 585 930 635; x_wconf 77' lang='lat' dir='ltr'><strong><em>ecclesiae,</em></strong></span> <span class='ocrx_word' id='word_1_12' title='bbox 951 586 1135 626; x_wconf 75' lang='lat' dir='ltr'><strong><em>instante</em></strong></span> <span class='ocrx_word' id='word_1_13' title='bbox 1150 584 1409 633; x_wconf 77' lang='lat' dir='ltr'><strong><em>Adam‘nano,</em></strong></span> <span class='ocrx_word' id='word_1_14' title='bbox 1439 583 1683 625; x_wconf 77' lang='lat' dir='ltr'><strong><em>catholicum</em></strong></span> <span class='ocrx_word' id='word_1_15' title='bbox 1706 583 1863 635; x_wconf 79' lang='lat' dir='ltr'><strong><em>pascha</em></strong></span> 
     </span>
     <span class='ocr_line' id='line_1_4' title="bbox 386 654 1695 708; baseline -0.002 -11"><span class='ocrx_word' id='word_1_16' title='bbox 386 657 648 708; x_wconf 72' lang='lat' dir='ltr'><strong><em>susceperint,-</em></strong></span> <span class='ocrx_word' id='word_1_17' title='bbox 679 661 800 707; x_wconf 71' lang='lat' dir='ltr'><strong><em>utque</em></strong></span> <span class='ocrx_word' id='word_1_18' title='bbox 818 656 928 696; x_wconf 84' lang='lat' dir='ltr'><strong><em>idem</em></strong></span> <span class='ocrx_word' id='word_1_19' title='bbox 947 655 1099 695; x_wconf 78' lang='lat' dir='ltr'><strong><em>librum</em></strong></span> <span class='ocrx_word' id='word_1_20' title='bbox 1117 655 1166 696; x_wconf 84' lang='lat' dir='ltr'><strong><em>de</em></strong></span> <span class='ocrx_word' id='word_1_21' title='bbox 1185 654 1284 695; x_wconf 83' lang='lat' dir='ltr'><strong><em>locis</em></strong></span> <span class='ocrx_word' id='word_1_22' title='bbox 1303 655 1456 695; x_wconf 76' lang='lat' dir='ltr'><strong><em>sanctis</em></strong></span> <span class='ocrx_word' id='word_1_23' title='bbox 1473 654 1695 705; x_wconf 75' lang='lat' dir='ltr'><strong><em>scripserit.</em></strong></span> 
     </span>
    </p>
   </div>
   <div class='ocr_carea' id='block_1_4' title="bbox 165 766 1924 2396">
    <p class='ocr_par' dir='ltr' id='par_1_4' title="bbox 165 766 1923 2051">
     <span class='ocr_line' id='line_1_5' title="bbox 236 766 1918 833; baseline -0.002 -16"><span class='ocrx_word' id='word_1_24' title='bbox 236 769 350 830; x_wconf 82' lang='lat' dir='ltr'><strong><em>QUO</em></strong></span> <span class='ocrx_word' id='word_1_25' title='bbox 374 773 590 833; x_wconf 89' lang='lat' dir='ltr'><strong><em>tempore</em></strong></span> <span class='ocrx_word' id='word_1_26' title='bbox 605 768 619 794; x_wconf 86' lang='lat'><strong>¹</strong></span> <span class='ocrx_word' id='word_1_27' title='bbox 648 767 859 831; x_wconf 89' lang='lat' dir='ltr'><strong><em>plurima</em></strong></span> <span class='ocrx_word' id='word_1_28' title='bbox 887 783 998 830; x_wconf 89' lang='lat' dir='ltr'><strong><em>pars</em></strong></span> <span class='ocrx_word' id='word_1_29' title='bbox 1027 766 1307 816; x_wconf 71' lang='lat' dir='ltr'><strong><em>Scottorum</em></strong></span> <span class='ocrx_word' id='word_1_30' title='bbox 1339 766 1390 814; x_wconf 90' lang='lat' dir='ltr'><strong><em>in</em></strong></span> <span class='ocrx_word' id='word_1_31' title='bbox 1415 766 1654 814; x_wconf 87' lang='lat' dir='ltr'><strong><em>Hibernia</em></strong></span> <span class='ocrx_word' id='word_1_32' title='bbox 1668 767 1699 826; x_wconf 74' lang='lat'><strong><em>2,</em></strong></span> <span class='ocrx_word' id='word_1_33' title='bbox 1725 771 1775 814; x_wconf 87' lang='lat' dir='ltr'><strong><em>et</em></strong></span> <span class='ocrx_word' id='word_1_34' title='bbox 1798 783 1918 813; x_wconf 89' lang='lat' dir='ltr'><strong><em>non·</em></strong></span> 
     </span>
     <span class='ocr_line' id='line_1_6' title="bbox 168 850 1849 917; baseline -0.001 -18"><span class='ocrx_word' id='word_1_35' title='bbox 168 853 302 901; x_wconf 88' lang='lat' dir='ltr'><strong><em>nulla</em></strong></span> <span class='ocrx_word' id='word_1_36' title='bbox 336 852 482 900; x_wconf 86' lang='lat' dir='ltr'><strong><em>etiam</em></strong></span> <span class='ocrx_word' id='word_1_37' title='bbox 521 851 581 899; x_wconf 93' lang='lat' dir='ltr'><strong><em>de</em></strong></span> <span class='ocrx_word' id='word_1_38' title='bbox 619 850 938 899; x_wconf 84' lang='lat' dir='ltr'><strong><em>Brettonibus</em></strong></span> <span class='ocrx_word' id='word_1_39' title='bbox 985 850 1037 897; x_wconf 92' lang='lat' dir='ltr'><strong><em>in</em></strong></span> <span class='ocrx_word' id='word_1_40' title='bbox 1079 850 1324 898; x_wconf 83' lang='lat' dir='ltr'><strong><em>Brittania</em></strong></span> <span class='ocrx_word' id='word_1_41' title='bbox 1363 850 1573 898; x_wconf 86' lang='lat' dir='ltr'><strong><em>rationa-</em></strong></span> <span class='ocrx_word' id='word_1_42' title='bbox 1637 879 1849 917; x_wconf 77' lang='lat' dir='ltr'><strong><em>Adamnan,</em></strong></span> 
     </span>
     <span class='ocr_line' id='line_1_7' title="bbox 166 928 1866 1019; baseline -0.001 -37"><span class='ocrx_word' id='word_1_43' title='bbox 166 936 264 983; x_wconf 91' lang='lat' dir='ltr'><strong><em>bile</em></strong></span> <span class='ocrx_word' id='word_1_44' title='bbox 296 940 345 982; x_wconf 90' lang='lat' dir='ltr'><strong><em>et</em></strong></span> <span class='ocrx_word' id='word_1_45' title='bbox 374 933 743 983; x_wconf 87' lang='lat' dir='ltr'><strong><em>ecclesiasticum</em></strong></span> <span class='ocrx_word' id='word_1_46' title='bbox 770 932 1005 996; x_wconf 85' lang='lat' dir='ltr'><strong><em>paschalis</em></strong></span> <span class='ocrx_word' id='word_1_47' title='bbox 1037 932 1354 982; x_wconf 72' lang='lat' dir='ltr'><strong><em>observantiae</em></strong></span> <span class='ocrx_word' id='word_1_48' title='bbox 1382 936 1574 996; x_wconf 89' lang='lat' dir='ltr'><strong><em>tempus</em></strong></span> <span class='ocrx_word' id='word_1_49' title='bbox 1629 928 1866 1019; x_wconf 41' lang='lat' dir='ltr'><strong><em>niibli’zivi&#39;rig</em></strong></span> 
     </span>
     <span class='ocr_line' id='line_1_8' title="bbox 168 1003 1877 1083; baseline -0.002 -19"><span class='ocrx_word' id='word_1_50' title='bbox 168 1016 380 1065; x_wconf 81' lang='lat' dir='ltr'><strong><em>Domino</em></strong></span> <span class='ocrx_word' id='word_1_51' title='bbox 422 1017 632 1064; x_wconf 81' lang='lat' dir='ltr'><strong><em>donante</em></strong></span> <span class='ocrx_word' id='word_1_52' title='bbox 674 1015 898 1078; x_wconf 83' lang='lat' dir='ltr'><strong><em>suscepit.</em></strong></span> <span class='ocrx_word' id='word_1_53' title='bbox 990 1015 1244 1078; x_wconf 86' lang='lat' dir='ltr'><strong><em>Siquidem</em></strong></span> <span class='ocrx_word' id='word_1_54' title='bbox 1284 1012 1574 1063; x_wconf 82' lang='lat' dir='ltr'><strong><em>Adamnan3</em></strong></span> <span class='ocrx_word' id='word_1_55' title='bbox 1617 1003 1753 1062; x_wconf 76' lang='lat' dir='ltr'><strong><em>visit’ed</em></strong></span> <span class='ocrx_word' id='word_1_56' title='bbox 1772 1027 1877 1083; x_wconf 31' lang='lat' dir='ltr'><strong><em>‘King</em></strong></span> 
     </span>
     <span class='ocr_line' id='line_1_9' title="bbox 167 1076 1833 1167; baseline 0.001 -22"><span class='ocrx_word' id='word_1_57' title='bbox 167 1099 418 1162; x_wconf 76' lang='lat' dir='ltr'><strong><em>presbyter</em></strong></span> <span class='ocrx_word' id='word_1_58' title='bbox 439 1104 488 1146; x_wconf 89' lang='lat' dir='ltr'><strong><em>et</em></strong></span> <span class='ocrx_word' id='word_1_59' title='bbox 511 1098 656 1146; x_wconf 86' lang='lat' dir='ltr'><strong><em>abbas</em></strong></span> <span class='ocrx_word' id='word_1_60' title='bbox 681 1097 1025 1145; x_wconf 88' lang='lat' dir='ltr'><strong><em>monachorum</em></strong></span> <span class='ocrx_word' id='word_1_61' title='bbox 1049 1097 1131 1161; x_wconf 90' lang='lat' dir='ltr'><strong><em>qui</em></strong></span> <span class='ocrx_word' id='word_1_62' title='bbox 1161 1103 1301 1147; x_wconf 88' lang='lat' dir='ltr'><strong><em>erant</em></strong></span> <span class='ocrx_word' id='word_1_63' title='bbox 1329 1098 1383 1145; x_wconf 91' lang='lat' dir='ltr'><strong><em>in</em></strong></span> <span class='ocrx_word' id='word_1_64' title='bbox 1414 1098 1573 1146; x_wconf 89' lang='lat' dir='ltr'><strong><em>insula</em></strong></span> <span class='ocrx_word' id='word_1_65' title='bbox 1658 1076 1833 1167; x_wconf 39' lang='lat' dir='ltr'><strong><em>&amp;gf-22¹,</em></strong></span> 
     </span>
     <span class='ocr_line' id='line_1_10' title="bbox 168 1176 1841 1244; baseline 0 -16"><span class='ocrx_word' id='word_1_66' title='bbox 168 1181 270 1238; x_wconf 87' lang='lat' dir='ltr'><strong><em>Hii,</em></strong></span> <span class='ocrx_word' id='word_1_67' title='bbox 318 1198 427 1229; x_wconf 91' lang='lat' dir='ltr'><strong><em>cum</em></strong></span> <span class='ocrx_word' id='word_1_68' title='bbox 472 1179 724 1243; x_wconf 84' lang='lat' dir='ltr'><strong><em>legationis</em></strong></span> <span class='ocrx_word' id='word_1_69' title='bbox 775 1178 933 1243; x_wconf 84' lang='lat' dir='ltr'><strong><em>gratia</em></strong></span> <span class='ocrx_word' id='word_1_70' title='bbox 983 1179 1158 1228; x_wconf 89' lang='lat' dir='ltr'><strong><em>missus</em></strong></span> <span class='ocrx_word' id='word_1_71' title='bbox 1205 1196 1234 1228; x_wconf 88' lang='lat' dir='ltr'><strong><em>a</em></strong></span> <span class='ocrx_word' id='word_1_72' title='bbox 1281 1197 1366 1228; x_wconf 87' lang='lat' dir='ltr'><strong><em>sua</em></strong></span> <span class='ocrx_word' id='word_1_73' title='bbox 1412 1185 1571 1244; x_wconf 87' lang='lat' dir='ltr'><strong><em>gente,</em></strong></span> <span class='ocrx_word' id='word_1_74' title='bbox 1649 1176 1841 1216; x_wconf 84' lang='lat' dir='ltr'><strong><em>Westm.],</em></strong></span> 
     </span>
     <span class='ocr_line' id='line_1_11' title="bbox 166 1260 1919 1326; baseline -0.001 -15"><span class='ocrx_word' id='word_1_75' title='bbox 166 1263 408 1311; x_wconf 81' lang='lat' dir='ltr'><strong><em>venisset⁴</em></strong></span> <span class='ocrx_word' id='word_1_76' title='bbox 444 1262 506 1310; x_wconf 84' lang='lat' dir='ltr'><strong><em>ad</em></strong></span> <span class='ocrx_word' id='word_1_77' title='bbox 539 1260 823 1309; x_wconf 87' lang='lat' dir='ltr'><strong><em>Aldfridum</em></strong></span> <span class='ocrx_word' id='word_1_78' title='bbox 858 1278 1022 1325; x_wconf 88' lang='lat' dir='ltr'><strong><em>regem</em></strong></span> <span class='ocrx_word' id='word_1_79' title='bbox 1057 1260 1341 1325; x_wconf 86' lang='lat' dir='ltr'><strong><em>Anglorum,</em></strong></span> <span class='ocrx_word' id='word_1_80' title='bbox 1374 1268 1424 1311; x_wconf 91' lang='lat' dir='ltr'><strong><em>et</em></strong></span> <span class='ocrx_word' id='word_1_81' title='bbox 1457 1262 1740 1326; x_wconf 82' lang='lat' dir='ltr'><strong><em>aliquandiu</em></strong></span> <span class='ocrx_word' id='word_1_82' title='bbox 1775 1262 1827 1310; x_wconf 89' lang='lat' dir='ltr'><strong><em>in</em></strong></span> <span class='ocrx_word' id='word_1_83' title='bbox 1864 1279 1919 1310; x_wconf 87' lang='lat' dir='ltr'><strong><em>ea</em></strong></span> 
     </span>
     <span class='ocr_line' id='line_1_12' title="bbox 166 1343 1920 1408; baseline 0 -16"><span class='ocrx_word' id='word_1_84' title='bbox 166 1344 414 1408; x_wconf 85' lang='lat' dir='ltr'><strong><em>provincia</em></strong></span> <span class='ocrx_word' id='word_1_85' title='bbox 449 1349 680 1401; x_wconf 50' lang='lat' dir='ltr'><strong><em>moratus</em></strong></span> <span class='ocrx_word' id='word_1_86' title='bbox 718 1343 905 1392; x_wconf 85' lang='lat' dir='ltr'><strong><em>videret</em></strong></span> <span class='ocrx_word' id='word_1_87' title='bbox 939 1343 1064 1392; x_wconf 91' lang='lat' dir='ltr'><strong><em>ritus</em></strong></span> <span class='ocrx_word' id='word_1_88' title='bbox 1099 1345 1309 1393; x_wconf 74' lang='lat' dir='ltr'><strong><em>ecclesiae</em></strong></span> <span class='ocrx_word' id='word_1_89' title='bbox 1347 1345 1626 1406; x_wconf 81' lang='lat' dir='ltr'><strong><em>canonicos3</em></strong></span> <span class='ocrx_word' id='word_1_90' title='bbox 1676 1346 1759 1395; x_wconf 91' lang='lat' dir='ltr'><strong><em>sed</em></strong></span> <span class='ocrx_word' id='word_1_91' title='bbox 1800 1351 1850 1393; x_wconf 91' lang='lat' dir='ltr'><strong><em>et</em></strong></span> <span class='ocrx_word' id='word_1_92' title='bbox 1891 1362 1920 1392; x_wconf 87' lang='lat' dir='ltr'><strong><em>a</em></strong></span> 
     </span>
     <span class='ocr_line' id='line_1_13' title="bbox 166 1426 1920 1490; baseline 0 -16"><span class='ocrx_word' id='word_1_93' title='bbox 166 1427 386 1490; x_wconf 89' lang='lat' dir='ltr'><strong><em>pluribus</em></strong></span> <span class='ocrx_word' id='word_1_94' title='bbox 431 1426 516 1490; x_wconf 92' lang='lat' dir='ltr'><strong><em>qui</em></strong></span> <span class='ocrx_word' id='word_1_95' title='bbox 564 1430 703 1474; x_wconf 87' lang='lat' dir='ltr'><strong><em>erant</em></strong></span> <span class='ocrx_word' id='word_1_96' title='bbox 750 1426 1041 1475; x_wconf 88' lang='lat' dir='ltr'><strong><em>eruditiores</em></strong></span> <span class='ocrx_word' id='word_1_97' title='bbox 1089 1432 1214 1475; x_wconf 90' lang='lat' dir='ltr'><strong><em>esset</em></strong></span> <span class='ocrx_word' id='word_1_98' title='bbox 1260 1428 1480 1475; x_wconf 90' lang='lat' dir='ltr'><strong><em>sollerter</em></strong></span> <span class='ocrx_word' id='word_1_99' title='bbox 1525 1428 1812 1487; x_wconf 89' lang='lat' dir='ltr'><strong><em>admonitus,</em></strong></span> <span class='ocrx_word' id='word_1_100' title='bbox 1861 1444 1920 1474; x_wconf 92' lang='lat' dir='ltr'><strong><em>ne</em></strong></span> 
     </span>
     <span class='ocr_line' id='line_1_14' title="bbox 174 1508 1921 1574; baseline -0.001 -16"><span class='ocrx_word' id='word_1_101' title='bbox 174 1516 343 1558; x_wconf 87' lang='lat' dir='ltr'><strong><em>contra</em></strong></span> <span class='ocrx_word' id='word_1_102' title='bbox 367 1509 689 1557; x_wconf 82' lang='lat' dir='ltr'><strong><em>universalem</em></strong></span> <span class='ocrx_word' id='word_1_103' title='bbox 714 1508 922 1557; x_wconf 87' lang='lat' dir='ltr'><strong><em>ecclesiae</em></strong></span> <span class='ocrx_word' id='word_1_104' title='bbox 950 1526 1148 1568; x_wconf 90' lang='lat' dir='ltr'><strong><em>morem,</em></strong></span> <span class='ocrx_word' id='word_1_105' title='bbox 1172 1509 1251 1558; x_wconf 88' lang='lat' dir='ltr'><strong><em>vel</em></strong></span> <span class='ocrx_word' id='word_1_106' title='bbox 1282 1510 1334 1557; x_wconf 92' lang='lat' dir='ltr'><strong><em>in</em></strong></span> <span class='ocrx_word' id='word_1_107' title='bbox 1363 1509 1669 1559; x_wconf 88' lang='lat' dir='ltr'><strong><em>observantia</em></strong></span> <span class='ocrx_word' id='word_1_108' title='bbox 1695 1510 1921 1574; x_wconf 86' lang='lat' dir='ltr'><strong><em>paschali,</em></strong></span> 
     </span>
     <span class='ocr_line' id='line_1_15' title="bbox 165 1591 1919 1657; baseline 0 -17"><span class='ocrx_word' id='word_1_109' title='bbox 165 1592 243 1640; x_wconf 86' lang='lat' dir='ltr'><strong><em>vel</em></strong></span> <span class='ocrx_word' id='word_1_110' title='bbox 288 1592 342 1640; x_wconf 92' lang='lat' dir='ltr'><strong><em>in</em></strong></span> <span class='ocrx_word' id='word_1_111' title='bbox 388 1591 495 1640; x_wconf 87' lang='lat' dir='ltr'><strong><em>aliis</em></strong></span> <span class='ocrx_word' id='word_1_112' title='bbox 542 1592 813 1655; x_wconf 90' lang='lat' dir='ltr'><strong><em>quibusque</em></strong></span> <span class='ocrx_word' id='word_1_113' title='bbox 859 1592 1066 1641; x_wconf 84' lang='lat' dir='ltr'><strong><em>decretis</em></strong></span> <span class='ocrx_word' id='word_1_114' title='bbox 1114 1611 1223 1641; x_wconf 92' lang='lat' dir='ltr'><strong><em>cum</em></strong></span> <span class='ocrx_word' id='word_1_115' title='bbox 1272 1593 1371 1641; x_wconf 87' lang='lat' dir='ltr'><strong><em>suis</em></strong></span> <span class='ocrx_word' id='word_1_116' title='bbox 1418 1593 1733 1657; x_wconf 84' lang='lat' dir='ltr'><strong><em>paucissimis,</em></strong></span> <span class='ocrx_word' id='word_1_117' title='bbox 1775 1599 1823 1641; x_wconf 91' lang='lat' dir='ltr'><strong><em>et</em></strong></span> <span class='ocrx_word' id='word_1_118' title='bbox 1869 1593 1919 1640; x_wconf 89' lang='lat' dir='ltr'><strong><em>in</em></strong></span> 
     </span>
     <span class='ocr_line' id='line_1_16' title="bbox 166 1673 1922 1739; baseline -0.001 -16"><span class='ocrx_word' id='word_1_119' title='bbox 166 1681 381 1723; x_wconf 84' lang='lat' dir='ltr'><strong><em>extremo</em></strong></span> <span class='ocrx_word' id='word_1_120' title='bbox 427 1673 597 1720; x_wconf 90' lang='lat' dir='ltr'><strong><em>mundi</em></strong></span> <span class='ocrx_word' id='word_1_121' title='bbox 648 1674 827 1737; x_wconf 85' lang='lat' dir='ltr'><strong><em>angulo</em></strong></span> <span class='ocrx_word' id='word_1_122' title='bbox 888 1675 1061 1738; x_wconf 88' lang='lat' dir='ltr'><strong><em>positis</em></strong></span> <span class='ocrx_word' id='word_1_123' title='bbox 1111 1676 1274 1724; x_wconf 87' lang='lat' dir='ltr'><strong><em>vivere</em></strong></span> <span class='ocrx_word' id='word_1_124' title='bbox 1331 1680 1658 1739; x_wconf 75' lang='lat' dir='ltr'><strong><em>praesumeret,</em></strong></span> <span class='ocrx_word' id='word_1_125' title='bbox 1706 1679 1922 1723; x_wconf 90' lang='lat' dir='ltr'><strong><em>mutatus</em></strong></span> 
     </span>
     <span class='ocr_line' id='line_1_17' title="bbox 166 1756 1923 1821; baseline 0.001 -17"><span class='ocrx_word' id='word_1_126' title='bbox 166 1761 327 1804; x_wconf 89' lang='lat' dir='ltr'><strong><em>mente</em></strong></span> <span class='ocrx_word' id='word_1_127' title='bbox 374 1762 479 1815; x_wconf 82' lang='lat' dir='ltr'><strong><em>est3</em></strong></span> <span class='ocrx_word' id='word_1_128' title='bbox 533 1756 603 1804; x_wconf 87' lang='lat' dir='ltr'><strong><em>ita</em></strong></span> <span class='ocrx_word' id='word_1_129' title='bbox 649 1762 707 1805; x_wconf 91' lang='lat' dir='ltr'><strong><em>ut</em></strong></span> <span class='ocrx_word' id='word_1_130' title='bbox 759 1774 815 1805; x_wconf 90' lang='lat' dir='ltr'><strong><em>ea</em></strong></span> <span class='ocrx_word' id='word_1_131' title='bbox 866 1775 975 1821; x_wconf 88' lang='lat' dir='ltr'><strong><em>quae</em></strong></span> <span class='ocrx_word' id='word_1_132' title='bbox 1022 1758 1211 1806; x_wconf 84' lang='lat' dir='ltr'><strong><em>viderat</em></strong></span> <span class='ocrx_word' id='word_1_133' title='bbox 1258 1763 1307 1806; x_wconf 92' lang='lat' dir='ltr'><strong><em>et</em></strong></span> <span class='ocrx_word' id='word_1_134' title='bbox 1353 1757 1572 1807; x_wconf 86' lang='lat' dir='ltr'><strong><em>audierat</em></strong></span> <span class='ocrx_word' id='word_1_135' title='bbox 1617 1757 1670 1805; x_wconf 91' lang='lat' dir='ltr'><strong><em>in</em></strong></span> <span class='ocrx_word' id='word_1_136' title='bbox 1717 1758 1923 1806; x_wconf 89' lang='lat' dir='ltr'><strong><em>ecclesiis</em></strong></span> 
     </span>
     <span class='ocr_line' id='line_1_18' title="bbox 166 1836 1922 1903; baseline 0.004 -19"><span class='ocrx_word' id='word_1_137' title='bbox 166 1836 449 1900; x_wconf 84' lang='lat' dir='ltr'><strong><em>Anglorum,</em></strong></span> <span class='ocrx_word' id='word_1_138' title='bbox 475 1855 575 1886; x_wconf 86' lang='lat' dir='ltr'><strong><em>suae</em></strong></span> <span class='ocrx_word' id='word_1_139' title='bbox 608 1855 901 1903; x_wconf 90' lang='lat' dir='ltr'><strong><em>suorumque</em></strong></span> <span class='ocrx_word' id='word_1_140' title='bbox 939 1839 1280 1888; x_wconf 88' lang='lat' dir='ltr'><strong><em>consuetudini</em></strong></span> <span class='ocrx_word' id='word_1_141' title='bbox 1313 1839 1628 1887; x_wconf 85' lang='lat' dir='ltr'><strong><em>libentissime</em></strong></span> <span class='ocrx_word' id='word_1_142' title='bbox 1660 1841 1922 1903; x_wconf 81' lang='lat' dir='ltr'><strong><em>praeferret.</em></strong></span> 
     </span>
     <span class='ocr_line' id='line_1_19' title="bbox 166 1919 1921 1985; baseline 0.002 -19"><span class='ocrx_word' id='word_1_143' title='bbox 166 1919 287 1967; x_wconf 86' lang='lat' dir='ltr'><strong><em>Erat</em></strong></span> <span class='ocrx_word' id='word_1_144' title='bbox 317 1919 444 1968; x_wconf 90' lang='lat' dir='ltr'><strong><em>enim</em></strong></span> <span class='ocrx_word' id='word_1_145' title='bbox 468 1919 546 1967; x_wconf 86' lang='lat' dir='ltr'><strong><em>vir</em></strong></span> <span class='ocrx_word' id='word_1_146' title='bbox 567 1921 722 1969; x_wconf 89' lang='lat' dir='ltr'><strong><em>bonus</em></strong></span> <span class='ocrx_word' id='word_1_147' title='bbox 755 1925 805 1969; x_wconf 88' lang='lat' dir='ltr'><strong><em>et</em></strong></span> <span class='ocrx_word' id='word_1_148' title='bbox 837 1922 1042 1985; x_wconf 81' lang='lat' dir='ltr'><strong><em>sapienS,</em></strong></span> <span class='ocrx_word' id='word_1_149' title='bbox 1069 1925 1118 1969; x_wconf 92' lang='lat' dir='ltr'><strong><em>et</em></strong></span> <span class='ocrx_word' id='word_1_150' title='bbox 1156 1922 1357 1970; x_wconf 84' lang='lat' dir='ltr'><strong><em>scientia</em></strong></span> <span class='ocrx_word' id='word_1_151' title='bbox 1390 1921 1754 1985; x_wconf 82' lang='lat' dir='ltr'><strong><em>Scripturarum</em></strong></span> <span class='ocrx_word' id='word_1_152' title='bbox 1784 1922 1921 1971; x_wconf 88' lang='lat' dir='ltr'><strong><em>nobi-</em></strong></span> 
     </span>
     <span class='ocr_line' id='line_1_20' title="bbox 166 2002 653 2051; baseline 0.004 -2"><span class='ocrx_word' id='word_1_153' title='bbox 166 2002 347 2050; x_wconf 88' lang='lat' dir='ltr'><strong><em>lissime</em></strong></span> <span class='ocrx_word' id='word_1_154' title='bbox 372 2003 653 2051; x_wconf 88' lang='lat' dir='ltr'><strong><em>instructus.</em></strong></span> 
     </span>
    </p>

    <p class='ocr_par' dir='ltr' id='par_1_5' title="bbox 168 2085 1924 2396">
     <span class='ocr_line' id='line_1_21' title="bbox 237 2085 1923 2151; baseline 0.002 -19"><span class='ocrx_word' id='word_1_155' title='bbox 237 2085 339 2144; x_wconf 82' lang='lat' dir='ltr'><strong><em>Qui</em></strong></span> <span class='ocrx_word' id='word_1_156' title='bbox 363 2102 472 2133; x_wconf 91' lang='lat' dir='ltr'><strong><em>cum</em></strong></span> <span class='ocrx_word' id='word_1_157' title='bbox 490 2086 687 2134; x_wconf 90' lang='lat' dir='ltr'><strong><em>domum</em></strong></span> <span class='ocrx_word' id='word_1_158' title='bbox 712 2086 948 2146; x_wconf 89' lang='lat' dir='ltr'><strong><em>rediisset,</em></strong></span> <span class='ocrx_word' id='word_1_159' title='bbox 968 2087 1156 2136; x_wconf 86' lang='lat' dir='ltr'><strong><em>curavit</em></strong></span> <span class='ocrx_word' id='word_1_160' title='bbox 1180 2104 1288 2136; x_wconf 89' lang='lat' dir='ltr'><strong><em>suos</em></strong></span> <span class='ocrx_word' id='word_1_161' title='bbox 1308 2087 1390 2150; x_wconf 89' lang='lat' dir='ltr'><strong><em>qui</em></strong></span> <span class='ocrx_word' id='word_1_162' title='bbox 1415 2092 1552 2135; x_wconf 90' lang='lat' dir='ltr'><strong><em>erant</em></strong></span> <span class='ocrx_word' id='word_1_163' title='bbox 1576 2086 1627 2134; x_wconf 86' lang='lat' dir='ltr'><strong><em>in</em></strong></span> <span class='ocrx_word' id='word_1_164' title='bbox 1651 2085 1757 2146; x_wconf 85' lang='lat' dir='ltr'><strong><em>Hii,</em></strong></span> <span class='ocrx_word' id='word_1_165' title='bbox 1778 2087 1923 2151; x_wconf 89' lang='lat' dir='ltr'><strong><em>quive</em></strong></span> 
     </span>
     <span class='ocr_line' id='line_1_22' title="bbox 168 2166 1922 2234; baseline 0.002 -20"><span class='ocrx_word' id='word_1_166' title='bbox 168 2166 326 2215; x_wconf 90' lang='lat' dir='ltr'><strong><em>eidem</em></strong></span> <span class='ocrx_word' id='word_1_167' title='bbox 349 2171 487 2216; x_wconf 85' lang='lat' dir='ltr'><strong><em>erant</em></strong></span> <span class='ocrx_word' id='word_1_168' title='bbox 511 2168 696 2217; x_wconf 89' lang='lat' dir='ltr'><strong><em>subditi</em></strong></span> <span class='ocrx_word' id='word_1_169' title='bbox 720 2169 1024 2229; x_wconf 84' lang='lat' dir='ltr'><strong><em>monasterio,</em></strong></span> <span class='ocrx_word' id='word_1_170' title='bbox 1045 2171 1107 2218; x_wconf 88' lang='lat' dir='ltr'><strong><em>ad</em></strong></span> <span class='ocrx_word' id='word_1_171' title='bbox 1132 2187 1243 2218; x_wconf 91' lang='lat' dir='ltr'><strong><em>eum</em></strong></span> <span class='ocrx_word' id='word_1_172' title='bbox 1267 2187 1412 2234; x_wconf 90' lang='lat' dir='ltr'><strong><em>quem</em></strong></span> <span class='ocrx_word' id='word_1_173' title='bbox 1437 2177 1737 2234; x_wconf 82' lang='lat' dir='ltr'><strong><em>cognoverat,</em></strong></span> <span class='ocrx_word' id='word_1_174' title='bbox 1756 2187 1922 2233; x_wconf 90' lang='lat' dir='ltr'><strong><em>quem-</em></strong></span> 
     </span>
     <span class='ocr_line' id='line_1_23' title="bbox 171 2248 1924 2314; baseline 0.002 -18"><span class='ocrx_word' id='word_1_175' title='bbox 171 2265 265 2311; x_wconf 91' lang='lat' dir='ltr'><strong><em>que</em></strong></span> <span class='ocrx_word' id='word_1_176' title='bbox 289 2248 393 2312; x_wconf 89' lang='lat' dir='ltr'><strong><em>ipse</em></strong></span> <span class='ocrx_word' id='word_1_177' title='bbox 416 2254 523 2297; x_wconf 88' lang='lat' dir='ltr'><strong><em>toto</em></strong></span> <span class='ocrx_word' id='word_1_178' title='bbox 548 2266 607 2297; x_wconf 86' lang='lat' dir='ltr'><strong><em>ex</em></strong></span> <span class='ocrx_word' id='word_1_179' title='bbox 632 2251 773 2298; x_wconf 90' lang='lat' dir='ltr'><strong><em>corde</em></strong></span> <span class='ocrx_word' id='word_1_180' title='bbox 797 2258 1080 2314; x_wconf 87' lang='lat' dir='ltr'><strong><em>susceperat,</em></strong></span> <span class='ocrx_word' id='word_1_181' title='bbox 1107 2251 1327 2300; x_wconf 87' lang='lat' dir='ltr'><strong><em>veritatis</em></strong></span> <span class='ocrx_word' id='word_1_182' title='bbox 1353 2250 1521 2298; x_wconf 86' lang='lat' dir='ltr'><strong><em>callem</em></strong></span> <span class='ocrx_word' id='word_1_183' title='bbox 1543 2250 1818 2313; x_wconf 88' lang='lat' dir='ltr'><strong><em>perducere,</em></strong></span> <span class='ocrx_word' id='word_1_184' title='bbox 1837 2268 1924 2299; x_wconf 91' lang='lat' dir='ltr'><strong><em>nec</em></strong></span> 
     </span>
     <span class='ocr_line' id='line_1_24' title="bbox 170 2331 1924 2396; baseline 0.001 -16"><span class='ocrx_word' id='word_1_185' title='bbox 170 2331 338 2380; x_wconf 87' lang='lat' dir='ltr'><strong><em>valuit.</em></strong></span> <span class='ocrx_word' id='word_1_186' title='bbox 406 2331 671 2396; x_wconf 85' lang='lat' dir='ltr'><strong><em>Navigavit</em></strong></span> <span class='ocrx_word' id='word_1_187' title='bbox 702 2332 1005 2393; x_wconf 87' lang='lat' dir='ltr'><strong><em>Hiberniam,</em></strong></span> <span class='ocrx_word' id='word_1_188' title='bbox 1033 2337 1083 2381; x_wconf 89' lang='lat' dir='ltr'><strong><em>et</em></strong></span> <span class='ocrx_word' id='word_1_189' title='bbox 1113 2333 1380 2396; x_wconf 74' lang='lat' dir='ltr'><strong><em>praedicans</em></strong></span> <span class='ocrx_word' id='word_1_190' title='bbox 1409 2332 1489 2392; x_wconf 90' lang='lat' dir='ltr'><strong><em>eis,</em></strong></span> <span class='ocrx_word' id='word_1_191' title='bbox 1514 2350 1568 2381; x_wconf 89' lang='lat' dir='ltr'><strong><em>ac</em></strong></span> <span class='ocrx_word' id='word_1_192' title='bbox 1600 2333 1814 2381; x_wconf 85' lang='lat' dir='ltr'><strong><em>modesta</em></strong></span> <span class='ocrx_word' id='word_1_193' title='bbox 1842 2349 1924 2381; x_wconf 86' lang='lat' dir='ltr'><strong><em>ex-</em></strong></span> 
     </span>
    </p>
   </div>
   <div class='ocr_carea' id='block_1_5' title="bbox 170 2454 1925 2564">
    <p class='ocr_par' dir='ltr' id='par_1_6' title="bbox 170 2454 1925 2564">
     <span class='ocr_line' id='line_1_25' title="bbox 224 2454 1925 2509; baseline 0.001 -15"><span class='ocrx_word' id='word_1_194' title='bbox 224 2454 237 2477; x_wconf 84' lang='lat'><em>¹</em></span> <span class='ocrx_word' id='word_1_195' title='bbox 271 2454 356 2502; x_wconf 80' lang='lat' dir='ltr'><strong><em>Quo</em></strong></span> <span class='ocrx_word' id='word_1_196' title='bbox 375 2454 567 2507; x_wconf 83' lang='lat' dir='ltr'><strong><em>tempore]</em></strong></span> <span class='ocrx_word' id='word_1_197' title='bbox 591 2455 732 2495; x_wconf 89' lang='lat' dir='ltr'><strong><em>Usher</em></strong></span> <span class='ocrx_word' id='word_1_198' title='bbox 750 2455 835 2495; x_wconf 88' lang='lat' dir='ltr'><strong><em>and</em></strong></span> <span class='ocrx_word' id='word_1_199' title='bbox 848 2456 1016 2496; x_wconf 90' lang='lat' dir='ltr'><strong><em>Steven-</em></strong></span> <span class='ocrx_word' id='word_1_200' title='bbox 1073 2459 1119 2495; x_wconf 90' lang='lat' dir='ltr'><strong><em>to</em></strong></span> <span class='ocrx_word' id='word_1_201' title='bbox 1146 2456 1219 2495; x_wconf 89' lang='lat' dir='ltr'><strong><em>the</em></strong></span> <span class='ocrx_word' id='word_1_202' title='bbox 1247 2470 1364 2509; x_wconf 89' lang='lat' dir='ltr'><strong><em>pope.</em></strong></span> <span class='ocrx_word' id='word_1_203' title='bbox 1422 2455 1618 2497; x_wconf 90' lang='lat' dir='ltr'><strong><em>Haedde’s</em></strong></span> <span class='ocrx_word' id='word_1_204' title='bbox 1638 2457 1730 2498; x_wconf 86' lang='lat' dir='ltr'><strong><em>Life</em></strong></span> <span class='ocrx_word' id='word_1_205' title='bbox 1758 2457 1805 2497; x_wconf 87' lang='lat' dir='ltr'><strong><em>of</em></strong></span> <span class='ocrx_word' id='word_1_206' title='bbox 1817 2457 1925 2496; x_wconf 92' lang='lat' dir='ltr'><strong><em>Wil-</em></strong></span> 
     </span>
     <span class='ocr_line' id='line_1_26' title="bbox 170 2509 1445 2564; baseline 0.002 -15"><span class='ocrx_word' id='word_1_207' title='bbox 170 2523 242 2549; x_wconf 89' lang='lat' dir='ltr'><strong><em>son</em></strong></span> <span class='ocrx_word' id='word_1_208' title='bbox 262 2509 359 2548; x_wconf 91' lang='lat' dir='ltr'><strong><em>date</em></strong></span> <span class='ocrx_word' id='word_1_209' title='bbox 379 2509 464 2548; x_wconf 82' lang='lat' dir='ltr'><strong><em>this</em></strong></span> <span class='ocrx_word' id='word_1_210' title='bbox 483 2520 569 2549; x_wconf 57' lang='grc' dir='ltr'><strong><em>ΑΛ).</em></strong></span> <span class='ocrx_word' id='word_1_211' title='bbox 593 2518 695 2562; x_wconf 84' lang='lat'>7033</span> <span class='ocrx_word' id='word_1_212' title='bbox 725 2510 1020 2549; x_wconf 79' lang='lat' dir='ltr'><strong><em>westminster</em></strong></span> <span class='ocrx_word' id='word_1_213' title='bbox 1074 2510 1190 2556; x_wconf 84' lang='lat' dir='ltr'><strong><em>frith,</em></strong></span> <span class='ocrx_word' id='word_1_214' title='bbox 1210 2524 1266 2550; x_wconf 93' lang='lat' dir='ltr'><strong><em>cc.</em></strong></span> <span class='ocrx_word' id='word_1_215' title='bbox 1293 2523 1355 2564; x_wconf 85' lang='lat'><strong><em>24,</em></strong></span> <span class='ocrx_word' id='word_1_216' title='bbox 1380 2525 1445 2564; x_wconf 88' lang='lat'><strong><em>44.</em></strong></span> 
     </span>
    </p>
   </div>
   <div class='ocr_carea' id='block_1_6' title="bbox 169 2564 1925 2676">
    <p class='ocr_par' dir='ltr' id='par_1_7' title="bbox 169 2564 1925 2676">
     <span class='ocr_line' id='line_1_27' title="bbox 170 2564 1925 2620; baseline 0.001 -16"><span class='ocrx_word' id='word_1_217' title='bbox 170 2564 251 2604; x_wconf 92' lang='lat' dir='ltr'><strong><em>and</em></strong></span> <span class='ocrx_word' id='word_1_218' title='bbox 290 2564 439 2611; x_wconf 81' lang='lat' dir='ltr'><strong><em>Smith,</em></strong></span> <span class='ocrx_word' id='word_1_219' title='bbox 471 2575 557 2605; x_wconf 76' lang='lat' dir='ltr'><strong>A.D.</strong></span> <span class='ocrx_word' id='word_1_220' title='bbox 593 2573 683 2615; x_wconf 90' lang='lat'><em>701.</em></span> <span class='ocrx_word' id='word_1_221' title='bbox 740 2565 793 2603; x_wconf 92' lang='lat' dir='ltr'><strong><em>In</em></strong></span> <span class='ocrx_word' id='word_1_222' title='bbox 822 2576 908 2604; x_wconf 57' lang='grc' dir='ltr'><strong><em>ΑΛ).</em></strong></span> <span class='ocrx_word' id='word_1_223' title='bbox 942 2572 1016 2615; x_wconf 88' lang='lat'><strong><em>70²</em></strong></span> <span class='ocrx_word' id='word_1_224' title='bbox 1128 2564 1144 2587; x_wconf 82' lang='lat'>²</span> <span class='ocrx_word' id='word_1_225' title='bbox 1163 2565 1392 2606; x_wconf 82' lang='lat' dir='ltr'><strong><em>Scottorum</em></strong></span> <span class='ocrx_word' id='word_1_226' title='bbox 1404 2567 1691 2620; x_wconf 79' lang='lat' dir='ltr'><strong><em>inHibernia]</em></strong></span> <span class='ocrx_word' id='word_1_227' title='bbox 1706 2567 1795 2607; x_wconf 84' lang='lat' dir='ltr'><strong><em>The</em></strong></span> <span class='ocrx_word' id='word_1_228' title='bbox 1809 2568 1925 2607; x_wconf 86' lang='lat' dir='ltr'><strong><em>Scots</em></strong></span> 
     </span>
     <span class='ocr_line' id='line_1_28' title="bbox 169 2619 1923 2676; baseline 0.002 -18"><span class='ocrx_word' id='word_1_229' title='bbox 169 2632 254 2658; x_wconf 86' lang='lat' dir='ltr'><strong><em>was</em></strong></span> <span class='ocrx_word' id='word_1_230' title='bbox 283 2619 525 2659; x_wconf 85' lang='lat' dir='ltr'><strong><em>summoned</em></strong></span> <span class='ocrx_word' id='word_1_231' title='bbox 554 2619 626 2658; x_wconf 92' lang='lat' dir='ltr'><strong><em>the</em></strong></span> <span class='ocrx_word' id='word_1_232' title='bbox 655 2620 815 2659; x_wconf 85' lang='lat' dir='ltr'><strong><em>council</em></strong></span> <span class='ocrx_word' id='word_1_233' title='bbox 842 2619 895 2659; x_wconf 82' lang='lat' dir='ltr'><strong><em>of·</em></strong></span> <span class='ocrx_word' id='word_1_234' title='bbox 910 2619 1016 2659; x_wconf 89' lang='lat' dir='ltr'><strong><em>One·</em></strong></span> <span class='ocrx_word' id='word_1_235' title='bbox 1073 2620 1118 2660; x_wconf 71' lang='grc' dir='ltr'><strong><em>οἱ</em></strong></span> <span class='ocrx_word' id='word_1_236' title='bbox 1133 2620 1272 2660; x_wconf 87' lang='lat' dir='ltr'><strong><em>North</em></strong></span> <span class='ocrx_word' id='word_1_237' title='bbox 1290 2621 1472 2662; x_wconf 83' lang='lat' dir='ltr'><strong><em>Ireland.</em></strong></span> <span class='ocrx_word' id='word_1_238' title='bbox 1528 2622 1603 2663; x_wconf 84' lang='lat' dir='ltr'><strong><em>See</em></strong></span> <span class='ocrx_word' id='word_1_239' title='bbox 1619 2637 1661 2675; x_wconf 90' lang='lat' dir='ltr'><strong><em>p.</em></strong></span> <span class='ocrx_word' id='word_1_240' title='bbox 1681 2634 1769 2676; x_wconf 84' lang='lat'><strong><em>143,</em></strong></span> <span class='ocrx_word' id='word_1_241' title='bbox 1787 2623 1923 2662; x_wconf 82' lang='lat' dir='ltr'><strong><em>where</em></strong></span> 
     </span>
    </p>
   </div>
   <div class='ocr_carea' id='block_1_7' title="bbox 169 2673 1924 2781">
    <p class='ocr_par' dir='ltr' id='par_1_8' title="bbox 169 2673 1924 2781">
     <span class='ocr_line' id='line_1_29' title="bbox 170 2673 1924 2727; baseline 0.002 -14"><span class='ocrx_word' id='word_1_242' title='bbox 170 2673 352 2718; x_wconf 62' lang='lat' dir='ltr'><strong><em>sta-feld,</em></strong></span> <span class='ocrx_word' id='word_1_243' title='bbox 373 2686 440 2712; x_wconf 88' lang='lat' dir='ltr'><strong><em>see</em></strong></span> <span class='ocrx_word' id='word_1_244' title='bbox 468 2687 508 2725; x_wconf 86' lang='lat' dir='ltr'><strong><em>p.</em></strong></span> <span class='ocrx_word' id='word_1_245' title='bbox 532 2685 625 2724; x_wconf 83' lang='lat'><strong><em>332,</em></strong></span> <span class='ocrx_word' id='word_1_246' title='bbox 645 2678 743 2713; x_wconf 91' lang='lat' dir='ltr'><strong><em>note</em></strong></span> <span class='ocrx_word' id='word_1_247' title='bbox 765 2686 802 2724; x_wconf 82' lang='lat'><strong><em>3,</em></strong></span> <span class='ocrx_word' id='word_1_248' title='bbox 824 2674 877 2725; x_wconf 90' lang='lat' dir='ltr'><strong><em>by</em></strong></span> <span class='ocrx_word' id='word_1_249' title='bbox 900 2674 1019 2727; x_wconf 88' lang='lat' dir='ltr'><strong><em>King</em></strong></span> <span class='ocrx_word' id='word_1_250' title='bbox 1073 2674 1189 2714; x_wconf 83' lang='lat' dir='ltr'><strong><em>Beda</em></strong></span> <span class='ocrx_word' id='word_1_251' title='bbox 1217 2689 1311 2727; x_wconf 86' lang='lat' dir='ltr'><strong><em>says</em></strong></span> <span class='ocrx_word' id='word_1_252' title='bbox 1339 2676 1433 2716; x_wconf 83' lang='lat' dir='ltr'><strong><em>that</em></strong></span> <span class='ocrx_word' id='word_1_253' title='bbox 1460 2677 1532 2716; x_wconf 87' lang='lat' dir='ltr'><strong><em>the</em></strong></span> <span class='ocrx_word' id='word_1_254' title='bbox 1560 2677 1693 2717; x_wconf 84' lang='lat' dir='ltr'><strong><em>South</em></strong></span> <span class='ocrx_word' id='word_1_255' title='bbox 1724 2677 1831 2717; x_wconf 84' lang='lat' dir='ltr'><strong><em>Irish</em></strong></span> <span class='ocrx_word' id='word_1_256' title='bbox 1859 2691 1924 2716; x_wconf 79' lang='lat' dir='ltr'><strong><em>ac·</em></strong></span> 
     </span>
     <span class='ocr_line' id='line_1_30' title="bbox 169 2727 1618 2781; baseline 0.003 -14"><span class='ocrx_word' id='word_1_257' title='bbox 169 2728 359 2768; x_wconf 88' lang='lat' dir='ltr'><strong><em>Aldfrith</em></strong></span> <span class='ocrx_word' id='word_1_258' title='bbox 380 2727 463 2767; x_wconf 87' lang='lat' dir='ltr'><strong><em>and</em></strong></span> <span class='ocrx_word' id='word_1_259' title='bbox 482 2728 744 2780; x_wconf 88' lang='lat' dir='ltr'><strong><em>Archbishop</em></strong></span> <span class='ocrx_word' id='word_1_260' title='bbox 765 2729 1019 2775; x_wconf 90' lang='lat' dir='ltr'><strong><em>Berhtwald,</em></strong></span> <span class='ocrx_word' id='word_1_261' title='bbox 1075 2730 1223 2781; x_wconf 89' lang='lat' dir='ltr'><strong><em>cepted</em></strong></span> <span class='ocrx_word' id='word_1_262' title='bbox 1242 2730 1314 2770; x_wconf 91' lang='lat' dir='ltr'><strong><em>the</em></strong></span> <span class='ocrx_word' id='word_1_263' title='bbox 1333 2731 1496 2771; x_wconf 84' lang='lat' dir='ltr'><strong><em>Roman</em></strong></span> <span class='ocrx_word' id='word_1_264' title='bbox 1517 2732 1618 2774; x_wconf 84' lang='lat' dir='ltr'><strong><em>rule.</em></strong></span> 
     </span>
    </p>
   </div>
   <div class='ocr_carea' id='block_1_8' title="bbox 168 2782 1020 3329">
    <p class='ocr_par' dir='ltr' id='par_1_9' title="bbox 168 2782 1020 3329">
     <span class='ocr_line' id='line_1_31' title="bbox 170 2782 1019 2831; baseline 0.001 -9"><span class='ocrx_word' id='word_1_265' title='bbox 170 2788 214 2822; x_wconf 88' lang='lat' dir='ltr'><strong><em>to</em></strong></span> <span class='ocrx_word' id='word_1_266' title='bbox 235 2782 412 2822; x_wconf 88' lang='lat' dir='ltr'><strong><em>demand</em></strong></span> <span class='ocrx_word' id='word_1_267' title='bbox 433 2783 479 2821; x_wconf 87' lang='lat' dir='ltr'><strong><em>of</em></strong></span> <span class='ocrx_word' id='word_1_268' title='bbox 494 2783 692 2831; x_wconf 78' lang='lat' dir='ltr'><strong><em>wilfrith,</em></strong></span> <span class='ocrx_word' id='word_1_269' title='bbox 709 2783 800 2822; x_wconf 90' lang='lat' dir='ltr'><strong><em>who</em></strong></span> <span class='ocrx_word' id='word_1_270' title='bbox 819 2783 903 2823; x_wconf 89' lang='lat' dir='ltr'><strong><em>had</em></strong></span> <span class='ocrx_word' id='word_1_271' title='bbox 928 2797 1019 2823; x_wconf 86' lang='lat' dir='ltr'><strong><em>now</em></strong></span> 
     </span>
     <span class='ocr_line' id='line_1_32' title="bbox 168 2836 1017 2882; baseline 0.002 -6"><span class='ocrx_word' id='word_1_272' title='bbox 168 2836 389 2877; x_wconf 85' lang='lat' dir='ltr'><strong><em>recovered</em></strong></span> <span class='ocrx_word' id='word_1_273' title='bbox 422 2837 494 2877; x_wconf 90' lang='lat' dir='ltr'><strong><em>the</em></strong></span> <span class='ocrx_word' id='word_1_274' title='bbox 526 2838 603 2877; x_wconf 86' lang='lat' dir='ltr'><strong><em>See</em></strong></span> <span class='ocrx_word' id='word_1_275' title='bbox 630 2838 677 2877; x_wconf 88' lang='lat' dir='ltr'><strong><em>of</em></strong></span> <span class='ocrx_word' id='word_1_276' title='bbox 700 2837 833 2882; x_wconf 86' lang='lat' dir='ltr'><strong><em>York‚</em></strong></span> <span class='ocrx_word' id='word_1_277' title='bbox 863 2851 918 2878; x_wconf 82' lang='lat' dir='ltr'><strong><em>an</em></strong></span> <span class='ocrx_word' id='word_1_278' title='bbox 950 2852 1017 2878; x_wconf 87' lang='lat' dir='ltr'><strong><em>ac·</em></strong></span> 
     </span>
     <span class='ocr_line' id='line_1_33' title="bbox 170 2892 1018 2943; baseline 0.002 -12"><span class='ocrx_word' id='word_1_279' title='bbox 170 2892 506 2943; x_wconf 85' lang='lat' dir='ltr'><strong><em>knowledgment</em></strong></span> <span class='ocrx_word' id='word_1_280' title='bbox 540 2892 586 2931; x_wconf 88' lang='lat' dir='ltr'><strong><em>of</em></strong></span> <span class='ocrx_word' id='word_1_281' title='bbox 614 2892 684 2931; x_wconf 86' lang='lat' dir='ltr'><strong><em>the</em></strong></span> <span class='ocrx_word' id='word_1_282' title='bbox 722 2897 900 2932; x_wconf 83' lang='lat' dir='ltr'><strong><em>statutes</em></strong></span> <span class='ocrx_word' id='word_1_283' title='bbox 937 2894 1018 2933; x_wconf 83' lang='lat' dir='ltr'><strong><em>and</em></strong></span> 
     </span>
     <span class='ocr_line' id='line_1_34' title="bbox 170 2946 1018 2999; baseline 0.002 -13"><span class='ocrx_word' id='word_1_284' title='bbox 170 2946 410 2987; x_wconf 86' lang='lat' dir='ltr'><strong><em>ordinances</em></strong></span> <span class='ocrx_word' id='word_1_285' title='bbox 430 2947 471 2985; x_wconf 85' lang='lat' dir='ltr'><strong><em>of</em></strong></span> <span class='ocrx_word' id='word_1_286' title='bbox 490 2946 752 2999; x_wconf 84' lang='lat' dir='ltr'><strong><em>Archbishop</em></strong></span> <span class='ocrx_word' id='word_1_287' title='bbox 767 2947 1018 2988; x_wconf 86' lang='lat' dir='ltr'><strong><em>Theodorus.</em></strong></span> 
     </span>
     <span class='ocr_line' id='line_1_35' title="bbox 171 3001 1020 3054; baseline 0.001 -13"><span class='ocrx_word' id='word_1_288' title='bbox 171 3002 358 3041; x_wconf 74' lang='lat' dir='ltr'><strong><em>wilfrith</em></strong></span> <span class='ocrx_word' id='word_1_289' title='bbox 388 3001 563 3047; x_wconf 85' lang='lat' dir='ltr'><strong><em>refused,</em></strong></span> <span class='ocrx_word' id='word_1_290' title='bbox 592 3001 674 3041; x_wconf 90' lang='lat' dir='ltr'><strong><em>and</em></strong></span> <span class='ocrx_word' id='word_1_291' title='bbox 704 3015 787 3042; x_wconf 87' lang='lat' dir='ltr'><strong><em>was</em></strong></span> <span class='ocrx_word' id='word_1_292' title='bbox 825 3002 1020 3054; x_wconf 87' lang='lat' dir='ltr'><strong><em>deprived</em></strong></span> 
     </span>
     <span class='ocr_line' id='line_1_36' title="bbox 169 3054 1019 3109; baseline 0 -13"><span class='ocrx_word' id='word_1_293' title='bbox 169 3057 216 3096; x_wconf 85' lang='lat' dir='ltr'><strong><em>of</em></strong></span> <span class='ocrx_word' id='word_1_294' title='bbox 226 3057 281 3096; x_wconf 85' lang='lat' dir='ltr'><strong><em>all</em></strong></span> <span class='ocrx_word' id='word_1_295' title='bbox 298 3057 360 3095; x_wconf 81' lang='lat' dir='ltr'><strong><em>his</em></strong></span> <span class='ocrx_word' id='word_1_296' title='bbox 378 3054 585 3107; x_wconf 85' lang='lat' dir='ltr'><strong><em>dignities,</em></strong></span> <span class='ocrx_word' id='word_1_297' title='bbox 603 3061 750 3108; x_wconf 85' lang='lat' dir='ltr'><strong><em>except</em></strong></span> <span class='ocrx_word' id='word_1_298' title='bbox 769 3056 841 3095; x_wconf 89' lang='lat' dir='ltr'><strong><em>the</em></strong></span> <span class='ocrx_word' id='word_1_299' title='bbox 860 3057 1019 3109; x_wconf 85' lang='lat' dir='ltr'><strong><em>abbacy</em></strong></span> 
     </span>
     <span class='ocr_line' id='line_1_37' title="bbox 170 3111 1018 3163; baseline 0 -12"><span class='ocrx_word' id='word_1_300' title='bbox 170 3112 216 3151; x_wconf 85' lang='lat' dir='ltr'><strong><em>of</em></strong></span> <span class='ocrx_word' id='word_1_301' title='bbox 231 3112 294 3150; x_wconf 87' lang='lat' dir='ltr'><strong><em>his</em></strong></span> <span class='ocrx_word' id='word_1_302' title='bbox 313 3125 403 3150; x_wconf 86' lang='lat' dir='ltr'><strong><em>own</em></strong></span> <span class='ocrx_word' id='word_1_303' title='bbox 427 3117 662 3163; x_wconf 84' lang='lat' dir='ltr'><strong><em>monastery</em></strong></span> <span class='ocrx_word' id='word_1_304' title='bbox 688 3115 731 3150; x_wconf 83' lang='lat' dir='ltr'><strong><em>of</em></strong></span> <span class='ocrx_word' id='word_1_305' title='bbox 745 3111 895 3163; x_wconf 86' lang='lat' dir='ltr'><strong><em>Ripon.</em></strong></span> <span class='ocrx_word' id='word_1_306' title='bbox 948 3112 1018 3151; x_wconf 89' lang='lat' dir='ltr'><strong><em>He</em></strong></span> 
     </span>
     <span class='ocr_line' id='line_1_38' title="bbox 170 3165 1013 3218; baseline -0.001 -12"><span class='ocrx_word' id='word_1_307' title='bbox 170 3167 266 3206; x_wconf 87' lang='lat' dir='ltr'><strong><em>took</em></strong></span> <span class='ocrx_word' id='word_1_308' title='bbox 284 3166 426 3218; x_wconf 84' lang='lat' dir='ltr'><strong><em>refuge</em></strong></span> <span class='ocrx_word' id='word_1_309' title='bbox 439 3165 542 3205; x_wconf 89' lang='lat' dir='ltr'><strong><em>with</em></strong></span> <span class='ocrx_word' id='word_1_310' title='bbox 555 3165 773 3205; x_wconf 87' lang='lat' dir='ltr'><strong><em>AEthelred</em></strong></span> <span class='ocrx_word' id='word_1_311' title='bbox 790 3165 836 3205; x_wconf 82' lang='lat' dir='ltr'><strong><em>of</em></strong></span> <span class='ocrx_word' id='word_1_312' title='bbox 844 3166 1013 3212; x_wconf 82' lang='lat' dir='ltr'><strong><em>Mercia‚</em></strong></span> 
     </span>
     <span class='ocr_line' id='line_1_39' title="bbox 170 3220 1016 3270; baseline 0 -10"><span class='ocrx_word' id='word_1_313' title='bbox 170 3221 252 3260; x_wconf 81' lang='lat' dir='ltr'><strong><em>and</em></strong></span> <span class='ocrx_word' id='word_1_314' title='bbox 280 3235 378 3260; x_wconf 87' lang='lat' dir='ltr'><strong><em>soon</em></strong></span> <span class='ocrx_word' id='word_1_315' title='bbox 398 3220 516 3268; x_wconf 82' lang='lat' dir='ltr'><strong><em>after,</em></strong></span> <span class='ocrx_word' id='word_1_316' title='bbox 538 3220 695 3270; x_wconf 63' lang='lat' dir='ltr'><strong><em>though</em></strong></span> <span class='ocrx_word' id='word_1_317' title='bbox 716 3221 761 3259; x_wconf 90' lang='lat' dir='ltr'><strong><em>in</em></strong></span> <span class='ocrx_word' id='word_1_318' title='bbox 787 3221 850 3259; x_wconf 85' lang='lat' dir='ltr'><strong><em>his</em></strong></span> <span class='ocrx_word' id='word_1_319' title='bbox 879 3234 960 3260; x_wconf 75' lang='lat' dir='ltr'><strong><em>sev«</em></strong></span> <span class='ocrx_word' id='word_1_320' title='bbox 975 3235 1016 3260; x_wconf 89' lang='lat' dir='ltr'><strong><em>n-</em></strong></span> 
     </span>
     <span class='ocr_line' id='line_1_40' title="bbox 170 3276 1020 3329; baseline 0.001 -14"><span class='ocrx_word' id='word_1_321' title='bbox 170 3276 276 3316; x_wconf 90' lang='lat' dir='ltr'><strong><em>tieth</em></strong></span> <span class='ocrx_word' id='word_1_322' title='bbox 303 3289 416 3329; x_wconf 84' lang='lat' dir='ltr'><strong><em>year,</em></strong></span> <span class='ocrx_word' id='word_1_323' title='bbox 440 3281 552 3315; x_wconf 84' lang='lat' dir='ltr'><strong><em>went</em></strong></span> <span class='ocrx_word' id='word_1_324' title='bbox 578 3280 622 3315; x_wconf 80' lang='lat' dir='ltr'><strong><em>to</em></strong></span> <span class='ocrx_word' id='word_1_325' title='bbox 642 3276 774 3315; x_wconf 89' lang='lat' dir='ltr'><strong><em>Rome</em></strong></span> <span class='ocrx_word' id='word_1_326' title='bbox 802 3279 846 3315; x_wconf 83' lang='lat' dir='ltr'><strong><em>to</em></strong></span> <span class='ocrx_word' id='word_1_327' title='bbox 874 3276 1020 3328; x_wconf 84' lang='lat' dir='ltr'><strong><em>appeal</em></strong></span> 
     </span>
    </p>
   </div>
   <div class='ocr_carea' id='block_1_9' title="bbox 1073 2785 1927 3329">
    <p class='ocr_par' dir='ltr' id='par_1_10' title="bbox 1073 2785 1927 3163">
     <span class='ocr_line' id='line_1_41' title="bbox 1130 2785 1927 2840; baseline 0.001 -16"><span class='ocrx_word' id='word_1_328' title='bbox 1130 2785 1145 2808; x_wconf 81' lang='lat'>³</span> <span class='ocrx_word' id='word_1_329' title='bbox 1173 2785 1419 2839; x_wconf 78' lang='lat' dir='ltr'><strong><em>Adamnan]</em></strong></span> <span class='ocrx_word' id='word_1_330' title='bbox 1469 2787 1556 2826; x_wconf 84' lang='lat' dir='ltr'><strong><em>The</em></strong></span> <span class='ocrx_word' id='word_1_331' title='bbox 1597 2787 1847 2840; x_wconf 81' lang='lat' dir='ltr'><strong><em>biographer</em></strong></span> <span class='ocrx_word' id='word_1_332' title='bbox 1884 2787 1927 2825; x_wconf 80' lang='lat' dir='ltr'><strong><em>of</em></strong></span> 
     </span>
     <span class='ocr_line' id='line_1_42' title="bbox 1075 2839 1924 2895; baseline 0.001 -17"><span class='ocrx_word' id='word_1_333' title='bbox 1075 2839 1136 2878; x_wconf 86' lang='lat' dir='ltr'><strong><em>St.</em></strong></span> <span class='ocrx_word' id='word_1_334' title='bbox 1177 2839 1391 2881; x_wconf 86' lang='lat' dir='ltr'><strong><em>Columba.</em></strong></span> <span class='ocrx_word' id='word_1_335' title='bbox 1447 2841 1710 2895; x_wconf 70' lang='lat' dir='ltr'><strong><em>Everything·</em></strong></span> <span class='ocrx_word' id='word_1_336' title='bbox 1756 2843 1851 2881; x_wconf 85' lang='lat' dir='ltr'><strong><em>that</em></strong></span> <span class='ocrx_word' id='word_1_337' title='bbox 1888 2843 1924 2880; x_wconf 89' lang='lat' dir='ltr'><strong><em>is</em></strong></span> 
     </span>
     <span class='ocr_line' id='line_1_43' title="bbox 1076 2893 1924 2948; baseline 0.002 -16"><span class='ocrx_word' id='word_1_338' title='bbox 1076 2893 1227 2934; x_wconf 88' lang='lat' dir='ltr'><strong><em>known</em></strong></span> <span class='ocrx_word' id='word_1_339' title='bbox 1264 2895 1392 2936; x_wconf 82' lang='lat' dir='ltr'><strong><em>about</em></strong></span> <span class='ocrx_word' id='word_1_340' title='bbox 1429 2897 1519 2936; x_wconf 89' lang='lat' dir='ltr'><strong><em>him</em></strong></span> <span class='ocrx_word' id='word_1_341' title='bbox 1556 2898 1592 2936; x_wconf 85' lang='lat' dir='ltr'><strong><em>is</em></strong></span> <span class='ocrx_word' id='word_1_342' title='bbox 1631 2897 1829 2936; x_wconf 89' lang='lat' dir='ltr'><strong><em>collected</em></strong></span> <span class='ocrx_word' id='word_1_343' title='bbox 1867 2896 1924 2948; x_wconf 87' lang='lat' dir='ltr'><strong><em>by</em></strong></span> 
     </span>
     <span class='ocr_line' id='line_1_44' title="bbox 1075 2948 1921 2991; baseline 0.002 -4"><span class='ocrx_word' id='word_1_344' title='bbox 1075 2948 1149 2988; x_wconf 84' lang='lat' dir='ltr'><strong><em>Dr.</em></strong></span> <span class='ocrx_word' id='word_1_345' title='bbox 1182 2949 1343 2990; x_wconf 88' lang='lat' dir='ltr'><strong><em>Reeves</em></strong></span> <span class='ocrx_word' id='word_1_346' title='bbox 1379 2951 1424 2990; x_wconf 91' lang='lat' dir='ltr'><strong><em>in</em></strong></span> <span class='ocrx_word' id='word_1_347' title='bbox 1461 2951 1528 2991; x_wconf 83' lang='lat' dir='ltr'><strong><em>his</em></strong></span> <span class='ocrx_word' id='word_1_348' title='bbox 1566 2952 1746 2991; x_wconf 89' lang='lat' dir='ltr'><strong><em>Memoir</em></strong></span> <span class='ocrx_word' id='word_1_349' title='bbox 1782 2951 1829 2990; x_wconf 86' lang='lat' dir='ltr'><strong><em>of</em></strong></span> <span class='ocrx_word' id='word_1_350' title='bbox 1862 2950 1921 2989; x_wconf 88' lang='lat' dir='ltr'><strong><em>St.</em></strong></span> 
     </span>
     <span class='ocr_line' id='line_1_45' title="bbox 1074 3003 1925 3058; baseline 0 -15"><span class='ocrx_word' id='word_1_351' title='bbox 1074 3003 1296 3044; x_wconf 86' lang='lat' dir='ltr'><strong><em>Adamnan</em></strong></span> <span class='ocrx_word' id='word_1_352' title='bbox 1323 3006 1506 3058; x_wconf 82' lang='lat' dir='ltr'><strong><em>prefixed</em></strong></span> <span class='ocrx_word' id='word_1_353' title='bbox 1533 3010 1578 3046; x_wconf 91' lang='lat' dir='ltr'><strong><em>to</em></strong></span> <span class='ocrx_word' id='word_1_354' title='bbox 1606 3007 1669 3046; x_wconf 91' lang='lat' dir='ltr'><strong><em>his</em></strong></span> <span class='ocrx_word' id='word_1_355' title='bbox 1697 3005 1852 3045; x_wconf 88' lang='lat' dir='ltr'><strong><em>edition</em></strong></span> <span class='ocrx_word' id='word_1_356' title='bbox 1881 3005 1925 3043; x_wconf 89' lang='lat' dir='ltr'><strong><em>of</em></strong></span> 
     </span>
     <span class='ocr_line' id='line_1_46' title="bbox 1074 3058 1922 3112; baseline 0.001 -16"><span class='ocrx_word' id='word_1_357' title='bbox 1074 3058 1146 3097; x_wconf 88' lang='lat' dir='ltr'><strong><em>the</em></strong></span> <span class='ocrx_word' id='word_1_358' title='bbox 1175 3058 1281 3100; x_wconf 77' lang='lat' dir='ltr'><strong><em>Vita</em></strong></span> <span class='ocrx_word' id='word_1_359' title='bbox 1308 3061 1348 3101; x_wconf 84' lang='lat' dir='ltr'><strong><em>S.</em></strong></span> <span class='ocrx_word' id='word_1_360' title='bbox 1381 3061 1592 3100; x_wconf 71' lang='lat' dir='ltr'><strong><em>Columbae</em></strong></span> <span class='ocrx_word' id='word_1_361' title='bbox 1624 3059 1771 3112; x_wconf 84' lang='lat' dir='ltr'><strong><em>(Dubl.</em></strong></span> <span class='ocrx_word' id='word_1_362' title='bbox 1805 3061 1922 3110; x_wconf 86' lang='lat'><strong><em>1857,</em></strong></span> 
     </span>
     <span class='ocr_line' id='line_1_47' title="bbox 1073 3115 1177 3163; baseline 0.01 -11"><span class='ocrx_word' id='word_1_363' title='bbox 1073 3115 1177 3163; x_wconf 87' lang='lat' dir='ltr'><strong><em>4to).</em></strong></span> 
     </span>
    </p>

    <p class='ocr_par' dir='ltr' id='par_1_11' title="bbox 1075 3167 1924 3329">
     <span class='ocr_line' id='line_1_48' title="bbox 1128 3167 1924 3220; baseline -0.003 -13"><span class='ocrx_word' id='word_1_364' title='bbox 1128 3167 1143 3190; x_wconf 87' lang='lat'><strong>⁴</strong></span> <span class='ocrx_word' id='word_1_365' title='bbox 1173 3169 1361 3220; x_wconf 74' lang='lat' dir='ltr'><strong><em>venisset]</em></strong></span> <span class='ocrx_word' id='word_1_366' title='bbox 1394 3170 1446 3209; x_wconf 90' lang='lat' dir='ltr'><strong><em>In</em></strong></span> <span class='ocrx_word' id='word_1_367' title='bbox 1475 3180 1559 3211; x_wconf 60' lang='grc' dir='ltr'><strong><em>Λα).</em></strong></span> <span class='ocrx_word' id='word_1_368' title='bbox 1586 3178 1674 3220; x_wconf 84' lang='lat'>701.</span> <span class='ocrx_word' id='word_1_369' title='bbox 1704 3168 1924 3219; x_wconf 78' lang='lat' dir='ltr'><strong><em>according</em></strong></span> 
     </span>
     <span class='ocr_line' id='line_1_49' title="bbox 1075 3223 1921 3264; baseline 0.001 -3"><span class='ocrx_word' id='word_1_370' title='bbox 1075 3225 1120 3262; x_wconf 87' lang='lat' dir='ltr'><strong><em>to</em></strong></span> <span class='ocrx_word' id='word_1_371' title='bbox 1141 3223 1434 3264; x_wconf 84' lang='lat' dir='ltr'><strong><em>Westminster</em></strong></span> <span class='ocrx_word' id='word_1_372' title='bbox 1450 3239 1458 3264; x_wconf 85' lang='lat'>:</span> <span class='ocrx_word' id='word_1_373' title='bbox 1489 3229 1533 3262; x_wconf 87' lang='lat' dir='ltr'><strong><em>at</em></strong></span> <span class='ocrx_word' id='word_1_374' title='bbox 1552 3225 1655 3262; x_wconf 82' lang='lat' dir='ltr'><strong><em>least</em></strong></span> <span class='ocrx_word' id='word_1_375' title='bbox 1675 3223 1813 3262; x_wconf 75' lang='lat' dir='ltr'><strong><em>before</em></strong></span> <span class='ocrx_word' id='word_1_376' title='bbox 1833 3232 1921 3262; x_wconf 65' lang='grc' dir='ltr'><strong><em>ΑΒ.</em></strong></span> 
     </span>
     <span class='ocr_line' id='line_1_50' title="bbox 1079 3278 1746 3329; baseline 0.003 -13"><span class='ocrx_word' id='word_1_377' title='bbox 1079 3284 1169 3329; x_wconf 85' lang='grc'><strong>705,</strong></span> <span class='ocrx_word' id='word_1_378' title='bbox 1190 3278 1310 3319; x_wconf 84' lang='lat' dir='ltr'><strong><em>when</em></strong></span> <span class='ocrx_word' id='word_1_379' title='bbox 1329 3279 1518 3319; x_wconf 82' lang='lat' dir='ltr'><strong><em>Aldfrith</em></strong></span> <span class='ocrx_word' id='word_1_380' title='bbox 1538 3278 1645 3318; x_wconf 90' lang='lat' dir='ltr'><strong><em>died.</em></strong></span> <span class='ocrx_word' id='word_1_381' title='bbox 1704 3279 1746 3318; x_wconf 80' lang='lat' dir='ltr'><strong><em>S.</em></strong></span> 
     </span>
    </p>
   </div>
   <div class='ocr_carea' id='block_1_10' title="bbox 999 3360 1090 3393">
    <p class='ocr_par' dir='ltr' id='par_1_12' title="bbox 999 3360 1090 3393">
     <span class='ocr_line' id='line_1_51' title="bbox 999 3360 1090 3393; baseline 0 0"><span class='ocrx_word' id='word_1_382' title='bbox 999 3360 1090 3393; x_wconf 88' lang='lat' dir='ltr'><strong><em>Y2</em></strong></span> 
     </span>
    </p>
   </div>
  </div>
 </body>
</html>
