2216 3554
156 213 436 284 CAP.xl11.]
797 216 959 266 Gentis
993 215 1284 279 Anylorum.
1807 224 1828 267 1
1839 220 1896 266 21

154 349 360 396 AEduini
402 351 544 412 juxta
589 347 839 395 oraculum
886 348 1016 411 quod
1064 351 1331 411 acceperat,
1382 364 1478 395 non
1534 353 1727 396 tantum
1774 349 1902 413 regis

157 430 248 477 sibi
283 430 448 478 infesti
493 427 693 476 insidias
738 428 926 490 vitavit,
966 445 1135 477 verum
1177 429 1325 477 eti-am
1365 429 1521 477 eidem
1563 435 1814 493 perempto
1849 431 1901 477 in

155 513 292 575 regni
326 512 531 575 gloriam
567 510 806 559 successit.

226 593 350 642 Cum
384 610 495 656 ergo
530 593 822 656 praedicante
853 592 1055 639 verbum
1091 591 1187 639 Dei
1223 592 1426 640 Paulino
1463 610 1551 641 rex
1584 594 1776 642 credere
1812 594 1901 641 dif-

155 676 315 733 ferret,
341 683 389 724 et
423 693 510 739 per
539 676 733 739 aliquod
768 679 974 736 tempus,
1005 679 1063 721 ut
1097 674 1321 733 diximus,
1355 674 1487 722 horis
1520 675 1903 739 competentibus

97 780 103 810 5
157 758 399 805 solitarius
424 758 622 816 sederet,
648 757 766 820 quid
789 757 1028 820 agendum
1061 756 1154 804 sibi
1178 761 1314 816 esset,
1340 774 1447 820 quae
1471 757 1641 821 religio
1667 759 1906 821 sequenda

154 840 352 888 sedulus
398 857 557 887 secum
608 841 712 902 ipse
773 838 978 887 scrutari
1025 842 1313 898 consuesset,
1361 839 1637 901 ingrediens
1685 841 1746 888 ad
1793 858 1903 888 eum

155 923 365 984 quadam
398 922 477 969 die
511 922 588 969 vir
624 922 730 981 Dei,
756 920 989 984 imposuit
1023 921 1273 969 dexteram
1309 921 1458 984 capiti
1493 923 1606 984 eJUS,
1634 927 1682 970 et
1718 938 1779 969 an
1814 922 1904 970 hoc

156 1004 348 1067 signum
373 1010 647 1068 agnosceret
670 1003 941 1067 requisivit.
1014 1003 1112 1064 Qui
1144 1021 1255 1052 cum
1286 1008 1497 1051 tremens
1529 1004 1590 1051 ad
1621 1004 1764 1068 pedes
1801 1006 1904 1066 ejus

155 1085 402 1147 procidere
436 1086 594 1145 vellet,
630 1086 811 1134 levavit
847 1103 971 1145 eum,
1010 1090 1060 1133 et
1101 1085 1239 1149 quasi
1275 1085 1503 1134 familiari
1540 1103 1656 1134 voce
1704 1086 1901 1135 affatus:

156 1167 333 1227 ‘Ecce,'
357 1168 531 1231 inquit,
559 1173 571 1195 ‘
587 1169 799 1217 hostium
831 1185 1004 1216 manus*
1038 1185 1158 1231 quos
1193 1167 1417 1227 timuisti,
1443 1168 1654 1216 Domino
1678 1169 1904 1229 donante,

155 1249 378 1310 evasisti;
415 1268 533 1311 ecce,
553 1267 756 1315 regnum
771 1252 900 1315 quod
925 1250 1224 1309 desiderasti,
1243 1251 1350 1314 ipso
1368 1250 1604 1313 largiente
1627 1237 1905 1314 percepisti.

156 1331 400 1381 Memento
463 1338 522 1381 ut
582 1334 784 1382 tertium
844 1333 974 1398 quod
1032 1326 1314 1396 promisisti,
1367 1333 1518 1381 facere
1577 1350 1638 1381 ne
1699 1333 1905 1393 differas,

154 1414 459 1478 suscipiendo
505 1415 650 1463 fidem
696 1418 813 1478 ejus,
862 1419 912 1464 et
964 1419 1207 1478 praecepta
1260 1415 1508 1473 servando,
1557 1415 1642 1478 qui
1690 1420 1739 1464 te
1782 1421 1830 1464 et
1876 1435 1906 1466 a

154 1497 500 1559 temporalibus
539 1498 752 1546 adversis
799 1498 1021 1562 eripiens,
1064 1497 1344 1560 temporalis
1390 1497 1528 1561 regni
1568 1498 1750 1546 honore
1791 1500 1903 1547 sub-

154 1573 370 1639 lima'vit3
421 1585 470 1628 et
522 1579 564 1628 si
613 1580 838 1643 deinceps
889 1579 1130 1628 voluntati
1182 1580 1299 1643 ejus,
1350 1596 1495 1643 quam
1545 1597 1631 1643 per
1682 1597 1758 1628 me
1811 1580 1905 1628 tibi

153 1660 397 1722 praedicat,
444 1662 764 1710 obsecundare
816 1662 1040 1721 volueris,
1087 1661 1234 1710 etiam
1286 1679 1314 1710 a
1364 1663 1611 1725 perpetuis
1664 1663 1904 1711 malorum

155 1743 410 1791 tormentis
446 1749 494 1792 te
527 1744 751 1804 liberans,
788 1744 957 1793 aeterni
997 1761 1160 1792 secum
1198 1744 1335 1808 regni
1374 1744 1428 1791 in
1461 1744 1588 1793 caelis
1622 1744 1766 1794 faciet
1803 1762 1903 1793 esse

154 1824 465 1889 participem?

868 1987 1016 2038 CAP.
1052 1987 1203 2036 XIII.

234 2108 362 2158 Quale
381 2109 594 2151 consilium
613 2111 723 2151 idem
742 2125 833 2153 cum
845 2112 1101 2163 primatibus
1119 2112 1204 2151 suis
1224 2111 1274 2151 de
1287 2109 1557 2163 percipienda
1567 2110 1654 2161 fide
1672 2110 1833 2152 Christi

436 2181 621 2220 habuerit
629 2196 648 2227 ;
679 2187 715 2221 et
735 2187 780 2221 ut
792 2180 986 2233 pontifex
1005 2181 1088 2233 ejas
1105 2194 1204 2221 suas
1223 2194 1322 2220 aras
1338 2180 1635 2233 profanaverit.

226 2289 425 2350 QUIBUS
450 2289 642 2349 auditis,
667 2307 755 2338 rex
783 2289 1022 2353 suscipere
1047 2288 1242 2353 quidem
1271 2307 1321 2338 se
1352 2290 1496 2338 fidem
1521 2308 1668 2355 quam
1692 2289 1906 2347 docebat,

158 2378 206 2420 et
230 2373 351 2420 velle
381 2377 430 2420 et
461 2372 632 2421 debere
666 2373 1001 2436 respondebat.
1072 2372 1253 2420 Verum
1276 2373 1433 2421 adhuc
1458 2390 1567 2421 cum
1772 2426 1779 2433 ,

157 2453 322 2502 amicis
358 2454 671 2518 principibus,
708 2458 760 2502 et
793 2453 1077 2503 consiliariis
1112 2456 1210 2503 suis
1246 2472 1346 2504 sese
1381 2455 1440 2503 de
1475 2455 1564 2505 hoc
1616 2427 1857 2504 coffissfflssffis

159 2536 448 2583 collaturum
483 2553 583 2584 esse
624 2536 826 2595 dicebat,
863 2542 920 2584 ut
959 2535 1003 2584 si
1049 2542 1097 2585 et
1139 2536 1214 2583 illi
1254 2537 1418 2584 eadem
1456 2554 1569 2585 cum
1596 2517 1880 2610 Πζᾞξῗθξῖἔέθ

158 2619 242 2666 ino
290 2619 467 2666 sentire
504 2618 699 2677 vellent,
746 2635 912 2666 omnes
953 2617 1135 2682 pariter
1181 2618 1232 2666 in
1279 2619 1412 2667 fonte
1450 2620 1565 2668 vitae
1609 2617 1858 2708 Οέξίξῖῑίζξιῐξῗγ

159 2700 355 2750 Christo
379 2704 785 2747 consecrarentur.
856 2700 922 2748 Et
945 2703 1188 2748 annuente
1212 2700 1430 2757 Paulino,
1451 2701 1566 2750 fecit
1859 2690 1868 2700 ⁴

159 2790 215 2832 ut
255 2783 459 2831 dixerat.
549 2782 733 2830 Habito
778 2781 907 2830 enim
955 2799 1063 2830 cum
1106 2783 1401 2847 sapientibus
1442 2783 1657 2842 consiliO,
1697 2779 1906 2830 sciscita-

158 2866 302 2914 batur
334 2864 620 2928 singillatim
654 2864 716 2912 ab
751 2864 986 2922 omnibuS,
1011 2863 1168 2926 qualis
1202 2864 1292 2912 sibi
1317 2865 1539 2913 doctrina
1573 2865 1675 2912 haec
1710 2868 1906 2911 eatenus

159 2948 395 3006 inaudita,
421 2952 470 2995 et
494 2963 650 2994 novus
673 2945 945 2993 divinitatis
970 2946 1055 3009 qui
1083 2946 1439 3009 praedicabatur
1463 2947 1619 2995 cultus
1644 2945 1904 2993 videretur.

228 3030 324 3079 Cui
346 3029 532 3093 primus
556 3027 838 3092 pontificum
870 3027 1023 3091 ipsius
1046 3028 1199 3078 Ooifi¹
1232 3029 1459 3078 continuo
1488 3026 1761 3091 responditz
1800 3022 1906 3070 ‘Tu

217 3165 233 3188 ²
263 3164 382 3217 O'ozfi]
417 3163 516 3202 This
549 3175 670 3202 name
702 3162 777 3202 has
807 3162 911 3202 been
937 3161 1006 3202 de·
1060 3162 1215 3215 argued
1230 3163 1323 3204 that
1342 3162 1414 3203 the
1430 3162 1570 3211 Angle
1589 3156 1805 3207 hierarchy
1820 3169 1906 3195 was

162 3219 278 3259 rived
306 3219 411 3258 from
439 3217 599 3265 Ooibhi,
631 3217 703 3256 the
737 3217 914 3269 Kymric
945 3217 1007 3257 for
1061 3217 1234 3257 British.
1289 3218 1377 3256 But
1402 3230 1468 3256 see
1487 3214 1678 3258 Kemble,
1699 3211 1903 3251 Archaeol.

164 3269 379 3327 ‘helpful,’
425 3273 506 3314 and
553 3272 653 3313 thus
698 3272 734 3312 it
790 3272 864 3313 has
902 3272 1007 3313 been
1061 3271 1257 3326 Society’s
1291 3270 1573 3322 Proceedings‚
1612 3269 1728 3320 1845,
1758 3278 1798 3318 p.
1829 3266 1904 3317 83:
