2216 3554
339 189 436 235 164
917 186 1147 235 Historia
1181 186 1521 235 Ecclesiastica
1830 194 1835 195 ⁷
1861 183 1993 253 [LIB.
2009 202 2088 235 111.

336 319 556 368 exercitu
579 334 825 367 successor
848 318 986 382 regni
1010 320 1111 383 ejus
1137 319 1306 378 Osuiu‚
1332 319 1535 367 abstulit
1559 335 1629 376 ea,
1654 322 1705 366 et
1728 323 1873 381 caput
1897 319 2092 382 quidem

335 402 389 450 in
425 401 698 451 coemeterio
734 400 1149 450 Lindisfarnensis
1186 401 1428 451 ecclesiae:
1470 402 1523 448 in
1552 400 1685 464 regia
1715 417 1828 449 vero
1864 400 2059 449 civitate
2075 401 2091 427 ¹
2133 415 2139 420 ·

336 500 508 533 manus
532 501 641 533 cum
665 483 877 534 brachiis
902 484 1134 534 condidit.

1038 628 1183 678 OAP.
1225 629 1372 678 ΧΙΙΙ.

383 757 435 799 Ut
454 757 502 797 in
521 757 732 798 Hibernia
751 755 805 797 sit
826 755 996 808 quidam
1009 768 1087 808 per
1106 754 1303 807 reliquias
1322 754 1407 806 ejus
1426 768 1454 794 a
1473 754 1617 795 mortis
1636 753 1816 794 articulo
1835 759 2052 795 revocatus.

405 869 521 917 Nnc
561 868 719 916 solum
759 867 932 930 inclyti
967 867 1097 915 fama
1130 866 1226 916 viri
1265 866 1523 916 Brittaniae
1566 866 1686 915 fines
1722 867 1952 915 lustravit
1985 867 2096 915 uni-

390 980 567 1015 Miraeles
582 980 624 1015 in
680 967 858 1007 versos,
880 949 963 998 sed
988 949 1137 997 etiam
1161 953 1296 997 trans
1321 967 1551 997 oceanum
1572 950 1718 1014 ,longe
1743 949 1905 998 radios
1930 948 2094 997 saluti-

451 1029 574 1064 Frisia
679 1033 794 1081 ferae
831 1031 954 1079 lucis
991 1047 1236 1095 spargens,
1274 1031 1549 1080 Germaniae
1579 1032 1720 1079 simul
1758 1037 1806 1080 et
1841 1031 2095 1079 Hiberniae

338 1120 502 1180 partes
538 1115 719 1178 attigit.
810 1113 1035 1177 Denique
1076 1113 1496 1162 reverentissimus
1531 1114 1734 1162 antistes
1769 1113 1938 1162 Acca²
1974 1114 2096 1162 solet

338 1198 530 1256 referre,
557 1197 674 1261 quia
698 1212 808 1244 cum
834 1195 1040 1244 Romam
1067 1196 1258 1255 vadens,
1286 1196 1418 1258 apud
1443 1195 1801 1244 sanctissimum
1825 1196 2097 1244 Fresonum

338 1279 498 1343 gentis
534 1278 951 1341 archiepiscopum
983 1278 1335 1327 Vilbrordum³
1370 1294 1482 1325 cum
1510 1294 1595 1325 suo
1625 1277 1848 1326 antistite
1885 1278 2097 1326 Vilfrido

338 1367 624 1420 moraretur,
650 1360 817 1408 crebro
853 1377 965 1408 eum
1001 1360 1226 1418 audierit,
1256 1360 1316 1408 de
1352 1359 1589 1408 mirandis
1627 1376 1734 1423 quae
1771 1361 1833 1408 ad
1867 1361 2098 1424 reliquias

339 1444 553 1506 ejusdem
599 1442 982 1492 reverentissimi
1023 1443 1153 1507 regis
1201 1442 1253 1490 in
1294 1442 1382 1490 illa
1427 1442 1681 1506 provincia
1721 1448 1859 1507 gesta
1896 1445 2096 1503 fuerint,

339 1543 547 1576 narrare.

411 1608 507 1658 Sed
547 1612 598 1657 et
638 1608 689 1655 in
732 1608 974 1656 Hibernia
1015 1625 1123 1656 cum
1167 1607 1424 1672 presbyter
1465 1607 1624 1656 adhuc
1662 1608 1967 1672 peregrinam
2008 1625 2098 1672 pro

388 1738 466 1774 and
482 1738 638 1774 Ireland
685 1694 864 1738 aeterna
902 1690 1064 1754 patria
1105 1691 1304 1739 duceret
1341 1690 1509 1749 vitam,
1552 1707 1795 1739 rumorem
1831 1690 2100 1739 sanctitatis

429 1788 527 1823 done
541 1789 594 1830 by
682 1772 816 1821 illius
840 1773 891 1820 in
916 1791 972 1821 ea
995 1790 1188 1837 quoque
1219 1773 1379 1821 insula
1407 1773 1548 1836 longe
1572 1773 1764 1836 lateque
1782 1773 1885 1836 jam
1909 1790 2098 1837 percre-

393 1838 449 1874 St.
463 1838 626 1873 oswald.
681 1854 845 1903 buisse
892 1856 1107 1904 ferebat:
1161 1872 1187 1903 e
1234 1855 1412 1918 quibus
1453 1871 1607 1902 unum
1655 1856 1785 1918 quod
1832 1855 1960 1903 inter
2005 1856 2100 1904 alia

343 1938 514 1986 retulit
552 1937 859 1995 miraculum,
894 1937 1125 2000 praesenti
1160 1942 1341 1986 nostrae
1380 1936 1616 1985 Historiae
1650 1937 1962 1987 inserendum
1998 1954 2100 1986 cre-

345 2021 572 2069 didimus

414 2108 426 2128 ‘
441 2101 706 2165 Tempore,'
723 2101 900 2165 inquit,
917 2106 930 2128 ‘
947 2101 1262 2151 mortalitatis
1277 2118 1383 2165 quae
1400 2102 1699 2151 Brittaniam
1714 2102 2101 2166 Hiberniamque

345 2185 446 2233 lata
468 2191 628 2248 strage
647 2184 873 2242 vastavit,
892 2201 1147 2248 percussus
1171 2189 1245 2232 est
1270 2183 1484 2246 ejusdem
1505 2184 1638 2232 clade
1656 2184 1807 2247 pestis
1826 2183 1957 2232 inter
1980 2184 2102 2232 alios

346 2267 658 2316 scholasticus
706 2266 904 2330 quidam
947 2267 1006 2314 de
1042 2272 1188 2329 gente
1227 2266 1522 2325 Scottorum,
1562 2266 1735 2315 doctus
1783 2267 1979 2330 quidem
2025 2267 2103 2316 vir

350 2349 516 2398 studio
540 2349 790 2396 literarum
808 2365 821 2409 ;
861 2349 943 2397 sed
968 2365 1082 2412 erga
1106 2365 1270 2396 curam
1288 2355 1536 2412 perpetuae
1554 2365 1652 2396 suae
1679 2349 1959 2398 salvationis
1978 2350 2102 2398 nihil

347 2431 545 2481 omnino
571 2430 721 2479 studii
741 2436 789 2478 et
813 2430 1067 2478 industriae
1091 2447 1262 2495 gerens
1283 2447 1294 2479 ε
1333 2430 1418 2494 qui
1443 2447 1551 2478 cum
1576 2447 1627 2479 se
1651 2431 1796 2479 morti
1819 2432 2101 2495 proximum

347 2515 553 2573 videret,
589 2513 764 2561 timere
800 2512 946 2576 coepit
986 2516 1035 2561 et
1075 2529 1266 2576 pavere,
1303 2529 1364 2560 ne
1405 2529 1520 2560 mox
1555 2519 1792 2574 mortuus,
1830 2516 1892 2562 ob
1926 2515 2103 2563 merita

349 2598 582 2646 scelerum
619 2596 681 2644 ad
718 2596 894 2643 inferni
931 2596 1140 2644 claustra
1174 2598 1454 2658 raperetur:
1505 2595 1831 2660 clamavitque
1866 2614 1954 2656 me,
1993 2614 2102 2645 cum

350 2696 502 2728 essem
536 2678 590 2725 in
624 2677 783 2727 vicino
818 2678 1021 2742 positus,
1052 2684 1102 2726 et
1127 2677 1256 2725 inter
1292 2694 1422 2741 aegra
1456 2683 1667 2726 tremens
1703 2679 1922 2742 suspiria,
1953 2679 2103 2727 flebili

350 2778 466 2811 voce
483 2760 602 2809 talia
619 2777 808 2807 mecum
827 2761 1124 2823 querebatur
1143 2778 1153 2808 :
1182 2765 1208 2785 “
1227 2758 1425 2819 Vides,''
1444 2760 1619 2825 inquit,
1642 2765 1668 2785 “
1682 2761 1796 2823 quia
1809 2763 2104 2824 jamjamque

352 2849 590 2893 crescente
616 2842 832 2904 corporis
857 2842 1092 2906 molestia·
1107 2843 1170 2890 ad
1200 2842 1460 2890 articulum
1493 2828 1753 2891 subeundae
1777 2843 1950 2891 mortis
1973 2860 2101 2891 com-

352 2927 507 2990 pellor
525 2944 535 2974 :
562 2941 649 2973 nec
667 2923 841 2972 dubito
860 2941 937 2972 me
955 2930 1065 2988 post
1089 2931 1297 2972 mortem
1323 2924 1538 2987 corporis
1556 2925 1722 2972 statim
1740 2925 1802 2972 ad
1818 2930 2101 2988 perpetuam

353 3005 528 3053 animae
551 3008 759 3051 mortem
782 3002 1086 3066 rapiendum,
1113 3020 1168 3052 ac
1201 3003 1519 3051 infernalibus
1554 3002 1855 3050 subdendum
1880 3019 1979 3050 esse
2002 3007 2102 3051 tor-

354 3088 559 3136 mentis:
600 3085 691 3150 qui,
721 3089 939 3148 tempore
974 3102 1073 3132 non
1108 3103 1262 3148 pauco
1297 3085 1426 3133 inter
1457 3085 1619 3132 studia
1653 3085 1831 3132 divinae
1867 3085 2102 3145 lectionis,

408 3196 425 3221 ²
453 3198 568 3249 reyia
581 3208 671 3237 vero
685 3194 863 3248 civitate]
892 3194 1201 3248 Bamborough.
1312 3195 1329 3218 ²
1354 3194 1486 3247 Acca]
1517 3195 1594 3235 See
1613 3210 1653 3235 v.
1677 3206 1740 3241 20,
1760 3193 1843 3234 and
1862 3198 1971 3235 note.

355 3252 432 3294 see
451 3266 490 3305 p.
517 3263 605 3303 151,
625 3254 723 3290 note
745 3262 780 3290 1.
1311 3251 1327 3275 ³
1354 3250 1636 3304 Vilbrordum]
1667 3250 1745 3290 See
1761 3263 1797 3290 v.
1816 3261 1879 3296 10,
1895 3249 1978 3290 and
1992 3252 2102 3290 note.
