2216 3554
303 191 400 237 232
881 181 1110 231 Historia
1146 179 1490 229 Ecclesiastica
1831 175 1965 245 [Lm.
1983 192 2057 227 lv.

302 319 506 368 dubium
556 315 790 365 remansit
837 301 1074 378 cogitanti
1124 313 1184 362 de
1230 312 1430 372 visione,
1474 309 1594 375 quin
1642 309 1819 374 aliquis
1868 311 1929 359 de
1975 311 2059 360 illa

303 400 679 464 congregatione
703 398 847 447 citius
871 401 998 446 esset
1020 396 1302 454 moriturus,
1329 395 1468 458 cujus
1499 393 1661 442 anima
1683 410 1772 457 per
1796 394 1923 442 bona
1947 410 2058 456 quae

301 484 494 533 fecisset
528 499 684 545 opera,
712 480 852 545 quasi
885 497 974 543 per
1008 479 1146 527 funes
1182 495 1354 527 aureos
1388 477 1593 525 levanda
1634 482 1758 524 esset
1793 477 1855 524 ad
1889 477 2057 524 caelos:

303 566 434 630 quod
457 581 626 612 revera
649 564 720 612 ita
752 562 974 627 contigit.
1046 562 1176 611 Nam
1211 578 1309 608 11011
1345 559 1515 606 multis
1550 558 1850 622 interpositis
1874 559 2060 618 diebus,

304 649 410 696 Deo
434 647 610 696 dilecta
642 652 801 694 mater
824 644 1211 709 congregationis
1242 643 1411 706 ipsius,
1437 641 1683 705 ergastulo
1707 641 1864 690 carnis
1888 642 2062 690 educta

304 732 376 779 est
395 747 408 791 ;
446 731 582 793 cujus
605 729 755 777 talem
779 727 930 775 fuisse
965 732 1154 775 constat
1177 726 1346 784 vitam,
1373 730 1430 774 ut
1454 740 1593 772 nemo
1618 722 1703 787 qui
1726 740 1831 772 eam
1856 724 2061 783 noverit,

304 812 530 861 dubitare
565 811 738 859 debeat
779 810 901 873 quin
944 809 988 856 ei
1029 808 1230 856 exeunti
1271 807 1331 855 de
1373 807 1463 855 hac
1497 807 1601 854 vita
1642 805 1847 855 caelestis
1888 807 2062 870 patriae

304 894 520 959 patuerit
544 894 804 957 ingressus.

373 977 440 1025 In
480 977 648 1025 eodem
690 990 883 1038 quoque
922 972 1217 1021 monasterio
1260 972 1483 1035 quaedam
1525 974 1629 1020 erat
1669 971 1851 1019 femina
1887 971 2062 1020 sancti-

308 1059 548 1118 monialiS,
591 1062 640 1106 et
677 1057 737 1104 ad
776 1055 938 1104 saeculi
975 1055 1123 1118 hujus
1161 1055 1451 1118 dignitatem
1495 1053 1672 1102 nobilis
1718 1059 1768 1103 et
1810 1055 1862 1102 in
1900 1071 2065 1103 amore

305 1141 464 1190 futuri
488 1140 651 1189 saeculi
677 1139 918 1186 nobilior:
958 1155 1066 1202 quae
1100 1137 1172 1185 ita
1207 1137 1377 1185 multis
1402 1138 1505 1200 jam
1530 1136 1669 1184 annis
1693 1137 1827 1185 omni
1850 1137 2065 1201 corporis

304 1225 464 1273 fuerat
488 1222 642 1271 officio
668 1221 918 1279 destituta,
945 1227 1004 1269 ut
1039 1237 1099 1268 ne
1133 1237 1288 1268 unum
1324 1219 1521 1283 quidem
1557 1236 1751 1268 movere
1784 1220 1890 1284 ipsa
1913 1238 2064 1268 mem-

305 1309 450 1356 brum
473 1306 671 1355 valeret.
743 1303 866 1351 Haec
900 1303 988 1351 ubi
1023 1320 1198 1366 corpus
1230 1302 1486 1351 abbatissae
1510 1301 1802 1350 venerabilis
1833 1303 1886 1351 in
1917 1304 2066 1352 eccle-

306 1390 429 1438 siam
452 1389 685 1447 delatum,
709 1387 862 1435 donec
897 1386 1160 1451 sepulturae
1197 1386 1411 1443 daretur,
1449 1385 1690 1447 cognovit,
1715 1387 1982 1450 postulavit
2017 1404 2066 1435 se

305 1473 390 1521 illo
414 1471 591 1530 afferri,
611 1475 661 1519 et
685 1470 738 1517 in
762 1470 957 1517 modum
978 1468 1223 1516 orantium
1247 1468 1309 1515 ad
1334 1467 1456 1515 illud
1480 1467 1729 1516 adclinari.
1781 1468 1925 1529 Quod
1949 1469 2066 1517 dum

306 1556 459 1614 fieret,
494 1553 633 1618 quasi
656 1553 903 1601 viventem
939 1552 1178 1611 adlocuta,
1204 1549 1409 1614 rogavit,
1434 1555 1491 1598 ut
1523 1551 1654 1614 apud
1689 1551 2067 1600 misericordiam

306 1639 378 1703 pii
402 1636 680 1687 Conditoris
704 1636 989 1700 impetraret
1014 1651 1064 1683 se
1089 1653 1117 1683 a
1141 1634 1296 1682 tantis
1321 1639 1519 1696 tamque
1543 1633 1750 1682 diutinis
1774 1634 2067 1683 cruciatibus

307 1721 506 1770 absolvi.
580 1720 685 1768 Nec
719 1720 874 1767 multo
909 1718 1099 1767 ‘tardius
1134 1716 1363 1765 exaudita
1399 1720 1500 1763 est:
1539 1733 1650 1763 nam
1674 1721 1788 1780 post
1819 1717 1922 1766 dies
1945 1717 2066 1765 duo-

307 1804 480 1863 decim,
517 1808 568 1852 et
602 1803 707 1867 ipsa
741 1801 915 1850 educta
950 1818 1010 1849 ex
1047 1816 1188 1848 carne
1220 1798 1513 1862 temporales
1549 1798 1852 1848 adflictiones
1887 1805 2067 1850 aeterna

307 1887 527 1935 mercede
551 1885 780 1934 mutavit.

377 1969 506 2019 Cum
530 1985 645 2017 vero
670 1967 873 2031 praefata
908 1965 1093 2016 Christi
1127 1964 1311 2013 famula
1335 1964 1579 2028 Torctgyd
1603 1968 1704 2012 tres
1735 1964 1892 2014 adhuc
1915 1983 2068 2014 annos

309 2058 421 2116 post
446 2051 635 2100 obitum
662 2049 887 2098 Dominae
922 2050 973 2097 in
1005 2049 1095 2097 hac
1118 2048 1224 2098 vita
1254 2051 1519 2106 teneretur,
1546 2048 1598 2095 in
1622 2053 1817 2097 tantum
1842 2067 1897 2098 ea
1921 2067 2068 2115 quam

307 2134 630 2198 praediximus
655 2132 940 2180 infirmitate
963 2132 1162 2180 decocta
1186 2135 1273 2190 est,
1290 2135 1348 2179 ut
1366 2131 1450 2179 vix
1475 2131 1663 2179 ossibus
1686 2131 1907 2192 haereret,
1934 2137 1984 2181 et
2007 2133 2070 2181 ad

308 2217 555 2276 ultimum,
581 2233 690 2264 011111
714 2220 908 2279 tempus
938 2217 1040 2278 jam
1064 2214 1371 2263 resolutionis
1406 2215 1508 2276 ejus
1543 2213 1763 2275 instaret,
1788 2232 1887 2263 non
1911 2215 2067 2264 solum

309 2300 637 2347 membrorum
686 2304 983 2358 caeterorum,
1033 2298 1117 2346 sed
1165 2301 1214 2346 et
1258 2297 1438 2361 linguae
1487 2302 1626 2345 motu
1672 2298 1841 2346 caruit.
1926 2298 2069 2360 Quod

309 2381 427 2429 dum
451 2382 610 2430 tribus
637 2381 811 2429 diebus
845 2384 894 2428 et
926 2380 1134 2428 totidem
1170 2380 1397 2429 noctibus
1431 2386 1670 2443 ageretur,
1697 2381 1858 2429 subito
1883 2381 2070 2430 visione

309 2464 519 2528 spiritali
544 2469 774 2522 recreata,
802 2480 855 2511 os
891 2467 940 2511 et
977 2463 1140 2511 oeulos
1177 2463 1368 2527 aperuit
1384 2480 1396 2523 ;
1434 2469 1780 2527 aspectansque
1804 2464 1856 2512 in
1881 2465 2066 2524 caelum,

309 2547 377 2595 sic
419 2547 482 2595 ad
525 2563 630 2594 eam
671 2562 818 2608 quam
856 2545 1138 2593 intuebatur
1172 2545 1423 2605 visionem,
1460 2545 1607 2608 coepit
1640 2545 1805 2609 loqui:
1858 2545 2070 2595 ‘Gratus

310 2628 431 2676 mihi
456 2634 528 2677 est
554 2629 766 2675 multum
801 2627 1040 2676 adventus
1072 2633 1204 2687 tuus,
1230 2633 1280 2676 et
1310 2628 1432 2676 bene
1456 2628 1662 2676 venisti:
1682 2629 1692 2649 ’
1728 2633 1778 2676 et
1806 2628 1898 2677 hoc
1922 2629 2067 2695 dicto,

309 2727 572 2774 parumper
606 2710 816 2770 reticuit,
847 2710 985 2773 quasi
1021 2727 1306 2774 responsum
1342 2713 1445 2773 ejus
1482 2728 1623 2774 quem
1660 2711 1870 2771 videbat,
1907 2716 1956 2760 et
1990 2712 2069 2760 cui

310 2793 618 2857 loquebatur,
636 2798 931 2856 exspectans.
986 2793 1298 2856 Rursumque
1323 2794 1463 2857 quasi
1486 2794 1662 2842 leviter
1680 2794 1934 2858 indignata.>
1955 2795 2069 2843 sub-

308 2875 504 2939 junxit:
545 2878 556 2900 ‘
575 2875 899 2938 Nequaquam
934 2875 1025 2923 1100
1059 2876 1175 2924 laeta
1203 2876 1329 2923 ferre
1356 2875 1506 2939 queo.'
1577 2877 1888 2940 Rursumque
1913 2877 2068 2925 modi-

311 2976 422 3007 cum
447 2958 607 3016 silens,
622 2957 770 3005 tertio
794 2957 921 3005 dixit
940 2975 951 3006 ε
986 2963 997 2982 ‘
1015 2958 1070 3006 Si
1093 2959 1372 3007 nullatenus
1390 2958 1534 3007 hodie
1551 2959 1656 3007 fieri
1679 2963 1855 3022 potest,
1876 2960 2069 3008 obsecro

312 3059 372 3090 ne
398 3042 463 3090 sit-
486 3041 688 3104 longum
713 3039 927 3101 spatium
951 3039 1004 3087 in
1027 3041 1214 3090 medio.'
1286 3042 1456 3102 Dixit3
1491 3045 1540 3090 et
1564 3042 1692 3090 sicut
1715 3046 1871 3100 antea,
1895 3058 2068 3105 parum

311 3125 475 3183 silens,
494 3124 564 3171 ita.
588 3138 858 3170 sermonem
882 3123 1147 3172 conclusit:
1185 3129 1196 3150 ‘
1213 3124 1267 3174 Si
1292 3124 1582 3173 omnimodis
1605 3124 1675 3173 ita
1698 3124 1953 3172 definitum
1979 3129 2067 3183 est,

311 3200 468 3270 neque
491 3206 616 3254 hane
639 3204 930 3253 sententiam
954 3205 1068 3254 licet
1094 3206 1357 3266 immutari,
1383 3208 1580 3256 obsecro
1604 3224 1664 3255 ne
1688 3207 1898 3269 amphus
1922 3223 2067 3271 quam

311 3288 413 3338 haee
437 3288 740 3338 solummodo
763 3288 992 3352 proxima
1027 3305 1125 3337 nox
1161 3289 1390 3339 intersit.'
1460 3289 1650 3353 Quibus
1675 3288 1836 3350 dictis,
1858 3276 2079 3339 interro-⁴
