2216 3554
249 143 348 188 404
655 133 662 141 '
923 128 925 130 ⁵
968 136 1195 202 Epistola
1230 136 1299 183 acl

246 270 551 320 nunciaverit
586 270 809 319 omnibus
834 280 953 334 ‘quae
986 267 1213 333 possidet,
1236 284 1336 316 non
1367 270 1529 331 potest
1558 284 1695 316 meus
1730 285 1832 318 esse
1857 269 2001 318 disci-

244 353 418 417 pulus.’
487 353 708 401 Traditio
749 358 911 401 autem
952 352 1184 400 moderna
1227 350 1531 414 quorundam
1572 355 1658 410 est,
1696 352 1782 415 qui
1818 369 1868 401 se
1906 352 2002 401 Dei

243 436 451 485 famulos
475 453 576 484 esse
599 435 901 499 profitentur,
926 452 1024 483 non
1049 435 1206 483 solum
1227 450 1445 497 possessa
1467 449 1566 480 non
1588 434 1810 493 vendere,
1831 452 2003 484 verum

245 519 394 567 etiam
419 535 699 582 comparare
733 535 832 566 non
866 518 1046 566 habita.
1118 517 1228 578 Qua
1252 533 1367 580 ergo
1391 516 1552 564 fronte
1571 517 1723 566 ‘audet
1747 518 2006 582 quisquam

244 602 308 649 ad
351 601 606 650 servitium
642 601 846 650 Domini
882 616 1173 658 accessuruS,
1210 599 1287 648 vel
1323 617 1378 647 ea
1414 617 1521 663 quae
1555 598 1608 646 in
1649 601 1868 648 saeculari
1903 601 2006 650 vita

243 683 480 732 habuerat
514 689 771 743 retentare,
797 684 875 731 vel
911 683 1000 731 sub
1035 685 1279 746 praetextu
1301 682 1416 730 vitae
1453 683 1706 731 sanctioris
1740 683 1850 731 illas
1885 700 2005 747 quas

243 784 342 815 non
365 766 603 816 habuerat
622 783 912 831 congregare
934 764 1153 813 divitias:
1186 781 1295 812 cum
1313 765 1462 813 etiam
1481 766 1742 829 apostolica
1766 766 1831 814 sit
1854 766 2004 814 notis-

242 850 365 898 sima
400 867 617 910 censura,
643 867 750 914 quae
775 849 1017 897 Ananiam
1042 854 1091 896 et
1118 847 1406 911 Sapphiram
1438 848 1529 897 hoc
1553 849 1708 898 facere
1736 849 2003 909 molientes,

242 950 341 981 non
375 933 477 981 ullo
512 932 811 996 poenitentiae
835 932 911 980 vel
939 930 1283 980 satisfactionis
1317 931 1533 980 remedio
1557 932 1811 996 corrigere,
1836 931 1918 980 sed
1942 949 2004 981 ex

241 1015 348 1079 ipsa
384 1016 552 1064 statim
589 1015 762 1063 mortis
797 1014 988 1062 ultricis
1023 1013 1309 1062 acceleravit
1337 1013 1646 1063 damnatione
1680 1014 1878 1078 puniri?
1938 1015 2004 1062 Et

241 1098 437 1162 quidem
483 1098 558 1145 ilh·
606 1115 703 1146 non
752 1096 908 1145 aliena
949 1095 1188 1160 colligere,
1232 1095 1316 1144 sed
1362 1112 1449 1143 sua
1489 1095 1752 1160 incongrue
1794 1097 2004 1145 retinere

240 1181 529 1229 maluerunt.
601 1179 748 1228 Unde
783 1179 1038 1227 manifeste
1082 1181 1232 1242 patet,
1269 1195 1414 1242 quam
1449 1178 1590 1242 longe
1625 1179 1866 1228 abstiterit
1900 1180 2002 1228 ani-

170 1320 176 1329 ,
239 1280 348 1311 mus
383 1262 715 1327 apostolorum
739 1279 768 1310 a
794 1261 1111 1325 suscipiendis
1135 1261 1451 1325 pecuniarum
1475 1261 1890 1326 acquisitionibus,
1917 1262 2002 1326 qui

239 1346 331 1394 sub
355 1346 440 1394 illa
473 1344 671 1409 proprie
705 1344 874 1408 regula
888 1344 904 1370 ¹
941 1344 1155 1392 Domino
1192 1343 1498 1392 serviebant:
1551 1350 1562 1372 ‘
1580 1344 1719 1392 Beati
1747 1361 1996 1408 pauperes,

239 1428 352 1493 quia
375 1431 591 1476 vestrum
615 1431 688 1475 est
711 1443 918 1491 regnum
941 1426 1037 1475 Dei
1059 1444 1069 1474 :
1089 1426 1100 1445 ’
1137 1431 1186 1475 et
1209 1443 1235 1474 e
1260 1430 1442 1486 contra,
1468 1426 1623 1490 partis
1656 1426 1865 1475 sinistrae
1888 1443 2003 1491 pro-

238 1511 398 1575 posito
422 1510 741 1559 nihilominus
766 1509 1155 1558 instituebantur
1172 1510 1419 1573 exemplo:
1455 1510 1568 1559 ‘Vae
1586 1509 1726 1558 vobis
1750 1510 2000 1569 divitibus,

239 1595 354 1659 quia
377 1594 567 1642 habetis
603 1593 982 1643 consolationem
1006 1592 1246 1642 vestram.’
1319 1592 1400 1642 An
1424 1593 1550 1642 forte
1574 1609 1756 1642 errasse
1787 1610 1842 1642 ac
1866 1609 2001 1641 men-

237 1677 431 1725 dacium
454 1676 702 1740 scripsisse
725 1681 958 1740 putamus
982 1675 1271 1739 apostolum,
1298 1692 1449 1739 quum
1474 1692 1561 1724 nos
1586 1675 1848 1724 admonens
1871 1675 1998 1725 dice-

238 1760 322 1808 bat
336 1757 385 1807 ²:
436 1762 449 1784 ‘
466 1758 678 1818 Fratres,
715 1758 868 1806 nolite
904 1774 1062 1806 errare
1078 1774 1092 1816 ;
1110 1755 1122 1774 '
1165 1757 1431 1822 statimque
1467 1757 1750 1806 subtexuit:
1796 1762 1807 1782 ‘
1824 1757 1999 1820 Neque

233 1842 384 1902 avari,
411 1859 569 1906 neque
605 1841 796 1900 ebriosi,
823 1857 978 1905 neque
1013 1857 1210 1904 rapaces
1245 1858 1452 1905 regnum
1488 1840 1581 1889 Dei
1617 1839 1965 1904 possidebunt?
1982 1839 1995 1858 '

237 1925 307 1972 Et
341 1924 520 1973 iterum
538 1924 589 1971 ⁸:
641 1928 652 1949 ‘
674 1923 782 1971 Hoc
817 1926 982 1971 autem
1017 1922 1199 1982 scitote,
1236 1922 1367 1986 quod
1402 1921 1558 1970 omnis
1594 1922 1874 1980 fornicator,
1910 1925 1997 1970 aut

236 2007 530 2066 immundus,
567 2009 654 2054 aut
688 2021 874 2064 avarus,
909 2010 994 2053 aut
1028 2021 1193 2068 rapax,
1219 2005 1352 2068 quod
1386 2009 1460 2053 est
1494 2004 1734 2053 idolorum
1770 2003 1996 2063 servitus,

237 2107 335 2138 non
369 2088 515 2137 habet
549 2087 886 2136 haereditatem
922 2087 974 2135 in
1008 2104 1158 2151 regno
1183 2086 1367 2136 Christi
1403 2092 1452 2135 et
1487 2086 1612 2137 Dei:
1683 2086 1848 2147 Quum
1883 2102 1998 2150 ergo

237 2172 480 2236 apostolus
514 2169 767 2219 avaritiam
791 2173 842 2218 et
876 2170 1192 2232 rapacitatem
1228 2170 1506 2218 idolatriam
1537 2169 1792 2218 manifeste
1821 2185 1997 2232 cogno-

236 2255 402 2314 minet,
430 2253 669 2318 quomodo
693 2253 966 2317 putandum
990 2259 1064 2302 est
1099 2270 1180 2302 eos
1216 2269 1415 2312 errasse,
1441 2253 1526 2317 qui
1550 2252 1628 2302 vel
1653 2251 1995 2315 subscriptioni

235 2336 369 2387 avari
393 2341 644 2394 mercatus,
662 2353 776 2401 rege
799 2335 915 2384 licet
938 2335 1220 2400 imperante,
1239 2353 1439 2385 manum
1465 2334 1810 2395 subtraxerint,
1830 2334 1908 2383 vel
1933 2333 1996 2382 ad

235 2419 499 2469 eradendas
534 2419 734 2468 inutiles
772 2419 1037 2483 scripturas
1072 2435 1126 2467 ac
1163 2418 1542 2483 subscriptiones
1579 2435 1761 2478 eorum,
1798 2433 1994 2465 manum

236 2501 550 2568 apposuerint
563 2502 582 2549 2

309 2600 383 2632 11.
421 2583 490 2632 Et
525 2584 724 2647 quidem
760 2584 982 2633 miranda
1016 2588 1090 2633 est
1124 2585 1371 2634 temeritas
1406 2584 1688 2644 stultorum,
1717 2582 1795 2633 vel
1828 2581 1994 2647 potius

236 2666 454 2714 deflenda
489 2665 686 2726 miseria
721 2683 970 2726 caecorum,
998 2667 1084 2732 qui
1119 2684 1232 2716 cum
1267 2667 1371 2715 sine
1399 2667 1500 2715 ullo
1536 2669 1758 2730 respectu
1793 2665 1993 2729 superni

234 2747 438 2808 timoris,
462 2747 641 2812 passim
675 2765 731 2796 ea
766 2765 874 2812 quae
910 2749 1116 2813 apostoli
1140 2753 1191 2797 et
1225 2749 1477 2813 prophetae
1512 2749 1676 2798 afflatu
1712 2748 1867 2797 sancti
1894 2747 1991 2811 spi-

234 2831 359 2879 ritus
393 2830 701 2895 scripserunt,
728 2831 998 2880 rescindere
1033 2848 1088 2880 ac
1120 2831 1266 2880 nihili
1289 2831 1496 2896 pendere
1524 2832 1829 2896 probantur:
1866 2830 1992 2878 illud

234 2931 261 2962 e
296 2917 478 2971 contra,
514 2913 646 2978 quod
680 2913 775 2977 ipsi
809 2914 887 2963 vel
923 2914 1106 2963 similes
1139 2914 1358 2978 ipsorum
1391 2914 1630 2964 instinctu
1664 2913 1884 2964 avaritiae
1911 2913 1991 2961 vel

233 2996 440 3045 luxuriae
476 2996 786 3060 scripserunt,
813 2997 949 3060 quasi
974 3003 1196 3047 sanctum
1230 3014 1285 3046 ac
1309 2996 1549 3046 divinitus
1574 3001 1771 3046 cautum
1794 2995 1990 3045 eradere

233 3083 382 3143 atque
409 3079 662 3128 emendare
685 3078 966 3139 formidant,
992 3079 1045 3127 in
1076 3097 1275 3140 morem,
1303 3079 1358 3129 ni
1381 3079 1534 3141 fallor,
1559 3078 1878 3137 ethnicorum,
1904 3077 1990 3142 qui

332 3187 347 3212 ¹
373 3187 533 3242 reyula]
562 3189 684 3230 Lu'ke
701 3188 759 3231 vi.
782 3201 846 3239 20,
870 3200 1086 3297 pianum]
1117 3245 1212 3298 EPh
1244 3188 1283 3285 γ’
1308 3189 1489 3299 ἕίσεόαι]
1524 3202 1542 3231 1
1566 3190 1659 3232 Cor.
1680 3189 1735 3231 vi.
1757 3202 1796 3244 9,
1823 3200 1886 3230 10.
