2216 3554
282 163 385 211 xxii
901 161 956 209 E
952 161 1144 210 leuchus
1181 159 1425 225 Capicum.

284 295 367 319 CAP.

283 349 411 391 XVI.
440 349 505 390 Ut
541 349 762 389 Brettones
798 349 972 402 primam
1002 348 1053 388 de
1079 351 1202 400 gente
1229 346 1465 397 Anglorum
1495 343 1721 395 victoriam,
1762 345 1866 385 duce

444 404 666 444 Ambrosio
695 404 882 443 Romano
910 404 1088 452 homine,
1116 402 1418 453 sumpserint.
1602 429 1611 438 .
1627 429 1637 437 .
1821 429 1852 438 ..

282 479 438 520 XVII.
468 480 533 520 Ut
560 479 792 520 Germanus
819 479 1031 531 episcopus
1056 491 1150 517 cum
1171 477 1290 528 Lupo
1310 474 1562 514 Brittaniam
1588 475 1803 527 navigans,
1825 479 1870 515 et

445 534 578 586 primo
599 535 736 582 maris,
753 538 795 573 et
807 534 1068 586 postmodum
1081 531 1402 583 Pelagianorum
1420 533 1711 582 tempestatem
1724 530 1869 570 divina

445 589 603 628 virtute
621 589 828 628 sedaverit
885 614 892 621 ι
947 616 956 625 .
973 616 981 625 .

281 664 463 704 XVIII.
493 664 558 704 Ut
581 664 692 703 idem
719 663 849 703 filiam
875 662 1032 702 tribuni
1051 674 1199 701 caecam
1218 659 1545 706 inluminaverit,
1573 672 1622 700 ac
1645 660 1793 700 deinde
1812 659 1866 700 ad

444 723 632 758 sanctum
652 718 867 757 Albanum
897 716 1150 770 perveniens,
1171 715 1367 777 reliquias
1394 714 1551 754 ibidem
1577 719 1618 754 et
1645 716 1774 768 ipsius
1802 729 1868 755 ac-

444 772 611 825 ceperit,
651 776 694 812 et
732 773 948 812 beatorum
985 771 1271 825 apostolorum,
1300 769 1388 808 sive
1424 768 1600 809 aliorum
1637 774 1870 822 martyrum

442 828 626 880 posuerit

278 902 409 944 XIX.
438 903 504 944 Ut
523 903 632 942 idem
651 915 774 942 causa
791 900 1045 942 infirmitatis
1063 899 1219 939 ibidem
1238 899 1444 945 detentus,
1461 903 1504 939 et
1521 899 1713 940 incendia
1728 901 1868 940 domo-

444 971 536 997 rum
565 958 717 997 orando
744 956 993 1002 restinxerit,
1023 959 1066 994 et
1093 955 1180 1007 ipse
1208 968 1281 1007 per
1308 954 1510 994 visionem
1537 968 1564 994 a
1591 969 1666 995 suo
1695 956 1750 995 sit
1777 956 1866 996 lan-

441 1026 567 1065 guore
586 1016 755 1051 curatus

280 1087 383 1130 XX.
413 1088 478 1128 Ut
497 1088 623 1127 iidem
642 1086 821 1139 episcopi
850 1085 1152 1126 Brettonibus
1139 1099 1183 1125 111
1202 1098 1343 1138 pugna
1361 1084 1566 1124 auxilium
1583 1086 1746 1126 caeleste
1764 1040 1871 1126 tule-

442 1143 542 1190 rint,
562 1142 702 1194 sicque
721 1143 888 1181 domum
906 1140 1060 1180 reversi
1079 1141 1165 1182 sint
1381 1169 1389 1178 .
1406 1170 1415 1178 .
1599 1169 1608 1178 .
1624 1170 1634 1179 .
1816 1170 1848 1180 ..

278 1218 410 1260 XXI.
439 1218 503 1258 Ut
530 1218 841 1257 renascentibus
869 1217 1062 1268 virgultis
1089 1216 1327 1268 Pelagianae
1353 1216 1484 1268 pestis
1511 1216 1745 1256 Germanus
1774 1231 1874 1264 cum⁴

443 1272 594 1311 Severo
623 1272 876 1311 Brittaniam
912 1285 1113 1319 reversus,
1142 1271 1258 1323 prius
1297 1270 1446 1310 claudo
1475 1271 1621 1323 juveni
1649 1271 1867 1320 incessum,

443 1327 593 1366 deinde
613 1331 655 1366 et
674 1327 825 1378 populo
855 1327 946 1373 Dei,
969 1326 1253 1366 condemnatis
1276 1326 1363 1365 sive
1388 1325 1620 1366 emendatis
1647 1326 1866 1376 haereticis,

442 1395 628 1433 gressum
647 1381 899 1432 recuperarit
917 1381 1014 1421 fidei

278 1449 432 1490 XXII.
464 1450 527 1490 Ut
548 1450 767 1498 Brettones
788 1450 1096 1501 quiescentibus
1114 1441 1169 1489 ad
1187 1453 1356 1501 tempus
1376 1449 1544 1496 exteris,
1572 1449 1764 1489 civilibus
1783 1463 1870 1490 sese

441 1504 559 1544 bellis
577 1505 858 1551 contriverint,
879 1505 1001 1544 simul
1023 1509 1067 1544 et
1084 1504 1312 1556 majoribus
1331 1504 1501 1556 flagitiis
1520 1504 1816 1545 submerserim

280 1580 460 1621 XXIII.
491 1580 557 1619 Ut
585 1584 753 1620 sanctus
772 1594 879 1632 papa
897 1580 1121 1632 Gregorius
1140 1580 1431 1632 Augustinum
1459 1593 1554 1618 cum
1578 1580 1790 1619 monachis
1816 1580 1871 1620 ad

438 1635 747 1686 praedicandum
774 1635 892 1686 genti
911 1635 1147 1687 Anglorum
1173 1635 1359 1680 mittem,
1389 1635 1564 1686 epistola
1586 1648 1753 1687 quoque
1775 1635 1869 1675 illos

440 1689 719 1730 exhortatoria
737 1703 791 1729 ne
811 1703 836 1729 a
854 1690 1078 1729 laborando
1097 1693 1320 1735 cessarent,
1340 1690 1635 1729 confortaverit

276 1757 449 1798 XXIV.
480 1758 545 1798 Ut
572 1758 812 1798 Arelatensi
850 1758 1039 1811 episcopo
1077 1758 1296 1811 epistolam
1322 1771 1397 1809 pro
1434 1771 1575 1797 eorum
1611 1757 1871 1810 susceptione

442 1813 601 1852 miserit

276 1881 423 1923 XXV.
458 1882 519 1921 Ut
547 1881 716 1921 veniens
743 1882 999 1921 Brittaniam
1019 1881 1284 1934 Augustinus
1312 1881 1444 1934 primo
1471 1881 1517 1921 111
1543 1881 1680 1921 insula
1707 1882 1870 1921 Tanato

439 1936 527 1987 regi
554 1937 873 1976 Oantuariorum
899 1937 1160 1988 praedicaret;
1193 1940 1236 1976 et
1263 1937 1320 1976 sic
1347 1940 1516 1988 accepta
1541 1937 1594 1976 ab
1615 1950 1663 1976 eo
1690 1937 1868 1993 licentia,

442 1991 633 2030 Cantiam
653 1991 949 2043 praedicaturus
970 1992 1188 2031 intraverit

277 2059 452 2099 XXVI.
481 2059 546 2099 Ut
564 2059 711 2098 idem
699 2073 746 2099 111
771 2059 922 2103 Cantia
941 2060 1162 2112 primitivae
1193 2059 1372 2100 ecclesiae
1393 2062 1435 2099 et
1455 2059 1685 2099 doctrinam
1706 2060 1791 2099 sit
1778 2060 1867 2099 11111-

441 2118 555 2208 tatu?
582 2118 624 2153 et
648 2114 793 2160 vita-,m
813 2119 940 2167 atque
967 2115 1011 2154 in
1041 2115 1141 2154 urbe
1163 2115 1278 2208 'regis
1306 2115 1445 2155 sedem
1473 2114 1731 2167 episcopatus
1759 2129 1870 2154 acce-

440 2182 527 2220 peri

277 2235 475 2277 XXVII.
504 2238 569 2278 Ut
596 2237 706 2277 idem
734 2237 946 2289 episcopus
981 2238 1117 2279 factus
1155 2198 1353 2291 Gregorio
1381 2252 1500 2290 papae
1528 2251 1619 2290 quae
1648 2238 1730 2277 sint
1758 2199 1868 2278 Brit-

441 2293 566 2332 taniae
594 2305 664 2343 ges
648 2296 712 2331 1,«3,
738 2293 959 2344 mandarit,
992 2294 1115 2335 simul
1143 2297 1186 2334 et
1214 2294 1266 2333 de
1293 2293 1530 2333 necessariis
1559 2294 1650 2345 ejus
1677 2307 1871 2346 responsa

442 2352 585 2400 petens
613 2347 816 2398 acceperit

276 2417 502 2456 XXVIII.
531 2416 595 2456 Ut
614 2430 724 2468 papa
743 2416 968 2468 Gregorius
988 2417 1206 2469 epistolam
1225 2378 1463 2456 Arelatensi
1480 2417 1683 2510 episcopo,
1703 2431 1779 2470 pro
1799 2417 1869 2456 ad-

441 2471 654 2523 juvando
641 2484 687 2510 111
706 2485 826 2524 opere
845 2471 927 2511 Dei
946 2472 1199 2524 Augustino,
1221 2471 1380 2511 miserit

276 2540 451 2597 XXIX.
482 2541 547 2581 Ut
573 2540 683 2579 idem
710 2541 951 2604 Augustino
976 2541 1162 2593 pallium,
1190 2545 1233 2581 et
1262 2541 1491 2593 epistolam,
1514 2544 1558 2580 et
1584 2541 1725 2594 plures
1752 2541 1868 2582 verbi

440 2595 650 2635 ministros
677 2596 838 2635 miserit

276 2664 427 2704 XXX.
456 2664 758 2758 Ε111ἷ111ρ131·υ
703 2665 886 2716 epistolae
907 2678 1032 2717 quam
1050 2625 1220 2705 Mellito
1244 2665 1388 2705 abbati
1408 2665 1660 2705 Brittaniam
1679 2625 1870 2718 pergenti

439 2732 532 2758 nusi
1821 2751 1829 2758 ,

276 2788 459 2882 XXXIt
482 2788 852 2893 UthAugpstimgm
875 2802 949 2840 per
971 2788 1146 2835 litteras,
1167 2802 1220 2829 ne
1239 2789 1291 2829 de
1310 2749 1539 2829 virtutibus
1562 2789 1647 2829 suis
1675 2789 1870 2843 gloriare-

460 2856 510 2882 ur
571 2848 660 2883 orta
684 2857 731 2882 us
751 2857 785 2882 Sl
1603 2873 1635 2884 ..
1821 2873 1852 2884 ..

276 2911 477 2951 XXXII.
506 2912 571 2952 Ut
591 2912 850 2951 AEdilbercto
869 2913 957 2964 regi
975 2913 1138 2952 litteras
1158 2917 1200 2953 et
1219 2913 1328 2952 dona
1345 2913 1504 2953 miserit

276 2976 504 3018 XXXIII.
536 2978 597 3018 Ut
619 2977 880 3029 Augustinus
906 2978 1118 3018 ecclesiam
1149 2979 1375 3018 Salvatoris
1394 2979 1701 3028 instauraverit,
1724 2982 1766 3019 et
1784 2992 1869 3019 mo-

439 3032 755 3126 {astte-rium
679 3032 791 3072 beati
807 3033 923 3072 Petri
942 3034 1118 3125 apostoli
1138 3033 1303 3079 fecerit3
1334 3038 1376 3073 et
1395 3034 1446 3073 de
1464 3034 1599 3087 primo
1612 3034 1703 3086 ejus
1717 3034 1869 3074 abbate

479 3101 501 3126 e
522 3100 567 3126 ro

276 3156 497 3199 XXXIV.
526 3156 592 3196 Ut
623 3155 826 3196 AEdilfrid
858 3170 932 3196 rex
969 3157 1014 3195 N
1016 3157 1412 3208 ordanhymbrorum
1451 3159 1689 3199 Scottorum
1725 3161 1871 3212 gentes

345 3233 350 3239 ·
440 3212 580 3264 praelio
599 3215 814 3252 conterens
832 3211 885 3252 ab
905 3212 1141 3265 Anglorum
1159 3213 1309 3253 finibus
1329 3214 1535 3266 expulerit
1602 3243 1634 3253 ..
1818 3242 1828 3251 .
1844 3242 1854 3251 .

1933 289 2031 315 PAGE

1980 401 2031 451 38

1979 594 2031 637 39
