2216 3554
111 182 234 232 CAP.
255 177 387 249 XIX]
720 177 903 227 'Gentis
935 174 1219 238 Anylorum.
1760 179 1853 222 177

112 314 296 374 minat3
333 312 447 377 quia
468 310 842 372 uniuscujusque
871 307 1111 371 cupiditas
1134 306 1187 354 in
1209 306 1302 355 hoc
1326 306 1436 371 igne
1459 305 1662 356 ardebit.
1720 307 1857 354 Sicut

111 396 242 444 enim
267 395 375 459 quis
398 393 536 443 ardet
558 393 611 440 in
634 408 832 455 corpore
863 407 950 454 per
974 389 1213 438 inlicitam
1237 390 1550 453 voluptatem,
1576 390 1646 437 ita
1670 389 1857 437 solutus

113 494 312 541 corpore
358 475 547 524 ardebit
590 491 676 538 per
720 472 936 520 debitam
976 471 1197 535 poenam.'
1266 472 1403 520 Tunc
1440 472 1565 519 vidit
1602 488 1755 519 unum
1798 471 1856 518 de

113 561 271 608 tribus
295 558 492 622 angelis,
509 556 594 620 qui
616 555 709 604 sibi
733 555 784 602 in
802 558 906 603 tota
924 560 1129 618 utraque
1147 554 1332 602 visione
1349 555 1570 602 ductores
1589 554 1857 611 adfuerunt,

114 642 460 705 praecedentem
491 640 626 702 ignes
659 638 868 686 flammae
902 637 1130 696 dividere,
1155 643 1205 685 et
1228 638 1349 686 duos
1380 638 1440 685 ab
1472 642 1682 700 utroque
1710 636 1859 684 latere

114 724 527 781 circumvolantes,
551 721 614 770 ab
640 707 829 785 ignium
864 736 914 768 se
949 720 1162 783 periculo
1190 720 1457 768 defendere.
1529 719 1669 766 Vidit
1697 724 1862 766 autem

113 814 165 855 et
188 791 427 855 daemones
450 822 536 868 per
558 804 719 867 ignem
743 801 978 862 volantes,
1002 802 1225 851 incendia
1256 802 1495 850 bellorum
1518 806 1686 850 contra
1705 803 1860 863 justos

116 894 316 936 struere.
386 887 668 950 Sequuntur
701 885 930 933 adversus
965 885 1127 948 ipsum
1160 885 1486 934 accusationes
1522 885 1859 947 malignorum,

114 970 411 1018 defensiones
446 968 707 1033 spirituum
747 968 998 1027 bonorum,
1036 951 1273 1031 copiosior
1307 967 1570 1016 caelestium
1611 966 1862 1030 agminum

116 1052 266 1112 visio;
298 1053 380 1100 sed
397 1057 448 1100 et
465 1052 679 1100 virorum
699 1050 757 1098 de
783 1068 870 1098 sua
893 1050 1090 1098 natione
1114 1056 1403 1106 sanctorum,
1423 1067 1544 1114 quos
1568 1049 1685 1097 olim
1710 1065 1862 1096 sacer-

116 1134 239 1182 dotii
272 1135 425 1198 gradu
458 1151 555 1182 non
584 1132 864 1196 ignobiliter
891 1133 1089 1196 potitos,
1118 1134 1246 1182 fama
1275 1136 1377 1196 jam
1405 1133 1648 1197 vulgante,
1674 1147 1862 1194 compe-

116 1222 248 1264 rerat
265 1234 276 1275 ;
325 1233 354 1264 a
395 1216 571 1280 quibus
617 1233 715 1263 non
755 1232 922 1279 pauca,
963 1232 1070 1278 quae
1110 1215 1186 1264 vel
1233 1215 1342 1279 ipsi,
1383 1215 1461 1264 vel
1512 1214 1735 1262 omnibus
1776 1212 1865 1277 qui

114 1299 283 1346 audire
306 1298 500 1358 vellent,
525 1298 736 1345 multum
763 1296 974 1346 salubria
998 1301 1170 1356 essent,
1191 1298 1393 1346 audivit.
1456 1296 1555 1358 Qui
1582 1313 1692 1345 cum
1716 1296 1864 1344 verba

118 1379 353 1437 finissent,
379 1384 428 1428 et
456 1397 565 1428 011111
600 1379 828 1443 angelicis
864 1379 1117 1443 spiritibus
1153 1379 1247 1442 ipsi
1273 1395 1464 1442 quoque
1493 1379 1556 1427 ad
1580 1378 1717 1426 caelos
1741 1378 1866 1425 redi-

117 1466 240 1519 rent,
281 1468 617 1509 remanserunt
663 1477 773 1509 cum
819 1461 959 1509 beato
1002 1462 1183 1510 Furseo
1230 1467 1330 1509 tres
1375 1461 1551 1524 angeli,
1585 1462 1644 1509 de
1691 1459 1867 1523 quibus

83 1592 88 1595 1
115 1544 343 1602 diximus,
380 1544 464 1606 qui
492 1560 606 1591 eum
641 1543 703 1591 ad
740 1560 915 1606 corpus
951 1543 1196 1592 referrent.
1270 1544 1491 1607 Cumque
1525 1543 1728 1606 praefato
1763 1541 1868 1604 igni

118 1626 333 1674 maximo
357 1625 711 1688 adpropiarent,
732 1625 898 1673 divisit
922 1626 1117 1688 quidem
1140 1626 1354 1689 angelus,
1379 1627 1504 1675 sicut
1527 1626 1678 1689 prius,
1705 1626 1867 1689 ignem

117 1709 339 1757 flammae.
409 1707 505 1756 Sed
534 1707 610 1755 vir
641 1707 736 1755 Dei
769 1707 854 1755 ubi
887 1707 948 1755 ad
979 1709 1268 1772 patefactam
1301 1726 1453 1773 usque
1488 1708 1617 1757 inter
1652 1708 1869 1755 flammas

110 1791 312 1854 januam
354 1789 586 1854 pervenit,
627 1789 912 1851 arripientes
959 1790 1185 1839 inmundi
1232 1791 1434 1855 spiritus
1479 1807 1632 1838 unum
1675 1790 1734 1838 de
1783 1790 1867 1849 eis,

116 1889 238 1936 quos
273 1871 324 1919 in
358 1871 552 1934 ignibus
584 1873 846 1931 torrebant,
867 1872 1178 1935 jactaverunt
1212 1874 1263 1922 in
1301 1891 1423 1934 eum,
1456 1879 1504 1921 et
1538 1873 1868 1936 contingentes

116 1955 373 2003 humerum
397 1954 738 2017 maxillamque
758 1954 860 2017 ejus
885 1955 1233 2005 incenderunt:
1267 1956 1589 2020 cognovitque
1607 1955 1869 2014 hominem,

117 2044 169 2086 et
209 2037 324 2101 quia
362 2036 706 2084 vestimentum
747 2037 849 2101 ejus
896 2038 1147 2087 morientis
1187 2040 1439 2103 acceperit,
1479 2039 1541 2087 ad
1587 2037 1870 2086 memoriam

119 2119 328 2169 reduxit.
398 2119 555 2180 Quem
579 2120 776 2184 angelus
809 2125 1002 2169 sanctus
1033 2123 1199 2170 statim
1227 2122 1605 2186 adprehendens,
1629 2121 1683 2169 in
1706 2121 1871 2183 ignem

120 2201 299 2265 rejecit.
368 2200 670 2265 Dicebatque
705 2202 860 2251 hostis
902 2204 1173 2268 malignus:
1220 2214 1232 2232 ‘
1249 2205 1418 2254 Nolite
1455 2205 1687 2268 repellere
1725 2220 1871 2267 quem

119 2288 235 2331 ante
258 2283 566 2347 suscepistis:
603 2301 716 2332 nam
750 2286 874 2334 sicut
896 2287 1022 2335 bona
1053 2288 1158 2351 ejus
1186 2287 1449 2351 peccatoris
1485 2286 1774 2350 suscepistis,
1801 2287 1871 2334 ita

121 2369 173 2412 et
196 2363 256 2412 de
278 2365 432 2427 poenis
456 2365 558 2429 ejus
581 2367 838 2430 participes
862 2385 961 2416 esse
985 2369 1200 2418 debetis.'
1270 2369 1616 2418 Contradicens
1642 2369 1865 2434 angelus:

125 2451 138 2471 ‘
154 2446 296 2506 Non,’
324 2446 498 2510 inquit,
540 2453 551 2474 ‘
569 2455 768 2512 propter
804 2451 1076 2512 avaritiam,
1102 2451 1186 2500 sed
1219 2455 1419 2517 propter
1454 2453 1732 2501 salvandam
1769 2453 1870 2516 ejus

122 2528 335 2575 animam
376 2531 584 2594 suscepit
602 2548 613 2579 :
631 2531 642 2551 ’
690 2533 989 2598 cessavitque
1027 2535 1168 2598 ignis.
1253 2536 1320 2583 Et
1360 2552 1618 2584 conversus
1658 2537 1720 2584 ad
1761 2552 1869 2584 eum

125 2609 352 2674 angelus:
393 2617 404 2637 ‘
425 2612 568 2673 Quod
602 2613 889 2675 incendisti,'
914 2618 1087 2680 inquit,
1119 2622 1132 2644 ‘
1151 2617 1241 2666 hoc
1276 2618 1397 2666 arsit
1429 2617 1483 2666 in
1517 2622 1579 2666 te.
1653 2619 1704 2667 Si
1741 2618 1868 2666 enim

124 2690 269 2754 hujus
293 2692 388 2740 viri
412 2693 463 2741 in
486 2696 693 2758 peccatis
729 2698 827 2746 suis
863 2699 1045 2747 mortui
1073 2700 1327 2762 pecuniam
1359 2717 1456 2748 non
1485 2700 1758 2764 accepisses,
1784 2718 1870 2749 nec

126 2791 267 2838 poena
301 2778 402 2838 ejus
437 2777 487 2824 in
523 2784 572 2826 te
607 2780 824 2829 arderet!
895 2781 963 2829 Et
991 2782 1130 2845 plura
1158 2783 1361 2842 locutus,
1386 2783 1504 2847 quid
1528 2801 1642 2847 erga
1666 2784 1867 2831 salutem

124 2873 292 2905 eorum
311 2858 395 2921 qui
414 2859 474 2906 ad
493 2865 694 2909 mortem
713 2862 1016 2924 poeniterent,
1032 2869 1156 2912 esset
1178 2865 1430 2928 agendum,
1449 2866 1632 2914 salubri
1653 2882 1869 2914 sermone

126 2940 305 2988 docuit.
377 2941 474 3001 Qui
499 2943 804 3005 postmodum
839 2945 891 2994 in
923 2962 1121 3010 corpore
1156 2947 1424 3009 restitutus,
1458 2949 1591 2996 omni
1620 2948 1734 2996 vitae
1770 2963 1867 2995 suae

126 3029 344 3085 tempore
370 3023 561 3086 signum
585 3024 794 3074 incendii
818 3027 948 3091 quod
971 3028 1024 3076 in
1046 3029 1207 3078 anima
1228 3031 1445 3094 pertulit,
1470 3030 1660 3079 visibile
1685 3028 1869 3077 cunctis

127 3102 179 3149 in
219 3103 419 3153 humero
474 3106 761 3172 maxillaque
807 3111 1048 3172 portavit:
1099 3111 1373 3178 mirumque
1410 3113 1462 3160 in
1504 3113 1696 3160 modum
1741 3110 1867 3173 quod

127 3185 289 3234 anima
312 3186 364 3233 in
390 3188 575 3236 occulto
599 3206 737 3252 passa
761 3190 838 3251 sit,
857 3209 966 3241 caro
990 3193 1150 3256 palam
1174 3195 1590 3259 praemonstrabat.
1654 3193 1868 3242 Curabat

127 3272 295 3315 autem
332 3286 533 3333 semper,
570 3271 696 3321 sicut
730 3277 781 3321 et
815 3278 955 3323 antea
989 3275 1142 3325 facere
1184 3282 1449 3335 consuerat,
1488 3275 1710 3324 omnibus
1745 3292 1866 3338 opus

980 3372 1014 3405 Ν
