2216 3554
307 169 405 215 204
887 161 1114 210 Historia
1151 160 1487 210 Ecclesiastica
1750 151 1753 153 ’
1827 157 1961 228 [Lm.
1979 175 2055 209 111.

307 301 395 356 est,
420 296 472 344 id
496 298 584 354 est,
610 292 923 355 Brittaniam,
947 293 1158 354 rediret;
1190 293 1306 356 quia
1328 295 1506 356 praeter
1528 291 1808 340 sollemnem
1838 281 2059 339 canonici

307 379 540 442 temporis
558 377 888 441 psalmodiam,
907 376 949 424 si
966 393 1064 424 non
1081 376 1307 424 valetudo
1327 374 1540 438 corporis
1559 373 1826 433 obsisteret,
1844 374 2060 437 quotidie

308 460 592 525 psalterium
628 463 788 507 totum
823 459 876 506 in
911 458 1192 506 memoriam
1234 457 1412 505 divinae
1455 455 1612 504 laudis
1653 455 1960 515 decantaret;
2011 460 2061 504 et

310 543 426 607 quia
449 543 501 590 in
520 541 654 589 omni
679 541 943 605 septimana
961 541 1088 588 diem
1112 557 1222 588 cum
1242 546 1381 588 nocte
1395 540 1590 602 jejunus
1609 539 1853 587 transiret.
1912 537 2059 586 Cum-

309 641 403 688 que
433 622 585 671 finitis
623 621 847 680 lacrimis,
884 620 1106 685 precibus
1144 624 1194 668 et
1228 620 1370 679 votis,
1407 619 1603 667 domum
1641 619 1835 678 rediret,
1872 619 2062 667 invenit

309 707 523 755 sodalem
570 705 918 753 dormientem:
971 708 1021 751 et
1066 703 1169 766 ipse
1207 718 1398 766 quoque
1445 701 1679 750 lectulum
1726 701 2060 760 conscendens,

310 788 458 852 coepit
481 788 534 835 in
558 787 770 850 quietem
794 787 1011 834 membra
1034 774 1236 832 laxares
1271 784 1340 832 Et
1365 801 1476 833 cum
1498 784 1754 847 paululum
1779 783 2059 847 quiesceret,

309 871 675 935 expergefactus
705 868 879 918 sodalis
902 868 1116 930 respexit
1140 884 1266 925 eum,
1291 871 1341 915 et
1363 866 1434 914 ait
1453 883 1462 915 :
1505 871 1516 892 ‘
1535 865 1577 914 O
1603 867 1754 914 frater
1777 865 2061 929 Ecgbercte,

309 974 337 1005 ο
363 955 482 1019 quid
515 952 704 1002 fecisti‘l
755 952 1019 1015 Sperabam
1043 950 1158 1014 quia
1189 950 1373 1013 pariter
1396 951 1458 998 ad
1480 950 1633 998 vitam
1656 955 1888 997 aeternam
1911 949 2061 997 intra-

310 1054 483 1086 remus.
539 1037 887 1084 Verumtamen
911 1033 1030 1081 scito
1055 1033 1171 1095 quia
1195 1050 1303 1096 quae
1325 1032 1598 1095 postulasti,
1623 1030 1853 1095 accipies.'
1925 1031 2063 1078 Didi-

310 1127 441 1170 cerat
477 1119 606 1168 enim
642 1134 729 1180 per
760 1116 1009 1175 visionem,
1035 1122 1083 1163 et
1109 1115 1226 1178 quid
1258 1114 1491 1178 petiisset,
1517 1121 1564 1163 et
1598 1114 1713 1178 quia
1743 1114 1898 1178 petita
1926 1113 2061 1177 inpe-

309 1208 499 1252 trasset.
573 1199 706 1261 Quid
734 1199 922 1246 multa‘ss
983 1197 1095 1262 Ipse
1128 1197 1348 1245 Edilhun
1379 1197 1604 1261 proxima
1633 1202 1773 1245 nocte
1806 1197 2064 1244 defunctus

311 1294 412 1336 est:
445 1290 495 1333 at
514 1300 628 1331 vero
648 1282 913 1345 Ecgberect
937 1281 1134 1329 decussa
1157 1280 1378 1328 molestia
1402 1278 1709 1343 aegritudinis
1733 1278 1992 1337 convaluit,
2009 1294 2065 1325 ac

310 1368 466 1417 multo
503 1372 670 1430 postea
710 1369 927 1427 tempore
963 1363 1144 1421 vivens,
1179 1368 1524 1425 acceptumque
1566 1360 1822 1410 sacerdotii
1856 1359 2063 1424 gradum

311 1448 564 1513 condignis
601 1463 776 1496 ornans
818 1446 1021 1505 actibuS,
1058 1450 1168 1508 post
1206 1445 1360 1492 multa
1397 1444 1633 1492 virtutum
1683 1444 1824 1503 bona,
1859 1449 1916 1491 ut
1962 1443 2066 1506 ipse

394 1547 478 1574 xm.
493 1546 567 1580 729.
650 1530 968 1587 desiderabat,
993 1538 1162 1591 nuper,
1188 1527 1240 1575 id
1276 1531 1362 1585 est,
1388 1543 1514 1575 anno
1544 1527 1813 1575 Dominicae
1844 1526 2064 1574 incarna-

311 1612 460 1660 tionis
497 1612 927 1676 septingentesimo
951 1611 1179 1659 vicesimo
1214 1627 1356 1669 nono,
1383 1626 1494 1657 cum
1530 1616 1654 1658 esset
1689 1610 1793 1672 ipse
1827 1626 2064 1657 annorum

313 1695 594 1758 nonaginta,
631 1695 863 1759 migravit
905 1695 968 1743 ad
1008 1710 1156 1757 regna
1197 1692 1420 1744 caelestia.
1506 1691 1664 1740 Duxit
1706 1695 1869 1739 autem
1909 1691 2063 1740 vitam

312 1776 365 1824 in
401 1795 577 1841 magna
611 1777 918 1838 humilitatis,
955 1775 1357 1835 mansuetudinis,
1383 1774 1706 1832 continentiae,
1743 1774 2065 1838 simplicitatis

314 1866 362 1907 et
392 1861 598 1922 justitiae
634 1861 938 1924 perfectione.
1011 1859 1157 1907 Unde
1194 1862 1243 1906 et
1277 1857 1412 1921 genti
1447 1873 1560 1916 suae,
1586 1861 1635 1904 et
1670 1856 1765 1904 illis
1800 1856 1852 1904 in
1888 1857 2065 1920 quibus

315 1943 544 1991 exulabat
568 1944 848 1991 nationibus
879 1943 1159 1991 Scottorum
1195 1941 1296 1988 sive
1322 1940 1582 1999 Pictorum,
1609 1940 1827 2002 exemplo
1852 1940 2063 2001 vivendi,

314 2030 364 2072 et
393 2025 629 2073 instantia
662 2025 875 2083 docendi,
903 2028 953 2072 et
983 2023 1273 2072 auctoritate
1301 2022 1604 2085 corripiendi,
1629 2028 1678 2070 et
1705 2021 1885 2085 pietate
1919 2023 2065 2088 largi-

314 2107 427 2154 endi
452 2107 511 2154 de
535 2107 611 2155 his
636 2124 745 2170 quae
768 2125 798 2155 a
821 2106 1058 2154 divitibus
1080 2110 1340 2168 acceperat,
1361 2105 1571 2153 multum
1595 2105 1794 2168 profuit.
1854 2103 2066 2154 Addidit

315 2196 479 2238 autem
504 2190 630 2238 votis
660 2208 766 2253 quae
803 2189 1028 2247 diximus,
1053 2193 1112 2236 ut
1147 2205 1336 2251 semper
1359 2187 1412 2235 in
1442 2187 1810 2251 quadragesima
1832 2204 1931 2235 non
1954 2188 2066 2251 plus

316 2289 465 2336 quam
485 2273 631 2321 semel
656 2274 706 2320 in
725 2272 803 2320 die
826 2271 1056 2331 reficeret,
1071 2288 1169 2319 non
1193 2271 1327 2319 aliud
1345 2287 1490 2334 quam
1513 2287 1688 2333 panem
1711 2287 1765 2318 ac
1789 2270 1863 2317 lac
1881 2271 2066 2319 tenuis-

315 2355 506 2416 simum,
532 2360 581 2404 et
603 2356 691 2403 hoc
717 2371 828 2403 cum
860 2371 1087 2403 mensura
1121 2359 1340 2417 gustaret
1362 2371 1372 2401 :
1409 2353 1541 2416 quod
1563 2352 1788 2401 videlicet
1812 2352 1884 2400 lac
1908 2352 2066 2415 pridie

315 2454 497 2486 novum
521 2438 572 2485 in
595 2438 762 2501 phiala
783 2454 962 2501 ponere
986 2437 1181 2495 solebat,
1208 2440 1256 2484 et
1278 2439 1389 2499 post
1412 2441 1602 2489 noctem
1626 2435 1787 2483 ablata
1810 2435 2065 2498 superficie

316 2520 561 2579 crassiore,
594 2520 695 2583 ipse
727 2520 974 2568 residuum
1008 2536 1119 2567 cum
1151 2517 1352 2577 modico,
1379 2522 1436 2565 ut
1458 2517 1683 2576 diximus,
1707 2533 1830 2580 pane
1854 2517 2062 2566 bibebat.

318 2602 472 2666 Cujus
497 2603 694 2651 modum
719 2602 1028 2650 continentiae
1058 2602 1204 2650 etiam
1234 2600 1555 2664 quadraginta
1578 2599 1745 2647 diebus
1769 2604 1881 2647 ante
1906 2600 2065 2647 natale

318 2684 533 2743 Domini,
559 2685 763 2732 totidem
789 2701 979 2748 quoque
1003 2687 1115 2747 post
1140 2686 1335 2746 peracta
1364 2681 1615 2729 sollemnia
1637 2676 1948 2744 pentecostes,
1973 2681 2064 2729 hoc

319 2772 405 2827 est,
433 2767 854 2832 quinquagesimae,
878 2783 1065 2830 semper
1088 2766 1341 2816 observare
1370 2763 1584 2812 curabat.
