2216 3554
75 193 189 243 CAP.
220 189 291 260 Χ]
663 212 666 215 ·
717 188 880 238 Gentis
913 185 1202 249 Anylorwm.
1717 179 1812 232 113

72 325 118 373 ei
149 322 410 387 subpositis
433 319 769 380 illustratione,
796 317 1049 367 clementia
1068 315 1408 380 Redemptoris
1432 314 1582 363 fuerit
1600 321 1813 378 operata,

72 407 262 470 plenius
287 423 348 453 ex
361 404 610 454 vicinitate
633 402 848 450 locorum
870 405 1080 448 vestram
1103 399 1306 463 gloriam
1333 397 1614 460 conjicimus
1639 412 1812 458 cogno-

73 488 211 537 visse.
283 487 402 550 Ejus
426 502 540 548 ergo
563 483 784 532 mirabile
811 483 1014 542 donum,
1046 485 1096 529 et
1120 481 1172 528 in
1195 481 1331 529 vobis
1357 483 1488 528 certa
1513 495 1609 542 spe,
1636 477 1815 526 caelesti

72 570 440 634 longanimitate
463 566 669 616 conferri
691 564 986 614 confidimus.
1032 563 1161 613 Cum
1184 563 1399 627 profecto
1423 562 1681 626 gloriosam
1705 576 1815 607 con-

67 652 234 715 jugem
257 655 479 708 vestram,
505 665 612 712 quae
636 647 784 695 vestri
816 645 1027 709 corporis
1054 662 1169 709 pars
1202 662 1302 693 esse
1334 644 1649 707 dignoscitur,
1674 648 1815 691 aeter-

73 734 242 782 nitatis
257 733 458 796 praemio
475 749 562 795 per
580 730 702 779 sacri
724 728 1031 793 baptismatis
1055 728 1465 791 regenerationem
1490 725 1817 774 illuminatam

73 815 367 879 agnovimus.
440 815 584 864 Unde
607 812 834 877 praesenti
852 811 978 875 stylo
1002 811 1235 875 gloriosos
1258 827 1345 858 vos
1363 808 1687 857 adhortandos
1707 824 1817 855 cum

74 899 206 946 omni
237 898 410 946 affectu
441 896 624 944 intimae
657 895 875 944 caritatis
905 894 1214 954 curavimus;
1246 899 1493 957 quatenus
1524 889 1818 940 abominatis

74 981 228 1039 idolis,
255 995 516 1042 eorumque
539 979 688 1037 cul-tu,
714 978 985 1041 spretisque
1009 977 1232 1025 fanorum
1248 976 1571 1034 fatuitatibus,
1594 977 1645 1022 et
1669 988 1820 1034 augu-

72 1063 256 1110 riorum
297 1060 672 1124 deceptabilibus
712 1056 1071 1119 blandimentis,
1114 1059 1320 1108 credatis
1355 1059 1407 1106 in
1434 1058 1596 1106 Deum
1619 1055 1820 1104 Patrem

73 1145 463 1207 omnipotentem,
505 1145 701 1205 ejusque
743 1142 928 1189 Filium
968 1142 1007 1191 J
1009 1159 1143 1190 esum
1177 1142 1442 1200 Christum,
1481 1145 1530 1188 et
1578 1139 1821 1203 Spiritum

72 1233 305 1286 sanctum,
332 1230 390 1274 ut
418 1224 677 1284 credenteS,
716 1241 746 1271 a
772 1224 1026 1273 diabolicae
1063 1224 1361 1288 captivitatis
1393 1222 1613 1281 nexibUS‚
1643 1225 1821 1269 sanctae

72 1314 121 1355 et
150 1307 421 1355 individuae
468 1305 724 1354 Trinitatis
772 1311 1058 1369 cooperante
1104 1305 1323 1369 potentia
1364 1303 1587 1363 absoluti,
1626 1308 1819 1352 aeternae

71 1391 186 1438 vitae
210 1389 402 1453 possitis
428 1406 528 1438 esse
551 1389 826 1453 participes.

142 1478 154 1499 ‘
170 1472 362 1533 Quanta
395 1476 556 1520 autem
592 1471 907 1520 reatitudinis
942 1472 1084 1535 culpa
1116 1475 1374 1520 teneantur
1408 1469 1627 1519 obstricti
1655 1468 1708 1516 hi
1738 1467 1824 1532 qui

72 1554 407 1603 idolatriarum
442 1553 897 1617 perniciosissimam
937 1553 1328 1618 superstitionem
1367 1553 1575 1601 colentes
1612 1551 1822 1614 amplec-

73 1641 263 1695 tuntur,
317 1652 487 1683 eorum
545 1653 666 1699 quos
724 1636 890 1684 colunt
940 1637 1160 1700 exempla
1207 1635 1493 1700 perditionis
1543 1635 1815 1693 insinuant;

73 1718 200 1766 unde
236 1718 295 1766 de
333 1717 410 1765 eis'
437 1734 523 1780 per
569 1717 874 1765 Psalmistam
922 1717 1163 1766 diciturl:
1227 1717 1448 1766 “Omnes
1495 1717 1564 1764 dii
1605 1716 1825 1780 gentium

75 1800 327 1860 daemonia,
355 1799 595 1847 Dominus
619 1804 781 1847 autem
807 1799 950 1846 caelos
974 1797 1134 1847 fecit.'’
1212 1798 1281 1847 Et
1317 1800 1495 1847 iterum
1514 1796 1532 1824 ²
1553 1815 1563 1847 :
1603 1803 1630 1825 “
1648 1799 1824 1848 Oculos

74 1881 265 1939 habent,
308 1888 358 1931 et-
394 1899 493 1930 non
529 1881 724 1941 vident3
764 1897 904 1929 aures
942 1881 1138 1940 habent,
1177 1887 1226 1930 et
1264 1899 1362 1929 non
1403 1881 1641 1929 audiunt:
1685 1897 1827 1929 nares

75 1964 274 2026 habent,
307 1968 360 2013 et
394 1982 492 2013 non
528 1964 832 2024 odorabunt3
869 1981 1040 2012 manus
1074 1965 1269 2024 habent,
1306 1970 1355 2012 et
1390 1981 1489 2012 non
1523 1964 1825 2028 palpabunt;

74 2047 219 2110 pedes
243 2047 436 2106 habent,
464 2051 514 2096 et
546 2064 644 2094 non
675 2047 1025 2096 ambulabunt:
1074 2047 1259 2095 similes
1295 2063 1408 2110 ergo
1443 2046 1718 2095 efficiuntur
1747 2046 1827 2094 his

76 2129 160 2193 qui
190 2146 329 2193 spem
379 2146 476 2178 suae
524 2129 829 2178 confidentiae
881 2134 1072 2193 ponunt
1123 2130 1175 2177 in
1223 2129 1332 2178 eis.''
1406 2129 1661 2190 Quomodo
1697 2129 1826 2177 enim

72 2212 273 2274 ,iuvandi
320 2211 584 2276 quemlibet
628 2217 832 2275 possunt
877 2213 1053 2261 habere
1099 2212 1332 2261 virtutem
1378 2212 1444 2273 hi,
1492 2211 1578 2275 qui
1625 2229 1685 2259 ex
1725 2227 1829 2259 cor-

77 2294 299 2358 ruptibili
317 2295 520 2343 materia
537 2294 827 2342 inferiorum
847 2295 1008 2355 etiam,
1025 2295 1480 2359 subpositorumque
1498 2295 1590 2343 tibi
1605 2294 1829 2342 manibus

78 2378 459 2425 construuntur?
497 2377 672 2440 quibus
700 2377 926 2426 videlicet
957 2377 1219 2426 artificium
1253 2377 1522 2425 humanum
1557 2376 1828 2425 adcommo-

78 2458 195 2507 dans
216 2459 287 2507 eis
310 2459 632 2507 inanimatam
664 2460 992 2508 membrorum
1026 2458 1397 2508 similitudinem
1421 2459 1707 2508 contulisti?
1742 2459 1830 2522 qui

78 2541 171 2589 nisi
206 2559 235 2590 a
267 2547 316 2591 te
352 2543 474 2591 moti
508 2542 702 2602 fuerint,
741 2543 988 2592 ambulare
1022 2560 1120 2591 non
1155 2547 1391 2607 poterunt
1406 2560 1422 2603 .;
1476 2544 1558 2591 sed
1593 2547 1829 2606 tanquam

78 2624 202 2688 lapis
236 2625 419 2682 in‘uno
453 2625 559 2673 loco
594 2625 795 2689 positus,
830 2626 901 2674 ita
935 2626 1214 2686 constructi,
1251 2625 1466 2691 nihilque
1493 2625 1828 2690 intelligentiae

79 2705 322 2766 habentes,
358 2706 555 2770 ipsaque
591 2707 961 2756 insensibilitate
998 2707 1175 2768 obruti,
1211 2708 1396 2756 nullam
1432 2725 1587 2773 neque
1618 2707 1830 2756 laedendi

81 2804 236 2852 neque
250 2789 459 2853 juvandi
483 2789 763 2838 facultatem
787 2789 949 2854 adepti
981 2792 1128 2839 sunt?
1188 2791 1298 2851 Qua
1322 2808 1434 2855 ergo
1458 2791 1635 2840 mentis
1658 2792 1830 2854 decep-

82 2870 213 2919 tione
247 2887 327 2919 cos
362 2871 490 2931 dem,
530 2872 707 2934 quibus
746 2889 833 2920 vos
870 2871 964 2936 ipsi
1001 2872 1263 2936 imaginem
1300 2874 1514 2938 corporis
1542 2873 1828 2930 tradidistis,

84 2953 290 3001 colentes
315 2953 587 3016 sequimini,
609 2952 792 3015 judicio
812 2954 1021 3003 discreto
1046 2956 1257 3019 reperire
1280 2974 1377 3005 non
1400 2972 1668 3020 possumus.

154 3035 325 3084 ‘Unde
353 3039 551 3098 oportet
591 3052 678 3084 vos
716 3041 935 3100 suscepto
976 3037 1113 3103 signo
1153 3044 1330 3089 sanctae
1368 3040 1534 3098 crucia
1572 3054 1659 3100 per
1700 3033 1828 3098 quod

85 3115 350 3165 humanum
375 3133 526 3180 genus
550 3117 857 3181 redemptum
882 3125 967 3179 est,
994 3122 1308 3170 execrandam
1332 3121 1580 3170 diabolicae
1604 3115 1829 3165 versutiae

247 3246 262 3271 ¹
290 3246 464 3300 dicitur]
486 3247 553 3289 ΡΒ.
573 3247 678 3288 xcvi.
699 3259 738 3301 5.
1141 3252 1158 3276 2
1186 3252 1352 3307 iterum]
1374 3253 1444 3293 Ps.
1463 3263 1551 3291 cxv.
1573 3248 1667 3300 5-8.

948 3335 971 3369 1
