2216 3554
315 147 413 193 260
899 139 1130 188 Historia
1165 137 1508 187 Ecclesiastica
1849 131 1981 201 [LIB.
1997 148 2070 183 IV.

313 274 547 339 sepelivit,
586 277 635 321 et
669 289 757 336 pro
794 270 1097 320 absolutione
1138 271 1312 319 animae
1353 270 1455 333 ejus
1493 268 1668 332 saepius
1708 268 1877 316 missas
1914 268 2071 316 facere

313 357 517 406 curavit.
589 356 809 417 Quarum
845 354 1170 404 celebratione
1204 354 1386 402 factum
1423 357 1496 400 est
1530 352 1659 416 quod
1689 350 1809 409 dixi,
1832 355 1888 398 ut
1911 350 2071 398 nullus

313 458 425 489 eum
461 444 621 502 posset
654 438 854 497 vincire,
898 437 1017 501 quin
1059 435 1289 485 continuo
1331 436 1612 483 solveretur.
1682 433 1878 482 Interea
1915 447 2072 480 comes

313 523 401 586 qui
432 539 544 570 eum
572 521 783 580 tenebat,
809 519 993 579 mirari,
1019 525 1067 568 et
1096 518 1398 582 interrogare
1430 516 1576 579 coepit
1611 532 1760 579 quare
1795 515 1941 577 ligari
1976 531 2073 561 non

313 608 488 668 posset,
533 620 595 655 an
633 603 758 650 forte
797 602 964 649 literas
1005 600 1264 650 solutorias
1279 601 1295 627 ¹
1330 600 1391 647 de
1426 599 1651 663 qualibus
1685 598 1862 646 fabulae
1894 597 2071 655 ferunt,

314 684 447 749 apud
482 702 531 734 se
566 685 783 744 haberet,
809 689 1014 748 propter
1050 699 1170 747 quas
1206 683 1353 747 ligari
1389 699 1486 730 non
1526 684 1702 744 posset.
1773 679 1845 728 At
1881 679 1964 728 ille
1999 696 2074 727 re-

316 768 528 832 spondit,
568 767 704 815 nihil,
736 784 786 815 se
834 766 1009 815 talium
1056 765 1237 813 artium
1284 782 1456 826 nosse;
1509 769 1520 790 ‘
1539 764 1623 812 sed
1658 763 1811 811 habeo
1845 761 2074 820 fratrem,’

314 851 490 914 inquit,
535 855 547 876 ‘
567 851 905 914 presbyterum
946 848 999 896 in
1042 864 1147 895 mea
1189 847 1452 910 provincia,
1495 850 1544 896 ct
1586 845 1682 893 scio
1724 845 1838 908 quia
1876 844 1958 892 ille
1998 860 2076 891 me

315 933 627 981 interfectum
659 937 854 995 putans,
887 946 977 994 pro
1011 946 1090 977 me
1120 930 1292 978 missas
1320 929 1509 977 crebras
1541 928 1693 976 facit:
1732 932 1782 975 et
1805 927 1846 975 si
1870 942 2000 974 nunc
2023 926 2075 972 in

315 1015 410 1063 alia
433 1014 537 1062 vita
561 1031 728 1072 essem,
754 1014 823 1061 ibi
848 1013 1009 1062 anima
1033 1029 1139 1061 mea
1162 1029 1250 1075 per
1272 1012 1638 1060 intercessiones
1673 1013 1776 1073 ejus
1809 1009 2076 1058 solveretur

317 1115 346 1145 a
369 1097 554 1161 poenis.'
628 1097 858 1160 Dumque
882 1095 1134 1159 aliquanto
1157 1100 1374 1158 tempore
1398 1095 1528 1157 apud
1552 1094 1779 1142 comitem
1811 1096 2076 1151 teneretur,

317 1180 772 1228 animadverterunt
802 1178 886 1242 qui
919 1195 1030 1226 eum
1063 1177 1348 1241 diligentius
1373 1177 1754 1234 considerabant,
1779 1193 1839 1224 ex
1861 1176 2003 1224 vultu
2028 1180 2078 1222 et

316 1262 490 1310 habitu
526 1267 574 1310 et
604 1261 904 1310 sermonibus
933 1258 1050 1324 eju's,
1085 1261 1200 1324 quia
1235 1277 1333 1308 non
1369 1265 1473 1308 erat
1508 1260 1566 1307 de
1600 1276 1812 1323 paupere
1836 1259 1996 1322 vulgo,
2021 1263 2078 1305 ut

320 1344 527 1404 dixerat,
553 1345 638 1392 sed
672 1345 732 1393 de
766 1344 1023 1393 nobilibus.
1096 1344 1234 1394 Tunc
1269 1347 1451 1392 secreto
1486 1343 1725 1390 advocans
1759 1358 1868 1389 eum
1904 1358 2076 1399 comes,

317 1427 643 1491 interrogavit
681 1444 791 1476 eum
827 1427 1064 1475 intentius
1105 1426 1234 1475 unde
1274 1429 1412 1485 esset,
1448 1425 1736 1490 promittens
1777 1441 1826 1473 se
1868 1423 1991 1471 nihil
2033 1424 2077 1472 ei

318 1509 437 1558 mali
473 1510 721 1558 facturum
754 1527 843 1575 pro
869 1527 940 1569 eo,
966 1511 1007 1558 si
1041 1509 1327 1573 simpliciter
1359 1507 1453 1556 sibi
1486 1507 1596 1572 quis
1626 1507 1812 1566 fuisset,
1836 1506 2076 1570 proderet.

319 1591 463 1652 Quod
498 1592 617 1640 dum
653 1593 736 1641 ille
772 1594 966 1653 faceret,
1002 1592 1283 1640 ministrum
1319 1608 1369 1639 se
1403 1590 1533 1654 regis
1567 1590 1715 1638 fuisse
1751 1589 2076 1649 manifestans,

316 1674 593 1737 respondit:
635 1680 646 1702 ‘
665 1675 733 1724 Et
764 1692 853 1739 ego
888 1692 974 1739 per
1009 1675 1200 1738 singula
1231 1679 1318 1722 tua
1350 1689 1579 1736 responsa
1611 1689 1928 1735 cognoveram
1961 1672 2076 1735 quia

316 1756 526 1804 rusticus
549 1774 646 1806 non
669 1774 787 1816 eras,
814 1764 863 1806 et
887 1775 1018 1806 nunc
1042 1757 1220 1820 dignus
1245 1757 1442 1821 quidem
1467 1772 1516 1803 es
1542 1759 1697 1803 morte
1711 1755 1744 1814 ²,
1770 1755 1887 1818 quia
1910 1772 2076 1802 omnes

317 1838 492 1887 fratres
527 1843 577 1887 et
613 1840 806 1903 cognati
848 1840 945 1888 mei
986 1840 1038 1888 in
1079 1839 1164 1887 illa
1201 1843 1315 1887 sunt
1351 1838 1506 1902 pugni
1548 1838 1857 1901 interempti3
1906 1855 1992 1887 nec
2028 1843 2078 1886 te

318 1926 482 1969 tamen
506 1922 734 1981 occidam,
758 1939 819 1970 ne
844 1922 990 1970 fidem
1015 1921 1110 1969 mei
1134 1921 1358 1984 promissi
1382 1920 1695 1984 praevaricer.’

263 1993 275 2082 )
389 2003 464 2051 Ut
500 2020 612 2067 ergo
649 2005 910 2064 convaluit,
936 2004 1158 2053 vendidit
1193 2021 1305 2052 eum
1339 2002 1651 2051 Lundoniam
1675 2003 1824 2051 Freso
1856 2003 2075 2064 cuidam;

319 2085 402 2132 sed
437 2102 525 2133 nec
559 2087 620 2134 ab
658 2086 744 2134 illo
788 2103 899 2134 cum
931 2086 1049 2135 illuc
1092 2086 1353 2134 duceretur
1384 2085 1627 2133 ullatenus
1666 2086 1833 2148 potuit
1872 2087 2077 2150 alligari.

319 2168 504 2216 Verum
530 2185 641 2217 cum
665 2169 759 2217 alia
782 2174 930 2233 atque
954 2169 1048 2218 alia
1070 2169 1377 2219 vinculorum
1401 2169 1447 2216 ei
1470 2184 1648 2231 genera
1670 2167 1831 2216 hostes
1862 2168 2079 2232 impone-

320 2255 462 2311 rent3
507 2268 711 2316 cumque
746 2252 950 2301 vidisset
988 2252 1072 2315 qui
1107 2255 1304 2311 emerat,
1337 2250 1546 2299 vinculis
1581 2267 1692 2298 eum
1730 2267 1828 2298 non
1865 2251 2080 2313 potuisse

322 2333 550 2393 cohiberi,
594 2334 795 2382 donavit
836 2334 882 2382 ei
923 2334 1203 2382 facultatem
1245 2349 1347 2381 sese
1388 2332 1657 2380 redimendi
1699 2332 1740 2380 si
1781 2339 1957 2397 posset.
2035 2333 2081 2380 A

321 2415 467 2463 tertia
490 2420 652 2464 autem
676 2417 796 2465 hora
820 2417 1015 2480 quando
1039 2417 1196 2464 missae
1221 2415 1326 2464 fieri
1352 2415 1582 2474 solebant,
1603 2414 1864 2479 saepissime
1887 2415 2082 2464 vincula

324 2498 650 2547 solvebantur.
723 2499 793 2547 At
826 2499 908 2547 ille
936 2499 1051 2547 dato
1078 2499 1394 2562 jurejurando
1425 2504 1482 2546 ut
1508 2496 1792 2545 rediret.vel
1825 2498 2079 2561 pecuniam

322 2581 398 2628 illi
428 2598 517 2644 pro
549 2599 599 2629 se
630 2582 862 2642 mitteret,
887 2581 1024 2631 venit
1050 2581 1276 2630 Cantiam
1311 2581 1373 2628 ad
1406 2596 1570 2643 regem
1593 2580 1839 2640 Hlotheri,
1865 2580 1950 2645 qui
1975 2585 2081 2629 erat

323 2663 453 2711 filius
477 2663 654 2712 sororis
668 2665 685 2690 ³
703 2664 1035 2727 AEdilthrydae
1061 2664 1240 2727 reginae
1266 2663 1326 2711 de
1357 2679 1453 2727 qua
1477 2679 1624 2727 supra
1649 2662 1835 2711 dictum
1858 2666 1944 2723 est,
1965 2663 2081 2727 quia

379 2801 395 2824 ²
408 2802 548 2842 literas
560 2801 798 2855 solutorias]
820 2808 830 2824 ‘
842 2803 991 2851 Qualia
1001 2803 1172 2842 fuerunt
1228 2801 1387 2851 solutis,
1418 2800 1646 2852 Ephesium
1665 2800 1803 2840 tricies
1822 2804 2077 2853 prostratum

325 2857 438 2910 apud
460 2857 652 2908 antiquos
672 2858 840 2908 Ἐφέσια
859 2857 1087 2908 γράμματα,
1106 2858 1172 2898 i.e.
1229 2857 1354 2896 fuisse
1373 2856 1574 2896 tradunt!
1631 2855 1792 2896 Suidas.

324 2912 629 2951 incantationes
656 2913 844 2963 quaedam
867 2914 1050 2952 obscurae
1070 2926 1172 2964 quas
1283 2910 1300 2932 ²
1326 2911 1477 2964 diynus
1503 2911 1667 2963 quidem
1687 2924 1725 2950 es
1745 2909 1890 2962 morte]
1922 2910 1988 2950 On
2006 2909 2079 2949 the

325 2971 370 3007 et
407 2967 596 3007 Croesum
628 2967 675 3006 in
700 2980 798 3018 rogo
834 2967 984 3006 dixisse
1023 2968 1174 3006 ferunt.
1233 2972 1243 2988 ‘
1258 2966 1326 3006 lex
1346 2964 1529 3005 talionis’
1551 2978 1701 3018 among
1726 2965 1800 3005 the
1818 2965 1991 3016 Saxone,
2011 2978 2079 3005 see

331 3022 391 3061 Et
440 3021 640 3073 Olympiae
687 3021 859 3061 Milesio
905 3025 948 3061 et
995 3022 1175 3074 Ephesio
1231 3021 1428 3066 Kemble,
1448 3020 1476 3059 i.
1497 3020 1588 3073 269.

325 3077 595 3123 luctantibus,
623 3076 744 3116 aiunt
772 3077 986 3116 Milesium
1025 3077 1175 3116 luctari
1287 3076 1302 3099 ³
1328 3075 1497 3128 sororis]
1557 3075 1659 3114 This
1699 3075 1820 3114 sister
1855 3087 1942 3114 was
1978 3074 2079 3114 Sax-

325 3145 410 3171 non
455 3132 653 3183 potuisse,
707 3131 827 3182 quod,
874 3131 979 3170 alter
1029 3132 1170 3170 literas
1224 3130 1347 3180 burh,
1375 3129 1471 3170 who
1507 3130 1689 3169 married
1718 3129 2005 3169 Earconberht
2033 3127 2083 3167 of

327 3186 528 3238 Ephesias
555 3186 643 3226 talo
673 3186 792 3239 pedis
819 3185 1047 3237 alligasset.
1105 3186 1169 3225 Ea
1224 3186 1356 3232 Kent,
1385 3185 1470 3232 and
1507 3185 1603 3224 died
1642 3198 1687 3224 as
1725 3184 1873 3224 abbess
1903 3183 1950 3224 of
1982 3182 2076 3236 Ely,

326 3245 469 3281 autem
504 3254 549 3282 re
586 3244 805 3295 comperta,
835 3240 1050 3294 literisque
1087 3241 1170 3281 illis
1226 3241 1334 3281 after
1352 3250 1439 3281 ΑΒ.
1460 3239 1513 3294 69
1518 3252 1566 3290 33
1595 3253 1636 3293 p.
1664 3250 1756 3291 254.
