2216 3554
87 160 208 210 CAP.
228 156 433 227 XXXIV]
720 158 885 207 Gentis
907 157 1195 220 Anqlorum,
1775 163 1834 207 81

89 291 250 355 Degsa
287 289 422 353 lapis,
470 286 626 337 omnis
662 304 784 351 pene
822 287 926 351 ejus
973 292 1047 335 est
1095 302 1245 335 caesus
1292 285 1554 335 exercitus,
1645 286 1708 335 In
1743 305 1840 352 qua

88 373 235 421 ctiam
258 389 422 436 pugna
445 370 723 419 Theodbald
757 370 909 418 frater
943 369 1209 428 AEdilfridi‚
1247 385 1358 416 cum
1400 369 1535 417 omni
1573 369 1658 417 illo
1695 387 1838 433 quem

89 454 191 517 ipse
226 455 431 502 ducebat
466 452 695 511 exercitU,
730 456 1008 514 peremptus
1044 456 1131 500 est.
1205 451 1348 511 Quod
1388 450 1613 499 videlicet
1659 451 1842 499 bellum

88 535 321 583 AEdilfrid
343 552 469 584 anno
492 535 552 582 ab
575 532 902 582 incarnatione
919 532 1123 581 Domini
1141 533 1489 582 sexcentesimo
1513 533 1675 593 tertio,
1701 534 1839 595 regni

89 623 251 666 autem
275 618 365 677 sui,
390 617 519 681 quod
540 615 719 679 viginti
751 620 801 663 et
833 621 1044 678 quatuor
1074 616 1212 663 annis
1234 616 1409 675 tenuit,
1435 633 1562 664 anno
1587 616 1842 665 undecimo

88 699 318 763 perfecit:
354 715 498 763 porro
533 697 757 746 Focatis¹
793 715 935 757 anno,
973 697 1058 762 qui
1091 703 1198 746 tum
1235 698 1450 747 Romani
1484 699 1621 763 regni
1655 700 1842 763 apicem

89 784 296 842 tenebat,
322 782 491 846 primo.
563 781 737 843 Neque
771 797 831 828 ex
865 798 922 829 eo
956 785 1172 844 tempore
1208 782 1465 845 quisquam
1498 798 1670 846 regum
1707 781 1842 830 Scot-

88 868 250 912 torum
286 864 337 911 in
371 863 618 912 Brittania
652 863 882 911 adversus
916 868 1110 927 gentem
1142 863 1421 928 Anglorum
1452 881 1605 928 usque
1632 864 1695 913 ad
1718 864 1843 912 hano

86 947 215 994 diem
238 946 291 993 in
311 946 530 1009 praelium
552 945 958 994 venireaudebat.

90 1075 243 1128 Melgo‚
280 1090 306 1116 a
342 1075 501 1116 British
546 1076 663 1128 king,
702 1079 747 1116 to
792 1076 937 1116 attack
992 1075 1038 1116 of
1079 1075 1320 1126 Etalfraich,
1367 1076 1474 1116 elain
1524 1077 1580 1130 by
1628 1077 1843 1117 Maeluma

89 1131 349 1171 AEthelfrith.
405 1132 637 1183 Tigernach
663 1131 737 1170 has
765 1131 838 1170 the
862 1131 936 1170 fol·
992 1131 1212 1182 (Malcolm
1227 1132 1258 1182 2)
1272 1144 1364 1171 mae
1377 1132 1576 1172 Baedan.’
1624 1132 1842 1172 O‘Gonor's

89 1186 241 1237 lowing
262 1186 420 1226 notice:
451 1193 560 1226 ‘A.D.
582 1186 675 1227 600.
731 1186 873 1226 Battle
894 1186 942 1225 of
991 1186 1089 1226 Rer,
1111 1187 1259 1227 Hiber.
1279 1186 1446 1239 Scriptt.
1470 1187 1514 1230 ii.
1540 1186 1630 1227 161.

88 1240 160 1279 the
181 1241 338 1280 Saxone
357 1242 518 1293 against
531 1242 693 1291 Aedan,
710 1242 847 1281 where
866 1241 936 1280 fell
1045 1239 1059 1262 ¹
1086 1241 1270 1293 Focatis]
1301 1241 1464 1281 Phoc-:as
1489 1242 1710 1283 succeeded
1730 1243 1842 1282 Nov.

91 1295 316 1335 Eanfraich
350 1296 664 1348 (=Theodbald
682 1297 727 1349 2),
767 1296 936 1336 brother
995 1307 1030 1346 2,
1053 1306 1140 1336 ΑΔ).
1161 1294 1255 1337 602.
1312 1296 1492 1345 Gibbon.
