2216 3554
101 203 221 253 CAP.
244 197 301 270 1.]
1785 201 1846 246 89

732 200 896 250 Gentis
931 198 1217 261 Anylorum.

101 334 274 382 vocati.
334 334 441 381 Rex
463 330 722 396 provinciae
741 330 873 378 illius
898 330 1135 394 quomodo
1159 328 1431 392 appellatur
1446 327 1486 375 2’
1545 328 1850 391 Responsum

101 421 188 475 est,
214 417 345 479 quod
381 413 595 463 ‘Aemi’
632 413 886 461 diceretur.
957 411 1028 460 At
1062 411 1145 459 ille
1181 411 1412 458 adludens
1441 410 1503 458 ad
1536 426 1714 458 nomen
1749 411 1848 459 ait:

101 503 113 524 ‘
130 498 372 546 Alleluia!
425 497 643 545 Laudem
666 494 762 543 Dei
797 494 1042 543 Creatoris
1065 494 1161 541 illis
1196 493 1248 540 in
1283 492 1503 555 partibus
1528 497 1718 555 oportet
1743 510 1851 541 can-

100 581 227 629 tari.’
295 579 634 641 Accedensque
658 577 719 625 ad
742 574 1043 640 pontificem2
1068 577 1299 624 Romanae
1332 580 1381 623 et
1410 575 1686 638 apostolicae
1711 575 1851 634 sedis,

102 662 317 710 nondum
352 662 481 709 enim
516 664 620 708 erat
654 659 756 722 ipse
790 658 1011 722 pontifex
1045 657 1212 718 factus,
1253 657 1445 719 rogavit
1484 661 1541 704 ut
1578 656 1715 720 genti
1750 656 1852 704 An-

74 727 76 729 *
100 744 289 806 glorum
337 744 388 791 in
434 741 731 790 Brittaniam
778 741 966 804 aliquos
1004 739 1140 789 verbi
1187 739 1448 798 ministros,
1497 755 1584 802 per
1622 754 1743 802 quos
1790 740 1852 787 ad

103 825 351 874 Christum
375 829 746 882 converteretur,
773 823 1021 883 mitteret3
1059 822 1271 884 seipsum
1301 826 1528 884 paratum
1557 838 1659 869 esse
1683 821 1736 868 in
1761 821 1852 869 hoc

101 924 220 971 opus
246 908 455 955 Domino
479 912 764 969 cooperante
787 905 1144 969 perficiendum,
1172 905 1213 952 si
1236 910 1399 952 tamen
1423 904 1687 967 apostolico
1711 921 1850 968 papae

101 990 191 1038 hoc
226 995 284 1038 ut
319 989 469 1048 fieret,
502 989 728 1052 placeret.
815 987 959 1049 Quod
995 988 1111 1034 dum
1145 986 1348 1050 peficere
1379 1004 1477 1035 non
1506 990 1668 1050 posset
1685 1003 1699 1046 ;
1736 986 1852 1050 quia

99 1073 192 1120 etsi
215 1072 430 1136 pontifex
453 1071 710 1119 concedere
733 1071 807 1118 illi
832 1070 961 1134 quod
985 1070 1195 1133 petierat
1221 1069 1391 1129 voluit,
1417 1086 1514 1116 non
1537 1073 1701 1117 tamen
1724 1069 1851 1117 cives

100 1154 327 1213 Romani,
352 1160 409 1203 ut
432 1160 533 1203 tam
561 1154 705 1217 longe
738 1154 799 1202 ab
831 1154 950 1201 urbe
982 1153 1242 1212 recederet,
1267 1158 1471 1216 potuere
1487 1152 1506 1178 ³
1534 1151 1848 1215 permittere;

100 1254 213 1285 mox
246 1241 304 1285 ut
339 1236 440 1300 ipse
474 1236 783 1300 pontificatus
819 1235 971 1284 officio
1007 1235 1200 1283 functus
1237 1240 1323 1293 est,
1362 1234 1566 1298 perfecit
1604 1250 1723 1297 opus
1766 1233 1850 1281 diu

100 1319 454 1367 desideratum:
492 1319 612 1367 alios
642 1318 840 1382 quidem
869 1318 1210 1382 praedicatores
1243 1317 1457 1375 mittens,
1484 1316 1568 1366 sed
1598 1317 1702 1380 ipse
1726 1332 1850 1380 prae-

100 1401 390 1450 dicationem
435 1405 494 1449 ut
539 1402 865 1461 fructificaret,
908 1401 1011 1450 suis
1058 1399 1479 1449 exhortationibus
1526 1417 1581 1447 ac
1627 1399 1851 1462 precibus

100 1483 346 1546 adjuvans.
418 1484 540 1533 Haec
558 1487 700 1547 juxta
724 1484 1027 1547 opinionem*
1051 1500 1194 1547 quam
1231 1483 1292 1530 ab
1320 1482 1536 1545 antiquis
1565 1482 1848 1545 accepimus,

102 1565 336 1617 Historiae
361 1571 536 1615 nostrae
561 1567 888 1617 ecclesiasticae
912 1567 1123 1615 inserere
1148 1569 1479 1631 opportunum·
1502 1564 1745 1613 duximus.

847 1735 988 1783 OAP.
1025 1734 1097 1783 Π.

98 1850 150 1893 Ut
162 1852 420 1904 Auyustinus
432 1853 672 1893 Brectonum
691 1854 895 1906 episcopos
903 1866 981 1904 pro
989 1866 1096 1904 pace
1107 1851 1324 1898 catholica,
1338 1852 1464 1891 etiam
1483 1849 1684 1891 miraculo
1701 1852 1850 1893 caelesti

225 1934 359 1961 coram
377 1920 435 1960 eis
443 1920 574 1972 facto,
596 1922 799 1962 ‘monuerit
810 1937 830 1968 ,¹
857 1934 990 1974 qaaeve
1008 1921 1104 1961 illos
1123 1924 1352 1973 spernentes
1371 1919 1478 1959 ultio
1497 1922 1631 1960 secuta
1650 1919 1718 1958 sit.

149 2026 405 2074 INTEREA⁶
412 2026 718 2090 Augustinus
734 2027 978 2090 adjutorio
988 2043 1102 2076 usus
1112 2025 1405 2075 AEdilbercti
1414 2025 1554 2089 regiS,
1568 2024 1850 2073 convocavit

98 2108 160 2157 ad
174 2125 314 2156 suum
332 2109 624 2173 colloquium
648 2110 895 2174 episcopos
914 2110 1015 2159 sive
1038 2111 1256 2158 doctores
1274 2109 1509 2173 proximae
1560 2127 1798 2169 Augustinus

99 2178 386 2240 Brettonum
403 2193 665 2256 provinciae
680 2194 735 2241 in
752 2194 882 2242 loco⁶
907 2192 992 2256 qui
1010 2209 1163 2256 usque
1180 2192 1321 2240 hodie
1340 2193 1509 2255 lingua
1547 2177 1813 2268 ἓῧᾯῖῗζέε

97 2273 372 2338 Anglorum
398 2283 410 2302 ‘
425 2275 741 2339 Augustinaes
765 2276 848 2335 ac‚'
875 2276 926 2323 id
949 2278 1035 2335 est,
1055 2275 1205 2323 robur
1222 2274 1502 2338 Augustini,

1588 2277 1756 2315 tinaesac,

152 2382 167 2405 ¹
195 2383 323 2436 Aelli]
355 2384 439 2424 Son
457 2385 503 2424 of
516 2385 597 2430 1ffi.
613 2399 660 2425 or
673 2386 786 2432 Yffe,
799 2385 891 2425 who
906 2385 946 2425 is
999 2385 1206 2424 Matthew
1239 2384 1288 2423 of
1321 2384 1616 2424 Westminster
1654 2382 1774 2422 dates
1814 2381 1849 2420 it
1891 2353 1894 2357 -

97 2439 363 2490 represented
378 2440 435 2492 by
449 2440 493 2479 N
496 2440 640 2480 ennius
655 2454 700 2480 as
716 2438 942 2492 Hengest’s

97 2493 291 2544 nephew;
322 2495 410 2534 said
439 2499 483 2534 to
510 2495 619 2535 have
646 2495 817 2548 reigned
834 2495 942 2534 from

97 2558 188 2588 Am.
213 2560 292 2600 559
312 2553 355 2588 to
374 2560 460 2590 Μ).
487 2550 578 2601 588.

152 2601 169 2624 ²
189 2603 443 2655 pontfflcem]
480 2605 524 2644 J.
555 2605 766 2645 Diaconus
798 2604 942 2644 makes

96 2657 179 2698 this
216 2671 320 2710 pope
358 2658 608 2699 Benedictus
641 2659 678 2706 I,
709 2670 799 2700 ΑΔ).
836 2668 943 2711 574—

100 2715 179 2764 578
193 2726 202 2760 3
219 2712 266 2751 P.
280 2713 489 2753 Diaconus
502 2714 643 2753 makes
650 2714 738 2753 him
746 2714 943 2766 Pelagius

98 2768 162 2815 11,
183 2777 272 2805 ΑΔ).
295 2768 496 2818 578-590.

153 2822 169 2845 ³
190 2821 379 2874 potuere]
401 2823 477 2861 See
498 2823 634 2863 Milm.·
656 2823 700 2863 ii.
727 2823 817 2864 106.

152 2875 168 2899 4
197 2877 447 2929 opinionem]
490 2877 542 2916 In
580 2877 653 2917 the
686 2878 787 2918 time
825 2877 873 2917 of
894 2877 938 2918 J.

99 2932 230 2979 Diae„
249 2941 334 2971 A.D.
357 2933 449 2983 870,
471 2931 589 2971 there
610 2946 716 2971 were
736 2932 944 2972 Histories

98 2986 145 3026 of
157 2986 392 3037 Gregorius’
411 2986 504 3025 Life
522 2986 604 3025 and
624 2987 823 3026 Miracles
842 2987 942 3040 pub-

97 3041 380 3147 Ηοέγῖἱῧεῇἳ
399 3041 666 3135 {352321133
689 3042 944 3135 ⁴Jt'h22'fr0ffi

99 3149 172 3189 the
191 3149 324 3189 battle
350 3150 398 3189 of
413 3150 648 3202 Degsastan
667 3109 824 3202 ξεινίης
841 3151 947 3191 been

98 3205 333 3244 mentioned
351 3205 490 3245 before
506 3205 552 3251 it,
565 3204 661 3244 that
679 3205 764 3244 this
782 3206 942 3245 council

96 3258 195 3299 took
214 3259 331 3312 place
344 3260 390 3300 in
404 3270 494 3302 Λα).
513 3259 605 3311 603,
624 3273 670 3300 οι·
683 3259 800 3303 after.
838 3260 940 3302 And

996 2450 1087 2479 A.D.
1102 2440 1196 2490 603.
1231 2439 1289 2479 H.
1338 2439 1425 2479 But
1439 2440 1511 2478 the
1525 2437 1713 2478 Annales
1729 2437 1848 2475 Cam·

996 2495 1097 2534 briae
1144 2494 1241 2533 date
1289 2494 1361 2534 the
1408 2494 1540 2548 synod
1586 2493 1632 2533 of
1664 2492 1846 2543 Bangor,

997 2559 1083 2590 ΑΛ).
1104 2547 1198 2589 601.
1248 2549 1366 2589 stev..

1052 2605 1068 2628 ⁵
1090 2605 1138 2644 in
1155 2605 1238 2644 loco
1252 2635 1260 2644 .
1280 2634 1289 2645 .
1305 2633 1314 2643 .
1327 2603 1579 2657 appellatur]
1602 2603 1691 2642 The
1706 2601 1850 2641 Hwic-

998 2672 1066 2699 cas
1093 2659 1310 2698 inhabited
1337 2659 1394 2699 all
1421 2658 1775 2699 Gloucestershire
1803 2660 1848 2695 to

998 2714 1072 2754 the
1115 2717 1203 2754 east
1241 2714 1286 2753 of
1318 2714 1390 2753 the
1429 2715 1594 2760 Severn‚
1633 2712 1738 2753 with
1774 2711 1847 2750 the

998 2769 1086 2820 city
1114 2769 1159 2807 of
1188 2769 1369 2817 Biistol;
1413 2770 1470 2808 all
1498 2766 1846 2808 Worcestershire

1000 2828 1144 2875 except
1181 2823 1254 2863 the
1295 2829 1479 2864 extreme
1526 2824 1847 2863 north-western

998 2882 1104 2931 part,
1144 2878 1306 2931 beyond
1343 2879 1416 2918 the
1452 2879 1603 2924 Teme3
1654 2877 1737 2917 and
1775 2874 1846 2913 the

1000 2933 1195 2972 southern
1208 2933 1303 2973 half
1310 2933 1692 2973 ofWarwickshire.
1725 2931 1844 2970 Cam-

999 2988 1093 3036 den,
1141 2988 1184 3026 ii.
1226 2997 1319 3041 474.
1380 2987 1697 3040 Consequently,
1734 2983 1845 3024 their

999 3043 1192 3095 territory
1231 3043 1369 3082 would
1414 3043 1557 3082 march
1599 3041 1703 3080 with
1750 3039 1844 3077 that

1002 3098 1050 3137 of
1063 3097 1250 3144 Wessex,
1271 3098 1393 3150 along
1418 3098 1491 3137 the
1523 3095 1722 3135 northern
1748 3092 1841 3131 bor-

1002 3152 1075 3192 der
1112 3153 1161 3191 of
1201 3153 1273 3192 the
1312 3156 1480 3204 present
1517 3151 1722 3190 Somerset
1759 3145 1843 3186 and

999 3206 1231 3253 Wiltshire,
1261 3207 1345 3247 and
1373 3207 1445 3246 the
1482 3209 1660 3245 western
1692 3202 1842 3241 border

995 3261 1043 3302 of
1073 3262 1339 3303 Oxfordshire
1385 3260 1469 3301 and
1514 3260 1558 3300 N
1560 3258 1844 3310 orthampton-
