2216 3554
332 202 425 247 1⁷2
906 199 1136 250 Historia
1168 195 1505 249 Ecclesiastica
1849 194 2077 267 [13111111.

326 329 526 378 modum
573 330 672 380 sola
717 331 803 380 illa
849 332 1039 381 destina
1057 333 1075 360 ¹
1122 332 1199 382 cui
1249 332 1531 381 incumbens
1592 329 1728 390 obiit,
1776 330 1838 379 ab
1884 331 2080 395 ignibus

327 413 508 460 circum
555 419 727 461 cuncta
773 415 1071 476 vorantibus,
1117 416 1308 464 absumi
1355 432 1452 463 non
1507 414 1686 477 potuit.
1778 413 1888 473 Quo
1935 415 2081 462 clare-

329 501 488 542 scente
524 495 769 556 miraculo,
794 514 906 544 mox
940 497 1122 546 ibidem
1157 497 1354 546 ecclesia
1382 500 1664 555 restaurata,
1694 499 1744 543 et
1779 496 1880 544 haec
1915 496 2082 544 eadem

329 576 517 625 destina
551 577 604 624 in
639 578 992 627 munimentum
1028 586 1101 627 est
1135 580 1348 643 parietis,
1381 586 1437 627 ut
1472 583 1586 627 ante
1621 579 1793 637 fuerat,
1818 577 2084 626 forinsecus

329 657 562 721 adposita.
635 660 943 726 Rursumque
989 668 1182 725 peracto
1229 666 1444 725 tempore
1491 660 1754 724 aliquanto,
1798 660 1960 708 evenit
1998 676 2085 723 per

329 740 519 802 culpam
570 741 782 803 incuriae,
831 745 994 792 vicum
1041 745 1261 804 eundem,
1308 748 1359 791 et
1405 743 1561 807 ipsam
1607 742 1792 805 pariter
1834 742 2086 790 ecclesiam

329 821 524 885 ignibus
548 826 778 873 consumi.
852 827 948 875 Sed
972 843 1031 874 ne
1055 831 1171 874 tunc
1204 826 1401 890 quidem
1434 826 1636 873 eandem
1670 830 1868 887 tangere
1892 825 2087 872 flamma

330 905 570 954 destinam
612 908 830 957 valebat:
878 913 928 956 et
974 925 1083 956 cum
1121 925 1295 971 magno
1337 908 1508 971 utique
1556 907 1792 955 miraculo
1838 907 1944 970 ipsa
1985 908 2088 966 ejus

331 987 570 1035 foramina
631 989 924 1052 ingrediens,
974 990 1150 1054 quibus
1197 990 1401 1038 aedificio
1449 994 1554 1038 erat
1600 989 1775 1048 adfixa,
1823 989 2085 1052 perederet,

332 1069 487 1132 ipsam
510 1076 676 1124 tamen
700 1073 874 1121 laedere
898 1074 1175 1121 nullatenus
1199 1052 1460 1120 sinebatur.
1513 1073 1658 1120 Unde
1682 1071 1828 1120 tertio
1853 1071 2090 1119 aedificata

332 1152 400 1199 ibi
425 1153 635 1212 ecclesia,
661 1155 899 1203 destinam
931 1155 1067 1204 illam
1090 1173 1189 1203 non
1221 1161 1277 1203 ut
1309 1158 1452 1203 antea
1475 1154 1652 1202 deforis
1676 1155 1726 1201 in
1752 1154 2090 1202 fulcimentum

334 1234 505 1283 domus
547 1237 878 1299 adposuerunt
895 1255 908 1298 ,·
958 1238 1041 1287 sed
1078 1237 1210 1285 intro
1243 1237 1400 1300 ipsam
1434 1236 1682 1284 ecclesiam
1716 1236 1770 1283 in
1807 1236 2090 1284 memoriam

333 1315 553 1365 miraculi
599 1323 882 1380 posuerunt,
931 1321 1016 1368 ubi
1062 1320 1303 1368 intrantes
1350 1336 1477 1383 genu
1536 1319 1740 1378 flectere,
1796 1335 1852 1365 ac
1902 1316 2090 1365 miseri-

334 1399 512 1448 cordiae
547 1401 725 1449 caelesti
762 1403 1035 1466 supplicare
1071 1403 1313 1451 deberent.
1386 1401 1683 1465 Constatque
1724 1400 1906 1448 mult0s
1941 1416 2002 1448 ex
2036 1415 2093 1447 eo

333 1485 552 1545 tempore
599 1484 806 1547 gratiam
854 1485 1076 1534 sanitatis
1135 1485 1187 1532 in
1234 1485 1403 1533 eodem
1450 1484 1554 1532 loco
1602 1487 1913 1532 consecutos:
1974 1482 2094 1546 quin

335 1565 483 1612 etiam
507 1566 678 1614 astulis
703 1584 762 1614 ex
791 1566 897 1630 ipsa
931 1569 1119 1616 destina
1151 1568 1324 1616 excisis
1356 1571 1405 1616 et
1440 1567 1493 1614 in
1525 1583 1698 1630 aquam
1733 1566 1906 1625 missis,
1930 1565 2094 1629 plures

336 1647 431 1695 sibi
454 1648 648 1712 suisque
672 1650 962 1713 languorum
985 1651 1196 1699 remedia
1219 1650 1533 1713 conquisiere.

406 1731 592 1795 Scripsi
638 1738 804 1780 autem
851 1733 956 1782 haec
1002 1735 1061 1782 de
1107 1751 1310 1798 persona
1356 1737 1406 1781 et
1452 1731 1681 1796 operibus
1727 1731 1824 1779 viri
1869 1730 2092 1794 praefa'ti;

410 1854 614 1891 Charanter
676 1833 981 1880 nequaquam
1023 1817 1075 1864 in
1112 1833 1168 1864 eo
1215 1816 1416 1863 laudans
1462 1814 1540 1863 vel
1586 1814 1768 1876 eligens
1814 1813 1918 1871 hoc,
1963 1812 2094 1876 quod

407 1905 449 1937 of
459 1904 602 1947 Bishop
676 1894 735 1941 de
778 1894 1109 1943 observatione
1149 1894 1335 1958 paschae
1382 1892 1542 1940 minus
1588 1892 1797 1955 perfecte
1844 1891 2091 1955 sapiebat:

440 1954 574 1989 Auian.
683 1975 832 2024 immo
873 1977 963 2024 hoc
998 1977 1207 2025 multum
1248 1977 1505 2034 detestans,
1537 1974 1664 2022 sicut
1700 1974 1753 2021 in
1786 1974 1912 2021 libro
1948 1990 2094 2037 quem

338 2054 399 2101 de
445 2055 761 2119 Temporibus
807 2059 1067 2122 composui,
1116 2058 1506 2106 manifestissime
1561 2056 1780 2120 probavi,
1827 2056 1911 2103 sed
1958 2056 2095 2119 quasi

338 2154 485 2185 verax
520 2138 792 2200 historicus,
817 2141 1101 2205 simpliciter
1125 2158 1180 2189 ea
1213 2158 1319 2204 quae
1353 2140 1412 2188 de
1447 2140 1530 2187 illo
1563 2139 1663 2186 sive
1693 2155 1780 2202 per
1803 2138 1946 2186 illum
1980 2142 2096 2186 sunt

338 2227 491 2283 gesta,
534 2222 820 2283 describens,
860 2241 916 2272 ea
963 2242 1071 2287 quae
1118 2224 1259 2272 laude
1302 2229 1416 2272 sunt
1463 2222 1612 2285 digna
1657 2222 1709 2268 in
1756 2221 1860 2284 ejus
1907 2221 2096 2269 actibus

288 2337 293 2342 -
339 2303 555 2363 laudans,
580 2309 725 2368 atque
760 2307 822 2354 ad
856 2306 1120 2355 utilitatem
1153 2306 1420 2370 legentium
1452 2305 1697 2352 memoriae
1730 2304 2094 2352 commendans:

341 2386 557 2433 studium
581 2387 808 2437 videlicet
842 2389 974 2452 pacis
1007 2394 1057 2437 et
1089 2389 1319 2448 caritatis,
1355 2387 1667 2436 continentiae
1700 2391 1749 2435 et
1776 2386 2067 2434 humilitatis
2082 2403 2095 2445 ς

340 2469 556 2518 animum
580 2470 665 2518 irae
690 2478 739 2520 et
762 2472 977 2520 avaritiae
1002 2472 1250 2531 victorem,
1269 2470 1506 2534 superbiae
1531 2470 1674 2517 simul
1700 2475 1748 2518 et
1771 2486 1908 2518 vanae
1930 2469 2096 2532 gloriae

341 2556 750 2615 contemptorem;
798 2554 1087 2602 industriam
1122 2554 1330 2602 faciendi
1365 2553 1510 2601 simul
1548 2556 1597 2600 et
1632 2552 1835 2600 docendi
1871 2551 2097 2599 mandata

342 2634 564 2695 caelestia,
579 2635 841 2684 sollertiam
865 2637 1083 2685 lectionis
1108 2642 1156 2685 et
1179 2635 1472 2700 vigiliarum,
1487 2634 1827 2685 auctoritatem
1843 2627 2096 2682 *sacerdote

343 2718 554 2780 dignam,
591 2718 915 2782 redarguendi
950 2720 1179 2783 superbos
1215 2737 1270 2767 00
1303 2723 1538 2783 potentes,
1576 2717 1761 2782 pariter
1795 2721 1846 2764 et
1880 2715 2097 2765 infirmos

344 2800 637 2858 consolandi,
680 2817 735 2848 00
775 2818 1012 2864 pauperes
1048 2801 1294 2850 recreandi
1334 2802 1413 2849 vel
1453 2799 1743 2848 defendendi
1778 2798 2096 2846 clementiam.

345 2882 458 2943 Qui,
495 2887 553 2930 ut
597 2883 812 2930 breviter
848 2885 1003 2932 multa
1049 2884 1464 2947 comprehendam,
1504 2886 1744 2946 quantum
1790 2881 1852 2928 ab
1899 2879 1968 2928 eis
2012 2878 2097 2941 qui

344 2966 484 3013 illum
509 2981 684 3012 novere
711 2965 984 3024 didicimus,
1010 2966 1079 3015 nil
1114 2984 1175 3014 ex
1211 2966 1433 3014 omnibus
1469 2982 1578 3028 quae
1609 2964 1663 3011 in
1691 2961 1995 3025 evangelicis,
2019 2961 2098 3031 vel

345 3047 622 3112 apostolicis
657 3048 757 3096 sive
787 3048 1084 3112 propheticis
1118 3049 1273 3097 literis
1308 3049 1526 3097 facienda
1558 3049 1861 3109 cognoverat,
1897 3049 2098 3111 praeter-

402 3144 416 3167 ¹
445 3143 629 3196 destina]
659 3144 778 3185 Used
804 3145 861 3198 by
879 3144 1114 3190 Vitruvius,
1134 3145 1199 3184 De
1252 3158 1308 3191 v.,
1335 3157 1429 3196 says
1456 3144 1551 3183 that
1577 3143 1622 3181 in
1647 3141 1873 3182 Vitruvian
1899 3138 2099 3179 architec-

348 3200 655 3248 Arehitectura,
678 3213 719 3239 v.
737 3210 799 3245 12,
819 3204 863 3238 to
877 3212 999 3238 mean
1018 3212 1044 3237 a
1062 3199 1196 3250 clamp
1253 3202 1347 3238 ture
1385 3212 1410 3239 a
1454 3204 1464 3219 ‘
1478 3198 1643 3237 destina
1657 3197 1668 3212 ’
1706 3208 1790 3235 was
1835 3207 1891 3233 an
1929 3193 2098 3244 upright

347 3259 393 3292 to
413 3255 515 3293 bind
538 3255 728 3306 together
753 3254 1013 3306 subaqueous
1031 3254 1196 3292 timber.
1253 3254 1386 3306 pillar,
1409 3254 1454 3293 in
1471 3252 1623 3293 Gothic
1642 3265 1669 3291 a
1686 3251 1816 3303 flying
1835 3249 2032 3289 buttresS.

350 3308 588 3357 Hensehen,
617 3309 771 3362 quoted
798 3309 856 3363 by
884 3310 954 3349 Du
984 3308 1125 3361 Gange
1155 3309 1198 3347 in
1502 3332 1507 3344 .
