2216 3554
185 258 304 308 CAP.
324 254 515 326 xxv11.]
810 256 975 306 Gentis
1007 255 1298 318 Anylorum.
1862 259 1924 305 59

184 390 414 438 habentes
439 388 650 439 subsidia
672 388 858 436 furtum
888 390 1170 450 perpetrant
1188 402 1202 448 ;
1239 390 1287 434 et
1321 389 1434 435 sunt
1467 387 1549 435 alii
1574 386 1660 450 qui
1684 387 1773 435 hac
1797 387 1849 435 in
1873 404 1926 435 re

185 489 246 520 ex
290 473 455 536 inopia
489 472 811 535 delinquunt:
866 470 994 518 unde
1029 482 1218 518 necesse
1266 474 1340 518 est
1387 473 1444 517 ut
1486 470 1683 534 quidam
1721 469 1925 528 damnis,

184 555 383 618 quidam
412 572 526 604 vero
556 552 864 612 verberibus3
902 557 952 600 et
986 551 1183 615 quidam
1218 552 1500 611 districtius,
1538 553 1735 616 quidam
1766 558 1927 599 autem

182 638 338 686 levius
363 635 678 699 corrigantur.
748 634 813 682 Et
842 650 954 681 cum
978 634 1122 697 paulo
1148 634 1415 683 districtius
1439 635 1615 698 agitur,
1641 651 1703 681 ex
1727 633 1928 681 caritate

181 720 421 782 agendum
455 723 541 776 est,
577 721 627 764 et
659 733 756 763 non
791 732 851 763 ex
891 716 1079 764 furore:
1135 717 1251 779 quia
1296 717 1388 780 ipsi
1415 717 1514 765 *hoc
1547 721 1807 780 praestatur
1842 715 1928 778 qui

184 801 455 864 corrigitur,
479 816 539 847 ne
562 798 789 862 gehennae
812 797 1004 861 ignibus
1027 798 1262 848 tradatur.
1334 799 1414 848 Sic
1439 799 1567 847 enim
1591 816 1678 847 nos
1702 798 1927 846 fidelibus

182 889 343 931 tenere
375 881 675 945 disciplinam
710 880 948 940 debemus,
987 881 1112 929 sicut
1145 882 1260 930 boni
1296 888 1456 951 patres
1504 882 1778 930 carnalibus
1816 880 1928 928 filiis

182 965 348 1024 solent,
370 981 490 1028 quos
514 967 674 1026 et2pro
699 963 852 1026 culpis
875 963 1161 1012 verberibus
1183 964 1377 1025 feriunt,
1405 970 1454 1013 et
1477 969 1638 1013 tamen
1657 964 1786 1028 ipsos
1806 980 1928 1027 quos

182 1047 425 1095 doloribus
457 1046 696 1109 adfligunt
726 1045 903 1094 habere
940 1045 1138 1094 heredes
1170 1053 1429 1110 quaerunt3
1468 1053 1516 1095 ct
1548 1035 1657 1111 quae
1679 1047 1929 1111 possident

182 1130 299 1193 ipsis
338 1134 531 1177 servant
566 1145 686 1193 quos
731 1128 845 1177 irati
893 1128 1085 1193 insequi
1119 1128 1362 1181 videntur.
1449 1130 1568 1179 Haec
1604 1147 1717 1193 ergo
1753 1129 1929 1178 caritas

181 1212 233 1260 in
279 1217 439 1260 mente
474 1212 680 1260 tenenda
715 1217 800 1271 est,
837 1215 887 1259 et
920 1211 1026 1275 ipsa
1072 1212 1270 1260 modum
1305 1212 1622 1275 correptionis
1658 1212 1824 1271 dictat,
1859 1212 1929 1259 ita

179 1298 237 1342 ut
270 1310 406 1342 mens
440 1299 579 1341 extra
606 1293 816 1341 ¹rationis
850 1294 1068 1357 regulam
1103 1295 1299 1343 omnino
1345 1294 1469 1342 nihil
1509 1294 1667 1343 faciat.
1758 1291 1929 1342 Addes

181 1376 343 1436 etiam,
383 1376 622 1440 quomodo
659 1393 715 1424 ea
751 1393 857 1439 quae
892 1377 1029 1424 furtu
1063 1377 1124 1425 de
1159 1377 1368 1425 ecclesiis
1406 1377 1694 1425 abstulerint
1728 1377 1929 1426 reddere

180 1459 397 1507 debeant.
468 1457 562 1506 Sed
585 1458 711 1506 absit
733 1464 790 1506 ut
822 1458 1018 1507 ecclesi-a
1053 1476 1163 1507 cum
1197 1464 1455 1522 augmento
1490 1459 1692 1523 recipiat
1716 1460 1846 1523 quod
1870 1459 1930 1507 de

180 1542 384 1590 terrenis
407 1541 551 1588 rebus
574 1540 770 1589 videtur
793 1541 1032 1601 amittere,
1058 1547 1107 1590 et
1130 1542 1265 1590 lucra
1289 1542 1349 1590 de
1372 1542 1509 1590 vanis
1534 1542 1777 1606 quaerere?

246 1624 343 1674 IV.
375 1623 707 1686 ›Interrogatio
741 1622 1023 1687 Augustini.
1098 1629 1110 1649 ‘
1129 1624 1183 1673 Si
1218 1625 1422 1672 debeant
1456 1625 1552 1672 duo
1587 1624 1805 1685 germani
1835 1624 1928 1673 fra-

181 1711 281 1755 tres
306 1706 518 1769 singulas
543 1723 725 1754 sorores
758 1706 984 1770 accipere,
1023 1724 1131 1771 quae
1161 1711 1282 1756 sunt
1313 1707 1374 1755 ab
1406 1707 1504 1755 illis
1536 1708 1678 1771 longa
1700 1708 1929 1771 progenie

178 1789 450 1852 generatae'l
471 1787 482 1806 ’

244 1869 521 1934 Respondit
543 1869 818 1934 Gregorius.
864 1875 875 1897 ‘
896 1870 1006 1920 Hoc
1029 1871 1137 1920 fieri
1156 1871 1314 1920 modis
1339 1871 1561 1920 omnibus
1578 1872 1721 1920 licet:
1748 1889 1928 1935 nequa-

180 1971 325 2018 quam
360 1953 487 2001 enim
525 1953 578 2000 in
628 1953 774 2002 sacris
828 1954 1029 2018 eloquiis
1078 1954 1327 2004 invenitur
1375 1954 1504 2018 quod
1557 1954 1670 2002 huic
1719 1954 1931 2018 capitulo

180 2035 504 2086 contradicere
527 2035 779 2084 videatur.’

247 2119 312 2169 V.
332 2118 675 2187 *Interrogatio
698 2117 980 2183 Augustini.
1037 2119 1240 2184 ‘Usque
1265 2121 1326 2168 ad
1351 2123 1549 2184 quotam
1569 2119 1929 2184 generationem

179 2199 342 2248 fideles
383 2200 588 2249 debeant
636 2218 745 2249 cum
788 2201 1073 2265 propinquis
1111 2202 1212 2250 sibi
1268 2202 1485 2266 conjugio
1533 2202 1748 2266 copulari
1768 2201 1822 2249 12
1881 2206 1932 2250 et

180 2283 397 2331 novercis
436 2286 484 2332 et
520 2283 737 2345 cognatis
774 2284 816 2332 si
852 2284 996 2332 liceat
1033 2285 1249 2349 copulari
1284 2284 1571 2349 conjugiol'

247 2366 520 2429 Respondit
561 2365 840 2429 Gregorius.
913 2372 923 2392 ‘
942 2366 1208 2428 Quaedam2
1248 2371 1441 2415 terrena
1486 2367 1566 2415 lex
1612 2366 1664 2414 in
1712 2366 1932 2415 Romana

180 2450 428 2512 republica
450 2449 710 2513 permittit,
735 2454 794 2498 ut
817 2450 918 2499 sive
950 2450 1099 2498 frater
1124 2456 1172 2499 et
1197 2467 1343 2510 soror,
1370 2468 1455 2499 seu
1487 2451 1694 2498 duorum
1725 2450 1932 2498 fratrum

180 2548 522 2594 germanorum
573 2531 650 2580 vel
698 2532 905 2580 duarum
956 2549 1179 2580 sororum
1222 2532 1357 2580 'filius
1393 2537 1442 2581 et
1487 2532 1587 2580 filia
1622 2533 1928 2582 misceantur.

183 2613 281 2661 Sed
305 2614 634 2677 experimento
663 2614 938 2674 didicimus,
963 2632 1025 2663 ex
1061 2615 1395 2679 tali-conjugio
1421 2615 1633 2664 sobolem
1666 2632 1761 2663 non
1794 2632 1935 2679 posse

182 2712 508 2745 succrescere:
560 2701 608 2746 et
658 2713 792 2746 sacra
825 2698 907 2746 lex
953 2697 1182 2761 prohibet
1228 2698 1526 2762 cognationis
1574 2697 1931 2762 turpitudinem

234 2818 248 2841 ²
276 2818 481 2872 copulari]
540 2819 628 2859 The
647 2820 915 2860 Benedictine
941 2819 1024 2859 edi-

181 2874 270 2914 tion
308 2874 448 2913 makes
485 2873 558 2914 the
590 2875 683 2913 fifth
715 2875 906 2926 question
945 2875 1026 2914 end

181 2929 285 2968 with
305 2928 389 2967 this
409 2929 533 2975 word,
553 2929 636 2968 and
656 2929 728 2968 the
747 2930 840 2968 fifth
867 2943 1027 2970 answer

181 2983 262 3023 end
283 2983 384 3022 with
406 2989 415 3004 ‘
431 2984 674 3035 sanguinem
694 2982 830 3025 fudit.)

236 3037 252 3059 ²
284 3038 483 3086 Qaaedam
525 3069 534 3077 .
577 3069 587 3078 .
628 3067 639 3078 .
675 3038 904 3090 republica]
962 3039 1027 3091 By

181 3092 434 3132 Theodosius
480 3092 553 3132 the
597 3094 801 3144 marriage
853 3094 899 3133 of
938 3094 1028 3133 first

181 3148 343 3186 cousins
376 3147 459 3186 had
491 3148 596 3187 been
622 3146 850 3193 forbidden,
878 3149 1025 3190 Aurel.

181 3201 331 3241 Victor
359 3203 402 3240 in
424 3202 607 3250 Theod.;
644 3202 722 3241 but
747 3202 783 3241 it
811 3202 893 3242 had
922 3203 1026 3242 been

182 3255 380 3308 legalized
426 3257 551 3309 again
597 3256 652 3308 by
690 3257 897 3297 Arcadius
942 3258 1025 3297 and

183 3310 407 3351 Honorius.
478 3312 538 3353 St.
577 3311 827 3363 Angustiae,
864 3312 1025 3366 though

1081 2820 1234 2872 calling
1261 2820 1297 2860 it
1328 2821 1484 2869 lawfuI,
1515 2820 1779 2874 disapproves
1812 2819 1859 2859 of
1881 2820 1928 2866 it,

1082 2876 1146 2915 De
1159 2876 1342 2916 Civitate
1357 2877 1451 2923 Dei,
1465 2890 1533 2916 xv.
1550 2876 1620 2925 163
1648 2876 1733 2915 and
1747 2877 1783 2914 it
1798 2887 1929 2914 seems

1081 2930 1176 2970 that
1195 2931 1268 2970 the
1287 2944 1495 2984 emperors
1513 2944 1618 2983 gave
1632 2931 1929 2982 dispensations

1080 2985 1142 3024 for
1196 2985 1299 3025 such
1354 2988 1591 3038 marriageS‚
1640 2985 1775 3024 which
1820 2997 1928 3023 were

1081 3040 1288 3080 therefore
1342 3041 1439 3093 only
1486 3040 1758 3093 exceptional.
1841 3038 1928 3077 But

1082 3096 1112 3136 J
1115 3095 1297 3134 ustinian
1331 3096 1566 3135 authorizes
1605 3095 1733 3138 them,
1764 3092 1869 3132 Inst.
1899 3092 1926 3133 i.

1086 3160 1148 3196 10,
1167 3164 1207 3202 p.
1233 3159 1323 3201 107,
1347 3151 1540 3190 Sandars.
1597 3150 1686 3197 See,
1707 3151 1788 3191 too,
1807 3147 1927 3186 Grat.

1082 3217 1176 3256 pars
1195 3205 1258 3244 II.
1273 3218 1384 3247 caus.
1404 3218 1528 3244 xxxv.
1548 3217 1588 3255 q.
1613 3216 1631 3242 2
1653 3202 1735 3241 and
1756 3213 1793 3252 3,
1817 3205 1837 3250 ξ
1863 3213 1926 3247 20,

1080 3273 1121 3312 p.
1144 3258 1262 3312 1146.
