2216 3554
282 134 379 178 344
853 130 1082 179 Historia
1113 130 1452 180 Ecclesia-stica
1820 132 1951 203 [Lus.
1971 154 2020 187 v.

281 267 553 324 sumerent3
597 262 742 311 simul
777 267 828 311 et
863 263 923 312 de
957 269 1168 312 tonsuras
1203 264 1344 312 modo
1367 264 1445 312 vel
1479 264 1663 314 ratione
1697 283 1794 330 qua
1827 267 2020 317 clericos

278 345 502 408 insigniri
525 346 740 394 deceret:
778 353 976 410 excepto
999 347 1130 410 quod
1153 347 1301 395 etiam
1331 346 1436 409 ipse
1458 346 1511 394 in
1538 347 1616 395 his
1650 365 1746 396 non
1780 365 1930 412 parva
1960 367 2021 399 ex

278 433 418 491 parte
453 435 576 477 esset
610 429 840 478 imbutus.
911 430 1009 479 Sed
1042 435 1092 478 et
1126 428 1413 477 architectos
1449 429 1540 477 sibi
1577 430 1710 479 mitti
1744 431 1900 494 petiit,
1938 433 2023 495 qui

270 511 415 573 juxta
449 529 631 560 morem
656 512 988 560 Romanorum
1022 512 1268 560 ecclesiam
1302 513 1362 560 de
1396 511 1555 575 lapide
1570 513 1586 540 ¹
1609 513 1662 560 in
1693 519 1838 577 gente
1871 514 2023 578 ipsius

276 594 502 653 facerent,
538 594 823 658 promittens
859 595 980 643 hanc
1013 594 1066 642 in
1100 594 1331 642 honorem
1364 593 1495 643 beati
1529 595 1856 659 apostolorum
1889 597 2021 661 prin-

276 677 398 741 cipis
421 678 765 737 dedicandam3
804 695 853 727 se
889 694 1080 741 quoque
1103 677 1263 740 ipsum
1298 694 1410 725 cum
1444 677 1544 726 suis
1579 679 1804 727 omnibus
1839 696 2022 728 morem

276 765 452 808 sanctae
487 760 715 808 Romanae
752 765 801 808 et
841 759 1114 823 apostolicae
1150 759 1358 807 ecclesiae
1393 776 1581 823 semper
1614 759 1934 820 imitaturum,
1972 763 2022 810 in

276 848 512 906 quantum
535 842 790 890 dumtaxat
812 846 913 889 tam
936 842 1078 904 longe
1113 858 1142 889 a
1165 841 1497 890 Romanorum
1519 843 1710 906 loquela
1742 850 1792 892 et
1825 844 2022 893 natione

275 925 514 990 segregati
560 925 689 973 hunc
727 924 934 973 ediscere
979 923 1265 988 potuissent.
1336 923 1486 987 Cujus
1526 925 1763 989 religiosis
1799 926 1926 974 votis
1966 944 2022 975 ac

273 1008 497 1072 precibus
521 1008 686 1055 favens
710 1007 1127 1055 reverentissimus
1162 1006 1286 1055 abba
1309 1006 1539 1067 Ceolfrid,
1565 1007 1702 1056 misit
1734 1007 2022 1058 architectos

275 1107 393 1153 quos
416 1089 689 1153 petebatur,
714 1088 849 1136 misit
872 1088 946 1136 illi
969 1096 1018 1137 et
1042 1088 1230 1136 litteras
1244 1088 1263 1115 ²
1287 1089 1488 1152 scriptas
1511 1090 1562 1136 in
1586 1090 1716 1138 hunc
1742 1090 1967 1139 modum:

345 1179 356 1200 ‘
373 1171 586 1220 Domino
603 1171 1004 1219 excellentissimo
1022 1175 1072 1219 et
1087 1170 1431 1234 gloriosissimo
1449 1172 1553 1235 regi
1568 1173 1793 1232 Naitano,
1810 1173 2022 1223 Ceolfrid

316 1296 400 1330 who
413 1304 578 1330 answers
614 1253 790 1302 abbas
777 1271 830 1301 1n
846 1253 1060 1302 Domino
1078 1254 1298 1302 salutem.
1340 1253 1642 1303 Catholicam
1661 1255 1815 1304 sancti
1833 1256 2020 1319 paschae

348 1347 430 1381 him
446 1346 496 1388 by
511 1356 535 1381 a
613 1335 989 1395 observantiam,
1005 1353 1149 1399 quam
1165 1336 1360 1395 anobis,
1376 1354 1462 1385 rex
1478 1337 1580 1385 Deo
1595 1337 1781 1397 devote,
1797 1338 2021 1403 religioso

383 1395 508 1432 letter.
614 1418 776 1468 studio
814 1417 1042 1481 quaesisti,
1081 1417 1441 1481 promptissime
1482 1435 1537 1467 ac
1576 1419 1893 1469 libentissime
1933 1426 2021 1468 tuo

272 1502 524 1561 desiderio,
557 1504 698 1565 juxta
734 1501 862 1564 quod
896 1500 958 1548 ab
999 1500 1263 1564 apostolica
1303 1500 1413 1549 sede
1446 1501 1716 1562 didicimus,
1753 1504 2021 1566 patefacere

219 1642 225 1655 x
270 1585 547 1650 satagimus,
621 1584 810 1634 Scimus
845 1600 1052 1647 namque
1090 1583 1273 1632 caelitus
1308 1591 1485 1633 sanctae
1522 1585 1733 1636 ecclesiae
1772 1587 2020 1645 donatum,

270 1669 494 1733 quotiens
540 1667 635 1732 ipsi
681 1684 844 1715 rerum
885 1667 1070 1714 domini
1112 1666 1365 1727 discendae,
1407 1667 1650 1727 docendae,
1692 1668 2019 1717 custodiendae

268 1751 462 1801 veritati
486 1767 680 1814 operam
705 1749 1006 1813 impendunt.
1067 1749 1195 1797 Nam
1219 1754 1269 1798 et
1285 1766 1398 1798 vere
1423 1750 1620 1798 omnino
1639 1750 1768 1799 dixit
1787 1751 1985 1815 quidam
2000 1751 2017 1778 ³

268 1834 570 1883 saecularium
594 1833 902 1896 scriptorum,
928 1831 1043 1895 quia
1065 1832 1341 1881 felicissimo
1365 1833 1575 1880 mundus
1610 1836 1744 1881 statu
1778 1839 2016 1896 ageretur,

267 1916 309 1964 si
327 1917 403 1964 vel
427 1934 563 1979 reges
587 1915 1057 1979 philosopharentur,
1073 1914 1152 1962 vel
1175 1918 1434 1978 regnarent
1460 1915 1750 1979 philosophi.
1811 1916 1954 1977 Quod
1978 1917 2018 1965 si

269 2000 327 2048 de
346 1998 650 2062 philosophia
669 1998 811 2060 hujus
830 1996 1001 2044 mundi
1019 2013 1132 2045 vere
1151 1996 1442 2059 intellegere,
1462 1997 1522 2045 de
1542 2002 1672 2046 statu
1690 1998 1831 2061 hujus
1850 2000 2017 2047 mundi

269 2081 442 2130 merito
467 2081 669 2144 diligere
692 2079 853 2143 potuit
875 2079 1020 2128 homo
1045 2079 1190 2143 hujus
1214 2079 1412 2139 mundi;
1450 2086 1632 2143 quanto
1654 2081 1807 2144 magis
1831 2081 2018 2131 civibus

266 2164 438 2228 patriae
463 2163 666 2212 caelestis
689 2162 741 2210 in
764 2163 855 2211 hoc
874 2163 1057 2210 mundo
1075 2161 1493 2226 peregrinantibus
1517 2163 1780 2226 optandum
1801 2169 1874 2212 est
1891 2170 1940 2213 et
1964 2165 2015 2212 in

265 2247 382 2295 totis
406 2246 557 2294 animi
580 2245 766 2295 viribus
801 2245 1184 2309 supplicandum,
1209 2249 1266 2292 ut
1290 2261 1386 2308 quo
1409 2244 1519 2308 plus
1543 2244 1595 2292 in
1627 2246 1810 2294 mundo
1833 2246 2017 2310 quique

265 2330 439 2389 valent,
476 2346 531 2377 eo
567 2328 776 2392 amplius
811 2328 913 2392 ejus
949 2326 1034 2391 qui
1069 2344 1214 2391 super
1248 2327 1410 2375 omnia
1445 2331 1518 2375 est
1551 2327 1583 2376 J
1587 2327 1742 2376 udicis
1776 2330 2016 2378 mandatis

263 2412 538 2460 auscultare
562 2411 868 2470 contendant,
894 2415 1040 2474 atque
1075 2410 1137 2458 ad
1161 2410 1262 2459 haec
1286 2410 1584 2459 observanda
1607 2427 1767 2460 secum
1791 2428 1873 2461 eos
1896 2429 2014 2476 quo·

265 2511 356 2559 que
380 2494 464 2558 qui
488 2494 578 2542 sibi
603 2493 845 2542 commissi
877 2502 990 2542 sunt
1024 2493 1260 2556 exemplis
1295 2492 1440 2540 simul
1465 2497 1515 2540 et
1549 2493 1838 2543 auctoritate
1875 2494 2013 2543 insti-

262 2579 437 2625 tuant‘l
508 2577 624 2624 Tres
671 2580 785 2624 sunt
832 2592 945 2639 ergo
983 2576 1163 2640 regulae
1210 2575 1356 2624 sacris
1396 2575 1564 2624 inditae
1606 2576 1800 2638 litteris,
1838 2577 2015 2639 quibus

262 2659 449 2724 paschae
509 2659 786 2707 celebrandi
830 2663 1024 2722 tempus
1082 2658 1222 2707 nobis
1278 2658 1585 2722 praefinitum,
1634 2660 1769 2707 nulla
1814 2677 2013 2724 prorsus

262 2743 475 2790 humana
510 2740 622 2789 licet
657 2741 943 2790 auctoritate
979 2741 1188 2801 mutari;
1237 2757 1263 2789 e
1299 2741 1473 2805 quibus
1508 2741 1616 2791 duae
1651 2741 1706 2790 in
1730 2743 1860 2807 Lege
1885 2743 2011 2791 Mosi

261 2823 497 2873 divinitus
531 2827 740 2883 statutae,
776 2824 924 2872 tertia
963 2823 1017 2871 in
1053 2824 1320 2888 Evangelio
1360 2841 1448 2887 per
1482 2824 1703 2873 effectum
1740 2825 2011 2874 Dominicae

261 2906 499 3000 passionis
533 2911 582 2954 et
615 2906 982 2955 resurrectionis
1016 2907 1244 2970 adjuncta
1266 2911 1352 2962 est.
1423 2906 1666 2971 Praecepit
1689 2906 1816 2955 enim
1851 2908 1931 2956 lex
1954 2912 2012 2956 ut

315 3036 331 3060 ¹
359 3037 565 3078 ecclesiam
584 3037 634 3077 de
659 3035 814 3088 lapide]
854 3037 931 3076 See
955 3051 996 3089 p.
1023 3050 1112 3089 144,
1166 3037 1287 3077 when
1311 3037 1365 3077 he
1384 3051 1470 3077 was
1495 3051 1521 3077 a
1546 3038 1673 3077 monk
1692 3041 1737 3078 at
1754 3038 1918 3079 Jarrow
1937 3052 2011 3078 un-

262 3093 365 3131 with
386 3098 496 3139 note,
521 3092 605 3132 and
624 3091 753 3144 Lapp
776 3092 804 3130 i.
831 3099 921 3141 177.
1167 3092 1240 3132 der
1258 3091 1404 3131 Abbot
1422 3092 1615 3133 Ceolfrid.
1674 3093 1715 3134 S.

316 3145 332 3168 ²
360 3147 532 3199 litteras]
553 3147 598 3186 It
611 3160 685 3186 can
698 3146 845 3197 hardly
859 3146 911 3185 be
925 3145 1106 3186 doubted
1257 3147 1369 3188 dixit
1407 3147 1593 3201 quidam]
1647 3147 1782 3199 Plato,
1823 3148 1890 3188 De
1926 3147 2008 3187 Re-

261 3202 354 3242 that
375 3202 459 3242 this
473 3202 621 3242 letter
609 3215 644 3241 is
655 3200 783 3241 Beda’
786 3214 806 3240 s
820 3214 924 3246 own,
940 3202 1106 3241 written
1159 3202 1339 3254 publica,
1359 3216 1399 3242 v.
1426 3204 1487 3244 18.
