<?xml version="1.0" encoding="UTF-8"?>
<!DOCTYPE html PUBLIC "-//W3C//DTD XHTML 1.0 Transitional//EN"
    "http://www.w3.org/TR/xhtml1/DTD/xhtml1-transitional.dtd">
<html xmlns="http://www.w3.org/1999/xhtml" xml:lang="en" lang="en">
 <head>
  <title>
</title>
<meta http-equiv="Content-Type" content="text/html;charset=utf-8" />
  <meta name='ocr-system' content='tesseract 3.04.00' />
  <meta name='ocr-capabilities' content='ocr_page ocr_carea ocr_par ocr_line ocrx_word'/>
</head>
<body>
  <div class='ocr_page' id='page_1' title='image "./historiaecclesia00bedeuoft_0305.png"; bbox 0 0 2216 3554; ppageno 0'>
   <div class='ocr_carea' id='block_1_1' title="bbox 131 164 1882 235">
    <p class='ocr_par' dir='ltr' id='par_1_1' title="bbox 131 164 1882 235">
     <span class='ocr_line' id='line_1_1' title="bbox 131 164 1882 235; baseline 0 -18"><span class='ocrx_word' id='word_1_1' title='bbox 131 168 251 217; x_wconf 76' lang='lat' dir='ltr'>CAP.</span> <span class='ocrx_word' id='word_1_2' title='bbox 270 164 418 235; x_wconf 67' lang='lat' dir='ltr'><strong>xxv]</strong></span> <span class='ocrx_word' id='word_1_3' title='bbox 717 197 720 200; x_wconf 59' lang='lat'><em>&gt;</em></span> <span class='ocrx_word' id='word_1_4' title='bbox 770 168 936 217; x_wconf 70' lang='lat' dir='ltr'>Gentis</span> <span class='ocrx_word' id='word_1_5' title='bbox 968 167 1255 229; x_wconf 69' lang='lat' dir='ltr'>Anqlorum.</span> <span class='ocrx_word' id='word_1_6' title='bbox 1786 172 1882 217; x_wconf 89' lang='grc'>273</span> 
     </span>
    </p>
   </div>
   <div class='ocr_carea' id='block_1_2' title="bbox 118 297 1886 3168">
    <p class='ocr_par' dir='ltr' id='par_1_2' title="bbox 122 297 1886 2097">
     <span class='ocr_line' id='line_1_2' title="bbox 133 297 1886 364; baseline -0.001 -15"><span class='ocrx_word' id='word_1_7' title='bbox 133 301 308 364; x_wconf 90' lang='lat' dir='ltr'>quibus</span> <span class='ocrx_word' id='word_1_8' title='bbox 354 300 660 364; x_wconf 85' lang='lat' dir='ltr'>gravabatur,</span> <span class='ocrx_word' id='word_1_9' title='bbox 709 299 840 347; x_wconf 89' lang='lat' dir='ltr'>ocius</span> <span class='ocrx_word' id='word_1_10' title='bbox 882 298 1184 346; x_wconf 88' lang='lat' dir='ltr'>desiderabat</span> <span class='ocrx_word' id='word_1_11' title='bbox 1222 297 1441 346; x_wconf 87' lang='lat' dir='ltr'>absolvi:</span> <span class='ocrx_word' id='word_1_12' title='bbox 1494 303 1505 325; x_wconf 87' lang='lat'>‘</span> <span class='ocrx_word' id='word_1_13' title='bbox 1522 297 1886 348; x_wconf 86' lang='lat' dir='ltr'>Adolescentior</span> 
     </span>
     <span class='ocr_line' id='line_1_3' title="bbox 132 379 1884 446; baseline 0 -18"><span class='ocrx_word' id='word_1_14' title='bbox 132 383 267 441; x_wconf 89' lang='lat' dir='ltr'>sum‚’</span> <span class='ocrx_word' id='word_1_15' title='bbox 302 382 478 446; x_wconf 83' lang='lat' dir='ltr'>inquit,</span> <span class='ocrx_word' id='word_1_16' title='bbox 518 386 698 439; x_wconf 87' lang='lat' dir='ltr'>‘aetate,</span> <span class='ocrx_word' id='word_1_17' title='bbox 735 384 786 428; x_wconf 90' lang='lat' dir='ltr'>et</span> <span class='ocrx_word' id='word_1_18' title='bbox 824 383 1026 443; x_wconf 82' lang='lat' dir='ltr'>vegetus</span> <span class='ocrx_word' id='word_1_19' title='bbox 1065 396 1295 442; x_wconf 87' lang='lat' dir='ltr'>corpore:</span> <span class='ocrx_word' id='word_1_20' title='bbox 1334 379 1584 442; x_wconf 70' lang='lat' dir='ltr'>:quidquid</span> <span class='ocrx_word' id='word_1_21' title='bbox 1625 380 1747 428; x_wconf 90' lang='lat' dir='ltr'>mihi</span> <span class='ocrx_word' id='word_1_22' title='bbox 1793 381 1884 428; x_wconf 89' lang='lat' dir='ltr'>im-</span> 
     </span>
     <span class='ocr_line' id='line_1_4' title="bbox 130 462 1885 528; baseline -0.001 -17"><span class='ocrx_word' id='word_1_23' title='bbox 130 465 348 526; x_wconf 81' lang='lat' dir='ltr'>posueris</span> <span class='ocrx_word' id='word_1_24' title='bbox 373 465 626 528; x_wconf 87' lang='lat' dir='ltr'>agendum,</span> <span class='ocrx_word' id='word_1_25' title='bbox 652 463 915 510; x_wconf 89' lang='lat' dir='ltr'>dummodo</span> <span class='ocrx_word' id='word_1_26' title='bbox 946 462 1104 510; x_wconf 85' lang='lat' dir='ltr'>salvus</span> <span class='ocrx_word' id='word_1_27' title='bbox 1137 462 1250 509; x_wconf 87' lang='lat' dir='ltr'>fiam</span> <span class='ocrx_word' id='word_1_28' title='bbox 1286 462 1340 509; x_wconf 93' lang='lat' dir='ltr'>in</span> <span class='ocrx_word' id='word_1_29' title='bbox 1372 462 1450 509; x_wconf 89' lang='lat' dir='ltr'>die</span> <span class='ocrx_word' id='word_1_30' title='bbox 1483 462 1697 521; x_wconf 88' lang='lat' dir='ltr'>Domini,</span> <span class='ocrx_word' id='word_1_31' title='bbox 1723 469 1885 510; x_wconf 89' lang='lat' dir='ltr'>totum</span> 
     </span>
     <span class='ocr_line' id='line_1_5' title="bbox 130 544 1882 609; baseline -0.001 -16"><span class='ocrx_word' id='word_1_32' title='bbox 130 547 269 594; x_wconf 84' lang='lat' dir='ltr'>facile</span> <span class='ocrx_word' id='word_1_33' title='bbox 293 547 457 606; x_wconf 87' lang='lat' dir='ltr'>feram,</span> <span class='ocrx_word' id='word_1_34' title='bbox 483 546 673 594; x_wconf 88' lang='lat' dir='ltr'>etiamsi</span> <span class='ocrx_word' id='word_1_35' title='bbox 696 549 850 592; x_wconf 89' lang='lat' dir='ltr'>totam</span> <span class='ocrx_word' id='word_1_36' title='bbox 874 548 1067 592; x_wconf 91' lang='lat' dir='ltr'>noctem</span> <span class='ocrx_word' id='word_1_37' title='bbox 1100 545 1276 592; x_wconf 87' lang='lat' dir='ltr'>stando</span> <span class='ocrx_word' id='word_1_38' title='bbox 1308 544 1360 591; x_wconf 92' lang='lat' dir='ltr'>in</span> <span class='ocrx_word' id='word_1_39' title='bbox 1385 544 1609 607; x_wconf 80' lang='lat' dir='ltr'>precibus</span> <span class='ocrx_word' id='word_1_40' title='bbox 1639 561 1882 609; x_wconf 84' lang='lat' dir='ltr'>peragere,</span> 
     </span>
     <span class='ocr_line' id='line_1_6' title="bbox 129 627 1884 693; baseline -0.001 -15"><span class='ocrx_word' id='word_1_41' title='bbox 129 631 171 678; x_wconf 86' lang='lat' dir='ltr'>si</span> <span class='ocrx_word' id='word_1_42' title='bbox 209 630 448 693; x_wconf 86' lang='lat' dir='ltr'>integram</span> <span class='ocrx_word' id='word_1_43' title='bbox 493 629 811 692; x_wconf 75' lang='lat' dir='ltr'>septimanam</span> <span class='ocrx_word' id='word_1_44' title='bbox 853 628 1023 690; x_wconf 88' lang='lat' dir='ltr'>jubeas</span> <span class='ocrx_word' id='word_1_45' title='bbox 1054 627 1355 675; x_wconf 40' lang='lat' dir='ltr'>«abstinendo</span> <span class='ocrx_word' id='word_1_46' title='bbox 1383 627 1695 689; x_wconf 58' lang='lat' dir='ltr'>transigere)</span> <span class='ocrx_word' id='word_1_47' title='bbox 1784 629 1884 690; x_wconf 74' lang='lat' dir='ltr'>Qui</span> 
     </span>
     <span class='ocr_line' id='line_1_7' title="bbox 130 704 1885 774; baseline 0.001 -16"><span class='ocrx_word' id='word_1_48' title='bbox 130 711 286 759; x_wconf 84' lang='lat' dir='ltr'>dixit:</span> <span class='ocrx_word' id='word_1_49' title='bbox 327 716 339 737; x_wconf 92' lang='lat'><em>‘</em></span> <span class='ocrx_word' id='word_1_50' title='bbox 355 712 573 759; x_wconf 88' lang='lat' dir='ltr'>Multum</span> <span class='ocrx_word' id='word_1_51' title='bbox 597 704 673 758; x_wconf 51' lang='lat' dir='ltr'>est¹</span> <span class='ocrx_word' id='word_1_52' title='bbox 693 715 753 758; x_wconf 91' lang='lat' dir='ltr'>ut</span> <span class='ocrx_word' id='word_1_53' title='bbox 778 714 883 757; x_wconf 89' lang='lat' dir='ltr'>tota</span> <span class='ocrx_word' id='word_1_54' title='bbox 907 709 1177 773; x_wconf 76' lang='lat' dir='ltr'>septimana</span> <span class='ocrx_word' id='word_1_55' title='bbox 1208 710 1390 773; x_wconf 82' lang='lat' dir='ltr'>absque</span> <span class='ocrx_word' id='word_1_56' title='bbox 1414 709 1647 758; x_wconf 87' lang='lat' dir='ltr'>alimento</span> <span class='ocrx_word' id='word_1_57' title='bbox 1671 713 1885 774; x_wconf 89' lang='lat' dir='ltr'>corporis</span> 
     </span>
     <span class='ocr_line' id='line_1_8' title="bbox 129 780 1883 856; baseline 0.001 -16"><span class='ocrx_word' id='word_1_58' title='bbox 129 794 360 856; x_wconf 83' lang='lat' dir='ltr'>perdures</span> <span class='ocrx_word' id='word_1_59' title='bbox 376 811 389 854; x_wconf 88' lang='lat'>;</span> <span class='ocrx_word' id='word_1_60' title='bbox 428 794 511 842; x_wconf 89' lang='lat' dir='ltr'>sed</span> <span class='ocrx_word' id='word_1_61' title='bbox 536 780 802 841; x_wconf 86' lang='lat' dir='ltr'>biduanum</span> <span class='ocrx_word' id='word_1_62' title='bbox 825 792 903 841; x_wconf 87' lang='lat' dir='ltr'>vel</span> <span class='ocrx_word' id='word_1_63' title='bbox 938 792 1225 840; x_wconf 89' lang='lat' dir='ltr'>triduanum</span> <span class='ocrx_word' id='word_1_64' title='bbox 1259 798 1334 840; x_wconf 90' lang='lat' dir='ltr'>sat</span> <span class='ocrx_word' id='word_1_65' title='bbox 1370 798 1443 840; x_wconf 90' lang='lat' dir='ltr'>est</span> <span class='ocrx_word' id='word_1_66' title='bbox 1476 793 1729 841; x_wconf 89' lang='lat' dir='ltr'>observare</span> <span class='ocrx_word' id='word_1_67' title='bbox 1757 796 1883 856; x_wconf 82' lang='lat' dir='ltr'>jeju-</span> 
     </span>
     <span class='ocr_line' id='line_1_9' title="bbox 128 874 1882 938; baseline -0.001 -13"><span class='ocrx_word' id='word_1_68' title='bbox 128 878 279 925; x_wconf 90' lang='lat' dir='ltr'>nium.</span> <span class='ocrx_word' id='word_1_69' title='bbox 351 877 462 924; x_wconf 89' lang='lat' dir='ltr'>Hoc</span> <span class='ocrx_word' id='word_1_70' title='bbox 487 876 648 935; x_wconf 86' lang='lat' dir='ltr'>facito,</span> <span class='ocrx_word' id='word_1_71' title='bbox 674 875 825 922; x_wconf 91' lang='lat' dir='ltr'>donec</span> <span class='ocrx_word' id='word_1_72' title='bbox 860 880 973 938; x_wconf 92' lang='lat' dir='ltr'>post</span> <span class='ocrx_word' id='word_1_73' title='bbox 1005 874 1250 922; x_wconf 85' lang='lat' dir='ltr'>modicum</span> <span class='ocrx_word' id='word_1_74' title='bbox 1283 880 1473 938; x_wconf 88' lang='lat' dir='ltr'>tempus</span> <span class='ocrx_word' id='word_1_75' title='bbox 1506 875 1695 923; x_wconf 86' lang='lat' dir='ltr'>rediens</span> <span class='ocrx_word' id='word_1_76' title='bbox 1724 877 1786 924; x_wconf 90' lang='lat' dir='ltr'>ad</span> <span class='ocrx_word' id='word_1_77' title='bbox 1818 882 1882 936; x_wconf 90' lang='lat' dir='ltr'>te,</span> 
     </span>
     <span class='ocr_line' id='line_1_10' title="bbox 129 956 1883 1023; baseline -0.001 -15"><span class='ocrx_word' id='word_1_78' title='bbox 129 960 248 1023; x_wconf 85' lang='lat' dir='ltr'>quid</span> <span class='ocrx_word' id='word_1_79' title='bbox 271 960 424 1008; x_wconf 84' lang='lat' dir='ltr'>facere</span> <span class='ocrx_word' id='word_1_80' title='bbox 449 959 633 1017; x_wconf 84' lang='lat' dir='ltr'>debeas,</span> <span class='ocrx_word' id='word_1_81' title='bbox 660 963 708 1006; x_wconf 89' lang='lat' dir='ltr'>et</span> <span class='ocrx_word' id='word_1_82' title='bbox 733 957 967 1020; x_wconf 85' lang='lat' dir='ltr'>quamdiu</span> <span class='ocrx_word' id='word_1_83' title='bbox 991 956 1290 1020; x_wconf 80' lang='lat' dir='ltr'>poenitentiae</span> <span class='ocrx_word' id='word_1_84' title='bbox 1315 957 1552 1016; x_wconf 78' lang='lat' dir='ltr'>insistere,</span> <span class='ocrx_word' id='word_1_85' title='bbox 1578 958 1670 1006; x_wconf 89' lang='lat' dir='ltr'>tibi</span> <span class='ocrx_word' id='word_1_86' title='bbox 1693 959 1883 1022; x_wconf 89' lang='lat' dir='ltr'>plenius</span> 
     </span>
     <span class='ocr_line' id='line_1_11' title="bbox 126 1039 1879 1104; baseline -0.002 -12"><span class='ocrx_word' id='word_1_87' title='bbox 126 1041 405 1092; x_wconf 61' lang='lat' dir='ltr'>ostendam?</span> <span class='ocrx_word' id='word_1_88' title='bbox 477 1041 666 1102; x_wconf 83' lang='lat' dir='ltr'>Quibus</span> <span class='ocrx_word' id='word_1_89' title='bbox 696 1040 855 1099; x_wconf 89' lang='lat' dir='ltr'>dictis,</span> <span class='ocrx_word' id='word_1_90' title='bbox 881 1043 931 1087; x_wconf 92' lang='lat' dir='ltr'>et</span> <span class='ocrx_word' id='word_1_91' title='bbox 964 1039 1204 1103; x_wconf 89' lang='lat' dir='ltr'>descripta</span> <span class='ocrx_word' id='word_1_92' title='bbox 1236 1039 1308 1086; x_wconf 91' lang='lat' dir='ltr'>illi</span> <span class='ocrx_word' id='word_1_93' title='bbox 1343 1057 1567 1088; x_wconf 85' lang='lat' dir='ltr'>mensura</span> <span class='ocrx_word' id='word_1_94' title='bbox 1597 1041 1879 1104; x_wconf 92' lang='lat' dir='ltr'>poenitendi,</span> 
     </span>
     <span class='ocr_line' id='line_1_12' title="bbox 126 1122 1881 1187; baseline -0.001 -15"><span class='ocrx_word' id='word_1_95' title='bbox 126 1125 247 1173; x_wconf 89' lang='lat' dir='ltr'>abiit</span> <span class='ocrx_word' id='word_1_96' title='bbox 288 1125 519 1183; x_wconf 85' lang='lat' dir='ltr'>sacerdos,</span> <span class='ocrx_word' id='word_1_97' title='bbox 558 1128 608 1172; x_wconf 91' lang='lat' dir='ltr'>et</span> <span class='ocrx_word' id='word_1_98' title='bbox 648 1123 906 1187; x_wconf 84' lang='lat' dir='ltr'>ingruente</span> <span class='ocrx_word' id='word_1_99' title='bbox 953 1138 1096 1170; x_wconf 92' lang='lat' dir='ltr'>causa</span> <span class='ocrx_word' id='word_1_100' title='bbox 1141 1122 1317 1182; x_wconf 89' lang='lat' dir='ltr'>subita,</span> <span class='ocrx_word' id='word_1_101' title='bbox 1357 1123 1550 1171; x_wconf 90' lang='lat' dir='ltr'>secessit</span> <span class='ocrx_word' id='word_1_102' title='bbox 1592 1123 1881 1173; x_wconf 90' lang='lat' dir='ltr'>Hiberniam</span> 
     </span>
     <span class='ocr_line' id='line_1_13' title="bbox 125 1205 1880 1270; baseline -0.001 -14"><span class='ocrx_word' id='word_1_103' title='bbox 125 1207 253 1257; x_wconf 88' lang='lat' dir='ltr'>unde</span> <span class='ocrx_word' id='word_1_104' title='bbox 289 1207 526 1270; x_wconf 82' lang='lat' dir='ltr'>originem</span> <span class='ocrx_word' id='word_1_105' title='bbox 562 1207 785 1265; x_wconf 86' lang='lat' dir='ltr'>duxerat,</span> <span class='ocrx_word' id='word_1_106' title='bbox 821 1223 978 1269; x_wconf 92' lang='lat' dir='ltr'>neque</span> <span class='ocrx_word' id='word_1_107' title='bbox 1006 1205 1139 1252; x_wconf 86' lang='lat' dir='ltr'>ultra</span> <span class='ocrx_word' id='word_1_108' title='bbox 1174 1205 1236 1252; x_wconf 91' lang='lat' dir='ltr'>ad</span> <span class='ocrx_word' id='word_1_109' title='bbox 1273 1222 1382 1252; x_wconf 91' lang='lat' dir='ltr'>eum</span> <span class='ocrx_word' id='word_1_110' title='bbox 1413 1207 1557 1267; x_wconf 85' lang='lat' dir='ltr'>juxta</span> <span class='ocrx_word' id='word_1_111' title='bbox 1593 1223 1731 1254; x_wconf 92' lang='lat' dir='ltr'>suum</span> <span class='ocrx_word' id='word_1_112' title='bbox 1770 1225 1880 1255; x_wconf 91' lang='lat' dir='ltr'>con-</span> 
     </span>
     <span class='ocr_line' id='line_1_14' title="bbox 124 1286 1880 1352; baseline 0 -14"><span class='ocrx_word' id='word_1_113' title='bbox 124 1291 311 1339; x_wconf 85' lang='lat' dir='ltr'>dictum</span> <span class='ocrx_word' id='word_1_114' title='bbox 334 1289 496 1339; x_wconf 77' lang='lat' dir='ltr'>rediIt.</span> <span class='ocrx_word' id='word_1_115' title='bbox 566 1290 639 1337; x_wconf 92' lang='lat' dir='ltr'>At</span> <span class='ocrx_word' id='word_1_116' title='bbox 667 1289 769 1352; x_wconf 90' lang='lat' dir='ltr'>ipse</span> <span class='ocrx_word' id='word_1_117' title='bbox 793 1305 977 1336; x_wconf 88' lang='lat' dir='ltr'>memor</span> <span class='ocrx_word' id='word_1_118' title='bbox 998 1286 1231 1350; x_wconf 70' lang='lat' dir='ltr'>praecepti</span> <span class='ocrx_word' id='word_1_119' title='bbox 1254 1289 1357 1349; x_wconf 85' lang='lat' dir='ltr'>ejus</span> <span class='ocrx_word' id='word_1_120' title='bbox 1390 1287 1536 1335; x_wconf 89' lang='lat' dir='ltr'>simul</span> <span class='ocrx_word' id='word_1_121' title='bbox 1569 1292 1619 1336; x_wconf 88' lang='lat' dir='ltr'>et</span> <span class='ocrx_word' id='word_1_122' title='bbox 1650 1290 1880 1352; x_wconf 86' lang='lat' dir='ltr'>promissi</span> 
     </span>
     <span class='ocr_line' id='line_1_15' title="bbox 124 1370 1879 1434; baseline -0.001 -12"><span class='ocrx_word' id='word_1_123' title='bbox 124 1374 212 1431; x_wconf 77' lang='lat' dir='ltr'>sui,</span> <span class='ocrx_word' id='word_1_124' title='bbox 256 1379 416 1422; x_wconf 87' lang='lat' dir='ltr'>totum</span> <span class='ocrx_word' id='word_1_125' title='bbox 472 1389 521 1420; x_wconf 88' lang='lat' dir='ltr'>se</span> <span class='ocrx_word' id='word_1_126' title='bbox 566 1372 792 1434; x_wconf 88' lang='lat' dir='ltr'>lacrymis</span> <span class='ocrx_word' id='word_1_127' title='bbox 838 1370 1150 1434; x_wconf 77' lang='lat' dir='ltr'>poenitentiae,</span> <span class='ocrx_word' id='word_1_128' title='bbox 1200 1370 1382 1433; x_wconf 86' lang='lat' dir='ltr'>vigiliis</span> <span class='ocrx_word' id='word_1_129' title='bbox 1429 1370 1622 1429; x_wconf 87' lang='lat' dir='ltr'>sanctis,</span> <span class='ocrx_word' id='word_1_130' title='bbox 1666 1377 1716 1419; x_wconf 91' lang='lat' dir='ltr'>et</span> <span class='ocrx_word' id='word_1_131' title='bbox 1768 1390 1879 1421; x_wconf 91' lang='lat' dir='ltr'>con-</span> 
     </span>
     <span class='ocr_line' id='line_1_16' title="bbox 124 1453 1877 1518; baseline 0.001 -15"><span class='ocrx_word' id='word_1_132' title='bbox 124 1455 341 1504; x_wconf 84' lang='lat' dir='ltr'>tinentiae</span> <span class='ocrx_word' id='word_1_133' title='bbox 366 1455 694 1518; x_wconf 66' lang='lat' dir='ltr'>mancipavit,</span> <span class='ocrx_word' id='word_1_134' title='bbox 731 1454 802 1502; x_wconf 89' lang='lat' dir='ltr'>ita</span> <span class='ocrx_word' id='word_1_135' title='bbox 826 1458 882 1502; x_wconf 92' lang='lat' dir='ltr'>ut</span> <span class='ocrx_word' id='word_1_136' title='bbox 914 1453 1086 1517; x_wconf 88' lang='lat' dir='ltr'>quinta</span> <span class='ocrx_word' id='word_1_137' title='bbox 1114 1453 1270 1501; x_wconf 90' lang='lat' dir='ltr'>solum</span> <span class='ocrx_word' id='word_1_138' title='bbox 1301 1453 1491 1501; x_wconf 86' lang='lat' dir='ltr'>sabbati</span> <span class='ocrx_word' id='word_1_139' title='bbox 1522 1458 1571 1502; x_wconf 92' lang='lat' dir='ltr'>et</span> <span class='ocrx_word' id='word_1_140' title='bbox 1602 1453 1877 1516; x_wconf 88' lang='lat' dir='ltr'>Dominica,</span> 
     </span>
     <span class='ocr_line' id='line_1_17' title="bbox 124 1526 1879 1602; baseline 0.001 -16"><span class='ocrx_word' id='word_1_141' title='bbox 124 1539 249 1587; x_wconf 88' lang='lat' dir='ltr'>sicut</span> <span class='ocrx_word' id='word_1_142' title='bbox 284 1538 507 1601; x_wconf 88' lang='lat' dir='ltr'>praedixi,</span> <span class='ocrx_word' id='word_1_143' title='bbox 542 1526 774 1594; x_wconf 88' lang='lat' dir='ltr'>reficeret,</span> <span class='ocrx_word' id='word_1_144' title='bbox 808 1535 995 1583; x_wconf 82' lang='lat' dir='ltr'>caeteris</span> <span class='ocrx_word' id='word_1_145' title='bbox 1032 1535 1314 1598; x_wconf 81' lang='lat' dir='ltr'>septimanae</span> <span class='ocrx_word' id='word_1_146' title='bbox 1344 1535 1513 1583; x_wconf 90' lang='lat' dir='ltr'>diebus</span> <span class='ocrx_word' id='word_1_147' title='bbox 1543 1537 1738 1599; x_wconf 82' lang='lat' dir='ltr'>jejunus</span> <span class='ocrx_word' id='word_1_148' title='bbox 1771 1556 1879 1602; x_wconf 87' lang='lat' dir='ltr'>per-</span> 
     </span>
     <span class='ocr_line' id='line_1_18' title="bbox 124 1618 1879 1683; baseline 0 -14"><span class='ocrx_word' id='word_1_149' title='bbox 124 1627 352 1669; x_wconf 81' lang='lat' dir='ltr'>maneret.</span> <span class='ocrx_word' id='word_1_150' title='bbox 447 1619 670 1683; x_wconf 84' lang='lat' dir='ltr'>Cumque</span> <span class='ocrx_word' id='word_1_151' title='bbox 726 1618 1026 1666; x_wconf 87' lang='lat' dir='ltr'>sacerdotem</span> <span class='ocrx_word' id='word_1_152' title='bbox 1081 1634 1223 1665; x_wconf 91' lang='lat' dir='ltr'>suum</span> <span class='ocrx_word' id='word_1_153' title='bbox 1278 1618 1572 1666; x_wconf 90' lang='lat' dir='ltr'>Hiberniam</span> <span class='ocrx_word' id='word_1_154' title='bbox 1633 1621 1879 1669; x_wconf 87' lang='lat' dir='ltr'>secessisse</span> 
     </span>
     <span class='ocr_line' id='line_1_19' title="bbox 123 1700 1879 1767; baseline 0.001 -17"><span class='ocrx_word' id='word_1_155' title='bbox 123 1703 285 1767; x_wconf 88' lang='lat' dir='ltr'>ibique</span> <span class='ocrx_word' id='word_1_156' title='bbox 321 1703 603 1751; x_wconf 85' lang='lat' dir='ltr'>defunctum</span> <span class='ocrx_word' id='word_1_157' title='bbox 642 1718 743 1749; x_wconf 89' lang='lat' dir='ltr'>esse</span> <span class='ocrx_word' id='word_1_158' title='bbox 786 1700 1013 1759; x_wconf 89' lang='lat' dir='ltr'>audisset,</span> <span class='ocrx_word' id='word_1_159' title='bbox 1051 1717 1238 1763; x_wconf 88' lang='lat' dir='ltr'>semper</span> <span class='ocrx_word' id='word_1_160' title='bbox 1279 1718 1340 1749; x_wconf 88' lang='lat' dir='ltr'>ex</span> <span class='ocrx_word' id='word_1_161' title='bbox 1382 1719 1437 1749; x_wconf 92' lang='lat' dir='ltr'>eo</span> <span class='ocrx_word' id='word_1_162' title='bbox 1477 1705 1694 1765; x_wconf 85' lang='lat' dir='ltr'>tempore</span> <span class='ocrx_word' id='word_1_163' title='bbox 1736 1705 1879 1765; x_wconf 86' lang='lat' dir='ltr'>juxta</span> 
     </span>
     <span class='ocr_line' id='line_1_20' title="bbox 122 1782 1875 1847; baseline 0 -13"><span class='ocrx_word' id='word_1_164' title='bbox 122 1786 399 1834; x_wconf 88' lang='lat' dir='ltr'>condictum</span> <span class='ocrx_word' id='word_1_165' title='bbox 440 1784 542 1847; x_wconf 87' lang='lat' dir='ltr'>ejus</span> <span class='ocrx_word' id='word_1_166' title='bbox 584 1787 918 1842; x_wconf 87' lang='lat' dir='ltr'>memoratum,</span> <span class='ocrx_word' id='word_1_167' title='bbox 962 1782 1275 1830; x_wconf 81' lang='lat' dir='ltr'>continentiae</span> <span class='ocrx_word' id='word_1_168' title='bbox 1317 1783 1516 1832; x_wconf 92' lang='lat' dir='ltr'>modum</span> <span class='ocrx_word' id='word_1_169' title='bbox 1558 1785 1875 1846; x_wconf 87' lang='lat' dir='ltr'>observabat;</span> 
     </span>
     <span class='ocr_line' id='line_1_21' title="bbox 122 1864 1878 1932; baseline -0.001 -15"><span class='ocrx_word' id='word_1_170' title='bbox 122 1875 171 1917; x_wconf 88' lang='lat' dir='ltr'>et</span> <span class='ocrx_word' id='word_1_171' title='bbox 219 1869 346 1932; x_wconf 90' lang='lat' dir='ltr'>quod</span> <span class='ocrx_word' id='word_1_172' title='bbox 383 1884 536 1916; x_wconf 84' lang='lat' dir='ltr'>causa</span> <span class='ocrx_word' id='word_1_173' title='bbox 583 1865 738 1913; x_wconf 89' lang='lat' dir='ltr'>divini</span> <span class='ocrx_word' id='word_1_174' title='bbox 785 1864 977 1914; x_wconf 82' lang='lat' dir='ltr'>timoris</span> <span class='ocrx_word' id='word_1_175' title='bbox 1025 1865 1173 1913; x_wconf 89' lang='lat' dir='ltr'>semel</span> <span class='ocrx_word' id='word_1_176' title='bbox 1216 1865 1277 1912; x_wconf 92' lang='lat' dir='ltr'>ob</span> <span class='ocrx_word' id='word_1_177' title='bbox 1321 1871 1512 1914; x_wconf 86' lang='lat' dir='ltr'>reatum</span> <span class='ocrx_word' id='word_1_178' title='bbox 1560 1874 1878 1931; x_wconf 85' lang='lat' dir='ltr'>compunctus</span> 
     </span>
     <span class='ocr_line' id='line_1_22' title="bbox 122 1948 1878 2015; baseline -0.001 -15"><span class='ocrx_word' id='word_1_179' title='bbox 122 1955 344 2015; x_wconf 85' lang='lat' dir='ltr'>coeperat,</span> <span class='ocrx_word' id='word_1_180' title='bbox 370 1953 472 2014; x_wconf 84' lang='lat' dir='ltr'>jam</span> <span class='ocrx_word' id='word_1_181' title='bbox 505 1966 646 1999; x_wconf 86' lang='lat' dir='ltr'>causa</span> <span class='ocrx_word' id='word_1_182' title='bbox 665 1948 833 1997; x_wconf 87' lang='lat' dir='ltr'>divini</span> <span class='ocrx_word' id='word_1_183' title='bbox 865 1948 1044 1996; x_wconf 90' lang='lat' dir='ltr'>amoris</span> <span class='ocrx_word' id='word_1_184' title='bbox 1068 1948 1332 1997; x_wconf 86' lang='lat' dir='ltr'>delectatus</span> <span class='ocrx_word' id='word_1_185' title='bbox 1365 1949 1581 2011; x_wconf 89' lang='lat' dir='ltr'>praemiis</span> <span class='ocrx_word' id='word_1_186' title='bbox 1613 1950 1878 1999; x_wconf 89' lang='lat' dir='ltr'>indefessus</span> 
     </span>
     <span class='ocr_line' id='line_1_23' title="bbox 122 2035 304 2097; baseline -0.005 -14"><span class='ocrx_word' id='word_1_187' title='bbox 122 2035 304 2097; x_wconf 84' lang='lat' dir='ltr'>agebat.</span> 
     </span>
    </p>

    <p class='ocr_par' dir='ltr' id='par_1_3' title="bbox 118 2114 1877 3168">
     <span class='ocr_line' id='line_1_24' title="bbox 186 2114 1877 2179; baseline -0.002 -14"><span class='ocrx_word' id='word_1_188' title='bbox 186 2116 332 2178; x_wconf 78' lang='lat' dir='ltr'>Quod</span> <span class='ocrx_word' id='word_1_189' title='bbox 378 2117 494 2163; x_wconf 91' lang='lat' dir='ltr'>dum</span> <span class='ocrx_word' id='word_1_190' title='bbox 541 2114 698 2163; x_wconf 88' lang='lat' dir='ltr'>multo</span> <span class='ocrx_word' id='word_1_191' title='bbox 744 2118 964 2176; x_wconf 85' lang='lat' dir='ltr'>tempore</span> <span class='ocrx_word' id='word_1_192' title='bbox 1020 2114 1214 2162; x_wconf 89' lang='lat' dir='ltr'>sedulus</span> <span class='ocrx_word' id='word_1_193' title='bbox 1262 2120 1620 2178; x_wconf 85' lang='lat' dir='ltr'>exsequeretur,</span> <span class='ocrx_word' id='word_1_194' title='bbox 1669 2116 1877 2179; x_wconf 84' lang='lat' dir='ltr'>contigit</span> 
     </span>
     <span class='ocr_line' id='line_1_25' title="bbox 121 2196 1875 2261; baseline -0.001 -14"><span class='ocrx_word' id='word_1_195' title='bbox 121 2216 231 2248; x_wconf 89' lang='lat' dir='ltr'>eum</span> <span class='ocrx_word' id='word_1_196' title='bbox 271 2198 350 2246; x_wconf 85' lang='lat' dir='ltr'>(lie</span> <span class='ocrx_word' id='word_1_197' title='bbox 390 2198 598 2261; x_wconf 85' lang='lat' dir='ltr'>quadam</span> <span class='ocrx_word' id='word_1_198' title='bbox 624 2197 696 2244; x_wconf 89' lang='lat' dir='ltr'>de</span> <span class='ocrx_word' id='word_1_199' title='bbox 739 2196 1031 2244; x_wconf 87' lang='lat' dir='ltr'>monasterio</span> <span class='ocrx_word' id='word_1_200' title='bbox 1073 2196 1158 2244; x_wconf 90' lang='lat' dir='ltr'>illo</span> <span class='ocrx_word' id='word_1_201' title='bbox 1199 2196 1391 2260; x_wconf 91' lang='lat' dir='ltr'>longius</span> <span class='ocrx_word' id='word_1_202' title='bbox 1432 2214 1690 2260; x_wconf 84' lang='lat' dir='ltr'>egressum,</span> <span class='ocrx_word' id='word_1_203' title='bbox 1730 2199 1875 2246; x_wconf 90' lang='lat' dir='ltr'>comi-</span> 
     </span>
     <span class='ocr_line' id='line_1_26' title="bbox 121 2272 1875 2344; baseline -0.001 -14"><span class='ocrx_word' id='word_1_204' title='bbox 121 2285 256 2330; x_wconf 83' lang='lat' dir='ltr'>tante</span> <span class='ocrx_word' id='word_1_205' title='bbox 287 2297 447 2329; x_wconf 89' lang='lat' dir='ltr'>secum</span> <span class='ocrx_word' id='word_1_206' title='bbox 481 2297 579 2328; x_wconf 92' lang='lat' dir='ltr'>uno</span> <span class='ocrx_word' id='word_1_207' title='bbox 615 2280 674 2328; x_wconf 90' lang='lat' dir='ltr'>de</span> <span class='ocrx_word' id='word_1_208' title='bbox 709 2279 956 2338; x_wconf 88' lang='lat' dir='ltr'>fratribus,</span> <span class='ocrx_word' id='word_1_209' title='bbox 991 2284 1185 2341; x_wconf 90' lang='lat' dir='ltr'>peracto</span> <span class='ocrx_word' id='word_1_210' title='bbox 1214 2278 1387 2327; x_wconf 90' lang='lat' dir='ltr'>itinere</span> <span class='ocrx_word' id='word_1_211' title='bbox 1421 2279 1609 2328; x_wconf 87' lang='lat' dir='ltr'>redire:</span> <span class='ocrx_word' id='word_1_212' title='bbox 1649 2280 1736 2344; x_wconf 91' lang='lat' dir='ltr'>qui</span> <span class='ocrx_word' id='word_1_213' title='bbox 1767 2272 1875 2328; x_wconf 89' lang='lat' dir='ltr'>cum</span> 
     </span>
     <span class='ocr_line' id='line_1_27' title="bbox 122 2361 1875 2426; baseline 0.001 -16"><span class='ocrx_word' id='word_1_214' title='bbox 122 2363 413 2411; x_wconf 88' lang='lat' dir='ltr'>monasterio</span> <span class='ocrx_word' id='word_1_215' title='bbox 448 2361 833 2426; x_wconf 88' lang='lat' dir='ltr'>propinquarent</span> <span class='ocrx_word' id='word_1_216' title='bbox 877 2365 927 2409; x_wconf 91' lang='lat' dir='ltr'>et</span> <span class='ocrx_word' id='word_1_217' title='bbox 953 2361 1169 2410; x_wconf 83' lang='lat' dir='ltr'>aedificia</span> <span class='ocrx_word' id='word_1_218' title='bbox 1210 2361 1343 2410; x_wconf 88' lang='lat' dir='ltr'>illius</span> <span class='ocrx_word' id='word_1_219' title='bbox 1383 2362 1672 2410; x_wconf 86' lang='lat' dir='ltr'>sublimiter</span> <span class='ocrx_word' id='word_1_220' title='bbox 1717 2369 1875 2412; x_wconf 79' lang='lat' dir='ltr'>erecta</span> 
     </span>
     <span class='ocr_line' id='line_1_28' title="bbox 120 2443 1872 2508; baseline 0.001 -15"><span class='ocrx_word' id='word_1_221' title='bbox 120 2445 402 2508; x_wconf 89' lang='lat' dir='ltr'>aspicerent,</span> <span class='ocrx_word' id='word_1_222' title='bbox 428 2445 613 2493; x_wconf 85' lang='lat' dir='ltr'>solutus</span> <span class='ocrx_word' id='word_1_223' title='bbox 646 2449 718 2492; x_wconf 88' lang='lat' dir='ltr'>est</span> <span class='ocrx_word' id='word_1_224' title='bbox 754 2444 806 2491; x_wconf 91' lang='lat' dir='ltr'>in</span> <span class='ocrx_word' id='word_1_225' title='bbox 840 2443 1069 2507; x_wconf 82' lang='lat' dir='ltr'>lacrymis</span> <span class='ocrx_word' id='word_1_226' title='bbox 1101 2443 1178 2491; x_wconf 87' lang='lat' dir='ltr'>vir</span> <span class='ocrx_word' id='word_1_227' title='bbox 1210 2444 1319 2503; x_wconf 89' lang='lat' dir='ltr'>Dei,</span> <span class='ocrx_word' id='word_1_228' title='bbox 1345 2449 1394 2492; x_wconf 93' lang='lat' dir='ltr'>et</span> <span class='ocrx_word' id='word_1_229' title='bbox 1425 2444 1680 2493; x_wconf 87' lang='lat' dir='ltr'>tristitiam</span> <span class='ocrx_word' id='word_1_230' title='bbox 1714 2446 1872 2494; x_wconf 87' lang='lat' dir='ltr'>cordis</span> 
     </span>
     <span class='ocr_line' id='line_1_29' title="bbox 120 2526 1874 2591; baseline 0.001 -16"><span class='ocrx_word' id='word_1_231' title='bbox 120 2528 262 2576; x_wconf 88' lang='lat' dir='ltr'>vultu</span> <span class='ocrx_word' id='word_1_232' title='bbox 307 2527 462 2576; x_wconf 87' lang='lat' dir='ltr'>indice</span> <span class='ocrx_word' id='word_1_233' title='bbox 506 2527 753 2591; x_wconf 89' lang='lat' dir='ltr'>prodebat.</span> <span class='ocrx_word' id='word_1_234' title='bbox 843 2526 987 2586; x_wconf 80' lang='lat' dir='ltr'>Quod</span> <span class='ocrx_word' id='word_1_235' title='bbox 1033 2526 1228 2574; x_wconf 87' lang='lat' dir='ltr'>intuens</span> <span class='ocrx_word' id='word_1_236' title='bbox 1276 2543 1448 2585; x_wconf 90' lang='lat' dir='ltr'>comes,</span> <span class='ocrx_word' id='word_1_237' title='bbox 1497 2544 1646 2591; x_wconf 91' lang='lat' dir='ltr'>quare</span> <span class='ocrx_word' id='word_1_238' title='bbox 1694 2529 1874 2578; x_wconf 87' lang='lat' dir='ltr'>faceret</span> 
     </span>
     <span class='ocr_line' id='line_1_30' title="bbox 120 2607 1874 2673; baseline 0.001 -15"><span class='ocrx_word' id='word_1_239' title='bbox 120 2609 388 2673; x_wconf 82' lang='lat' dir='ltr'>inquisivit.</span> <span class='ocrx_word' id='word_1_240' title='bbox 459 2608 531 2656; x_wconf 91' lang='lat' dir='ltr'>At</span> <span class='ocrx_word' id='word_1_241' title='bbox 561 2609 669 2658; x_wconf 90' lang='lat' dir='ltr'>ille:</span> <span class='ocrx_word' id='word_1_242' title='bbox 708 2607 953 2667; x_wconf 86' lang='lat' dir='ltr'>‘Cuncta,’</span> <span class='ocrx_word' id='word_1_243' title='bbox 978 2607 1152 2672; x_wconf 89' lang='lat' dir='ltr'>inquit,</span> <span class='ocrx_word' id='word_1_244' title='bbox 1180 2613 1191 2633; x_wconf 95' lang='lat'>‘</span> <span class='ocrx_word' id='word_1_245' title='bbox 1209 2608 1310 2658; x_wconf 87' lang='lat' dir='ltr'>haec</span> <span class='ocrx_word' id='word_1_246' title='bbox 1343 2626 1450 2673; x_wconf 86' lang='lat' dir='ltr'>quae</span> <span class='ocrx_word' id='word_1_247' title='bbox 1481 2611 1635 2658; x_wconf 89' lang='lat' dir='ltr'>cernis</span> <span class='ocrx_word' id='word_1_248' title='bbox 1669 2611 1874 2660; x_wconf 81' lang='lat' dir='ltr'>aedificia</span> 
     </span>
     <span class='ocr_line' id='line_1_31' title="bbox 120 2690 1872 2757; baseline 0.001 -17"><span class='ocrx_word' id='word_1_249' title='bbox 120 2692 312 2755; x_wconf 86' lang='lat' dir='ltr'>publica</span> <span class='ocrx_word' id='word_1_250' title='bbox 335 2691 411 2739; x_wconf 87' lang='lat' dir='ltr'>vel</span> <span class='ocrx_word' id='word_1_251' title='bbox 436 2691 640 2755; x_wconf 79' lang='lat' dir='ltr'>privata,</span> <span class='ocrx_word' id='word_1_252' title='bbox 661 2691 714 2738; x_wconf 92' lang='lat' dir='ltr'>in</span> <span class='ocrx_word' id='word_1_253' title='bbox 737 2690 961 2757; x_wconf 55' lang='lat' dir='ltr'>proximo</span> <span class='ocrx_word' id='word_1_254' title='bbox 980 2694 1053 2739; x_wconf 88' lang='lat' dir='ltr'>est</span> <span class='ocrx_word' id='word_1_255' title='bbox 1075 2694 1133 2738; x_wconf 90' lang='lat' dir='ltr'>ut</span> <span class='ocrx_word' id='word_1_256' title='bbox 1156 2690 1283 2754; x_wconf 87' lang='lat' dir='ltr'>ignis</span> <span class='ocrx_word' id='word_1_257' title='bbox 1307 2692 1563 2741; x_wconf 86' lang='lat' dir='ltr'>absumens</span> <span class='ocrx_word' id='word_1_258' title='bbox 1588 2693 1640 2740; x_wconf 93' lang='lat' dir='ltr'>in</span> <span class='ocrx_word' id='word_1_259' title='bbox 1660 2694 1872 2742; x_wconf 89' lang='lat' dir='ltr'>cinerem</span> 
     </span>
     <span class='ocr_line' id='line_1_32' title="bbox 120 2772 1873 2835; baseline 0.001 -12"><span class='ocrx_word' id='word_1_260' title='bbox 120 2774 396 2823; x_wconf 67' lang='lat' dir='ltr'>convertat!</span> <span class='ocrx_word' id='word_1_261' title='bbox 482 2774 625 2835; x_wconf 81' lang='lat' dir='ltr'>Quod</span> <span class='ocrx_word' id='word_1_262' title='bbox 665 2773 750 2822; x_wconf 91' lang='lat' dir='ltr'>ille</span> <span class='ocrx_word' id='word_1_263' title='bbox 790 2772 1006 2832; x_wconf 89' lang='lat' dir='ltr'>audiens,</span> <span class='ocrx_word' id='word_1_264' title='bbox 1042 2790 1156 2822; x_wconf 90' lang='lat' dir='ltr'>mox</span> <span class='ocrx_word' id='word_1_265' title='bbox 1192 2780 1248 2822; x_wconf 82' lang='lat' dir='ltr'>ut</span> <span class='ocrx_word' id='word_1_266' title='bbox 1282 2775 1590 2824; x_wconf 87' lang='lat' dir='ltr'>intraverunt</span> <span class='ocrx_word' id='word_1_267' title='bbox 1631 2783 1873 2825; x_wconf 77' lang='lat' dir='ltr'>monaste-</span> 
     </span>
     <span class='ocr_line' id='line_1_33' title="bbox 120 2856 1866 2920; baseline 0.002 -15"><span class='ocrx_word' id='word_1_268' title='bbox 120 2858 261 2917; x_wconf 89' lang='lat' dir='ltr'>rium,</span> <span class='ocrx_word' id='word_1_269' title='bbox 294 2857 442 2906; x_wconf 88' lang='lat' dir='ltr'>matri</span> <span class='ocrx_word' id='word_1_270' title='bbox 474 2856 878 2920; x_wconf 85' lang='lat' dir='ltr'>congregationis,</span> <span class='ocrx_word' id='word_1_271' title='bbox 902 2856 1134 2906; x_wconf 84' lang='lat' dir='ltr'>vocabulo</span> <span class='ocrx_word' id='word_1_272' title='bbox 1168 2857 1342 2906; x_wconf 85' lang='lat' dir='ltr'>AEbbae</span> <span class='ocrx_word' id='word_1_273' title='bbox 1359 2859 1387 2918; x_wconf 83' lang='lat'>1,</span> <span class='ocrx_word' id='word_1_274' title='bbox 1415 2859 1607 2908; x_wconf 86' lang='lat' dir='ltr'>curavit</span> <span class='ocrx_word' id='word_1_275' title='bbox 1639 2860 1866 2909; x_wconf 86' lang='lat' dir='ltr'>indicare.</span> 
     </span>
     <span class='ocr_line' id='line_1_34' title="bbox 120 2939 1865 3004; baseline 0.001 -18"><span class='ocrx_word' id='word_1_276' title='bbox 120 2939 190 2987; x_wconf 91' lang='lat' dir='ltr'>At</span> <span class='ocrx_word' id='word_1_277' title='bbox 223 2939 308 2987; x_wconf 89' lang='lat' dir='ltr'>illa</span> <span class='ocrx_word' id='word_1_278' title='bbox 342 2939 517 2988; x_wconf 88' lang='lat' dir='ltr'>merito</span> <span class='ocrx_word' id='word_1_279' title='bbox 552 2940 752 2989; x_wconf 88' lang='lat' dir='ltr'>turbata</span> <span class='ocrx_word' id='word_1_280' title='bbox 786 2939 846 2987; x_wconf 93' lang='lat' dir='ltr'>de</span> <span class='ocrx_word' id='word_1_281' title='bbox 880 2939 969 2987; x_wconf 82' lang='lat' dir='ltr'>tali</span> <span class='ocrx_word' id='word_1_282' title='bbox 1007 2940 1241 3004; x_wconf 77' lang='lat' dir='ltr'>praesagio</span> <span class='ocrx_word' id='word_1_283' title='bbox 1276 2942 1470 2990; x_wconf 79' lang='lat' dir='ltr'>vocavit</span> <span class='ocrx_word' id='word_1_284' title='bbox 1505 2942 1566 2989; x_wconf 88' lang='lat' dir='ltr'>ad</span> <span class='ocrx_word' id='word_1_285' title='bbox 1607 2959 1655 2990; x_wconf 91' lang='lat' dir='ltr'>se</span> <span class='ocrx_word' id='word_1_286' title='bbox 1692 2942 1865 3000; x_wconf 89' lang='lat' dir='ltr'>virum,</span> 
     </span>
     <span class='ocr_line' id='line_1_35' title="bbox 118 3021 1868 3086; baseline 0.001 -16"><span class='ocrx_word' id='word_1_287' title='bbox 118 3029 168 3070; x_wconf 89' lang='lat' dir='ltr'>et</span> <span class='ocrx_word' id='word_1_288' title='bbox 199 3021 479 3085; x_wconf 86' lang='lat' dir='ltr'>diligentius</span> <span class='ocrx_word' id='word_1_289' title='bbox 515 3021 576 3069; x_wconf 89' lang='lat' dir='ltr'>ab</span> <span class='ocrx_word' id='word_1_290' title='bbox 607 3037 662 3069; x_wconf 89' lang='lat' dir='ltr'>eo</span> <span class='ocrx_word' id='word_1_291' title='bbox 698 3037 814 3081; x_wconf 87' lang='lat' dir='ltr'>rem,</span> <span class='ocrx_word' id='word_1_292' title='bbox 852 3021 924 3068; x_wconf 88' lang='lat' dir='ltr'>vel</span> <span class='ocrx_word' id='word_1_293' title='bbox 956 3021 1085 3069; x_wconf 90' lang='lat' dir='ltr'>unde</span> <span class='ocrx_word' id='word_1_294' title='bbox 1116 3021 1208 3069; x_wconf 88' lang='lat' dir='ltr'>hoc</span> <span class='ocrx_word' id='word_1_295' title='bbox 1241 3022 1342 3086; x_wconf 89' lang='lat' dir='ltr'>ipse</span> <span class='ocrx_word' id='word_1_296' title='bbox 1374 3029 1549 3082; x_wconf 88' lang='lat' dir='ltr'>nosset,</span> <span class='ocrx_word' id='word_1_297' title='bbox 1574 3022 1868 3085; x_wconf 86' lang='lat' dir='ltr'>inquirebat.</span> 
     </span>
     <span class='ocr_line' id='line_1_36' title="bbox 120 3103 1868 3168; baseline 0 -16"><span class='ocrx_word' id='word_1_298' title='bbox 120 3104 212 3166; x_wconf 85' lang='lat' dir='ltr'>Qui</span> <span class='ocrx_word' id='word_1_299' title='bbox 262 3105 363 3153; x_wconf 87' lang='lat' dir='ltr'>ait:</span> <span class='ocrx_word' id='word_1_300' title='bbox 425 3104 624 3168; x_wconf 90' lang='lat' dir='ltr'>‘Nuper</span> <span class='ocrx_word' id='word_1_301' title='bbox 670 3106 927 3166; x_wconf 84' lang='lat' dir='ltr'>occupatus</span> <span class='ocrx_word' id='word_1_302' title='bbox 974 3107 1122 3152; x_wconf 84' lang='lat' dir='ltr'>noctu</span> <span class='ocrx_word' id='word_1_303' title='bbox 1177 3103 1358 3168; x_wconf 86' lang='lat' dir='ltr'>vigiliis</span> <span class='ocrx_word' id='word_1_304' title='bbox 1406 3109 1456 3154; x_wconf 88' lang='lat' dir='ltr'>et</span> <span class='ocrx_word' id='word_1_305' title='bbox 1505 3105 1716 3167; x_wconf 87' lang='lat' dir='ltr'>psalmis,</span> <span class='ocrx_word' id='word_1_306' title='bbox 1765 3103 1868 3152; x_wconf 75' lang='lat' dir='ltr'>vidi</span> 
     </span>
    </p>
   </div>
   <div class='ocr_carea' id='block_1_3' title="bbox 660 3219 1317 3343">
    <p class='ocr_par' dir='ltr' id='par_1_4' title="bbox 660 3219 1317 3343">
     <span class='ocr_line' id='line_1_37' title="bbox 660 3219 1317 3274; baseline 0.006 -14"><span class='ocrx_word' id='word_1_307' title='bbox 660 3219 674 3243; x_wconf 86' lang='lat'>¹</span> <span class='ocrx_word' id='word_1_308' title='bbox 703 3220 860 3272; x_wconf 81' lang='lat' dir='ltr'><strong><em>AEbboe]</em></strong></span> <span class='ocrx_word' id='word_1_309' title='bbox 892 3221 968 3261; x_wconf 81' lang='lat' dir='ltr'>See</span> <span class='ocrx_word' id='word_1_310' title='bbox 987 3234 1028 3273; x_wconf 92' lang='lat' dir='ltr'>p.</span> <span class='ocrx_word' id='word_1_311' title='bbox 1051 3232 1143 3274; x_wconf 85' lang='lat'>253,</span> <span class='ocrx_word' id='word_1_312' title='bbox 1162 3226 1259 3263; x_wconf 87' lang='lat' dir='ltr'>note</span> <span class='ocrx_word' id='word_1_313' title='bbox 1283 3234 1317 3264; x_wconf 87' lang='lat'>1.</span> 
     </span>
     <span class='ocr_line' id='line_1_38' title="bbox 978 3307 1009 3343; baseline 0 -2"><span class='ocrx_word' id='word_1_314' title='bbox 978 3307 1009 3343; x_wconf 85' lang='grc' dir='ltr'><strong>Τ</strong></span> 
     </span>
    </p>
   </div>
  </div>
 </body>
</html>
