2216 3554
832 200 996 250 Gentis
1029 199 1319 262 Anqlorum.
1859 204 1956 250 303

206 201 328 252 ΟΑΡ.
343 197 483 270 ΠΗ]

205 333 454 398 deposita:
492 334 552 382 de
577 346 675 396 quo
696 348 795 380 una
827 347 935 380 cum
959 331 1262 379 consortibus
1288 330 1501 393 ejusdem
1525 330 1602 378 sui
1626 331 1804 394 gradus
1828 337 1958 381 recte

137 456 141 459 .
204 433 260 465 ac
283 415 520 465 veraciter
546 415 644 463 diei
679 417 853 477 potest,
880 412 994 476 quia
1009 413 1024 439 ¹
1049 428 1251 475 corpora
1278 412 1494 476 ipsorum
1530 412 1582 460 in
1616 428 1734 475 pace
1770 416 1960 478 sepulta

206 503 333 558 sunt,
370 505 420 548 et
460 514 631 547 nomen
673 512 848 545 eorum*
875 494 1011 544 vivet
1051 493 1106 542 in
1145 494 1478 558 generationes
1519 498 1569 542 et
1610 497 1956 558 generationes.

206 581 283 630 Ut
318 581 450 630 enim
482 579 710 654 breviter!
730 578 901 638 dicam,
933 582 1125 626 tantum
1159 577 1403 640 profectus
1439 577 1672 640 spiritalis
1688 578 1706 604 2
1740 584 1957 642 tempore

204 665 495 728 praesulatus
528 663 662 710 illius
685 659 969 723 xAnglorum
1003 659 1227 719 ecclesiae,
1254 665 1494 723 quantum
1529 676 1778 723 nunquam
1813 667 1957 710 antea

204 753 418 809 potuere,
444 750 687 809 ceperunt.
756 734 913 807 Cujusv
943 757 1213 807 personam,
1238 742 1409 800 vitam,
1435 745 1643 801 aetatem,
1668 748 1717 790 et
1753 743 1956 802 obitum,

204 828 508 892 epitaphium
531 843 718 891 quoque
741 825 1043 874 monumenti
1067 825 1220 889 ipsius
1244 824 1462 874 versibus
1486 824 1692 872 heroicis
1709 826 1726 852 3
1749 825 1957 889 triginta

203 916 254 960 et
289 915 497 975 quatuor
530 908 690 973 palam
724 924 780 957 ao
813 908 971 957 lucide
1005 908 1192 957 eunctis
1225 908 1310 956 i11²0
1351 907 1721 957 advenientibus
1757 909 1955 972 pandit;

204 1010 413 1058 quorum
437 992 583 1056 primi
607 997 722 1040 sunt
744 990 797 1039 hi
817 1008 828 1039 z

409 1094 431 1116 ‘·
444 1090 539 1137 Hic
562 1105 695 1137 sacer
718 1087 771 1136 in
793 1087 997 1137 tumba4
1019 1090 1194 1151 pausat
1218 1102 1327 1135 cum
1352 1102 1549 1150 corpore
1574 1089 1767 1150 praesul,

475 1172 632 1232 Quem
655 1187 786 1219 nunc
809 1169 1113 1219 Theodorum
1136 1169 1303 1232 lingua
1324 1167 1529 1232 Pelasga
1550 1175 1707 1219 vocat.

409 1254 637 1317 Princeps
659 1253 957 1317 pontificum,
982 1252 1113 1312 felix,
1138 1267 1449 1314 summusque
1473 1253 1694 1301 sacerdos

474 1335 702 1399 Limpida
726 1335 975 1399 discipulis
998 1334 1224 1414 dogmata
1247 1331 1508 1383 disseruit!

203 1432 384 1482 Ultimi
407 1438 571 1481 autem
593 1432 646 1480 hi
667 1447 689 1480 ε’

407 1533 420 1555 ‘
435 1529 662 1592 Namque
696 1527 826 1576 diem
861 1526 1274 1576 nonamdecimam
1310 1525 1595 1590 September
1629 1526 1852 1588 habebat,

476 1611 601 1660 Cum
637 1610 796 1659 carnis
830 1610 1041 1659 claustra
1075 1609 1275 1674 spiritus
1310 1610 1571 1674 egreditur.

405 1692 551 1741 Alma
586 1709 724 1741 novae
761 1692 993 1740 scandens
1028 1692 1149 1740 felix
1183 1692 1426 1741 consortia
1461 1692 1592 1753 vitae,

474 1774 677 1824 Civibus
700 1774 930 1839 angelicis
948 1777 1149 1839 junctus
1171 1775 1232 1823 ine.
1247 1791 1354 1824 arce
1378 1774 1507 1839 poli!

268 1879 533 1930 Successit⁵
564 1883 728 1927 autem
752 1878 1008 1927 Theodoro
1032 1878 1085 1926 in
1107 1878 1384 1943 episcopatu
1410 1878 1711 1940 Be1·ctuald⁶‚
1739 1880 1824 1944 qui
1849 1885 1954 1929 erat

198 1963 346 2011 abbas
380 1962 433 2009 in
462 1961 751 2010 monasterio
781 1961 912 2025 quod
940 1962 1086 2026 juxta
1120 1960 1303 2009 ostium
1336 1961 1608 2026 aquilonale

199 2045 415 2093 fluminis
441 2043 671 2092 Genladae
685 2044 704 2071 ⁷
743 2043 956 2108 positum
981 2043 1215 2092 Racuulfe
1229 2044 1246 2071 ⁸
1269 2049 1608 2107 nuncupatur:

198 2127 277 2175 vir
311 2132 362 2176 et
394 2126 495 2191 ipse
535 2126 737 2175 scientia
770 2126 1138 2190 Scripturarum
1171 2124 1402 2185 imbutus,
1440 2126 1525 2175 sed
1558 2132 1609 2175 et

1670 2009 1891 2044 Berhtwald

1690 2059 1869 2094 succeeds

1729 2109 1811 2144 him
1823 2123 1832 2150 ;

1102 2273 1244 2311 autem
1282 2270 1485 2311 Theodori
1520 2276 1680 2312 remoto
1706 2272 1750 2312 in
1779 2275 1952 2313 transla-

1102 2326 1216 2365 tione
1245 2326 1398 2366 tumbae
1428 2327 1622 2378 operculo
1659 2341 1734 2367 sua
1762 2329 1952 2368 omnibus

1101 2380 1266 2420 affatim
1294 2380 1496 2421 satisfecit
1519 2382 1786 2431 thurificatio,
1815 2384 1876 2424 ita
1903 2388 1953 2423 ut

1101 2435 1147 2475 in
1192 2435 1420 2475 claustrum
1462 2437 1639 2476 fratrum
1687 2439 1815 2478 etiam
1863 2439 1951 2478 haec

1101 2494 1335 2542 erumperet
1382 2490 1616 2532 oblectatio.
1662 2492 1693 2532 J
1695 2493 1841 2532 acebat
1887 2494 1951 2532 uti

255 2271 268 2294 ¹
296 2270 419 2324 quia]
450 2272 612 2312 Eoelus.
632 2272 730 2312 xliv.
757 2283 820 2323 14.

254 2325 272 2348 ²
292 2327 496 2377 profectus
514 2327 739 2380 spiritalis]
769 2332 780 2349 ‘
795 2326 880 2366 Hic
898 2326 1049 2366 excita·

200 2381 263 2420 vit
281 2381 467 2420 fidelium
485 2383 745 2421 voluntatem
770 2385 819 2421 ut
839 2381 884 2420 in
903 2382 1049 2421 eivita-

199 2436 313 2476 tibus
332 2441 376 2475 et
390 2437 502 2475 villis
522 2436 711 2476 ecelesias
731 2436 1044 2485 fabricarentur,

199 2490 416 2543 parochias
443 2491 757 2543 distinguerent,
787 2495 831 2531 et
857 2504 1047 2531 assensus

199 2546 334 2597 regios
355 2546 420 2585 his
445 2546 708 2598 procuravit;
739 2550 787 2585 ut
806 2546 916 2598 siqui
935 2546 1046 2586 suffi-

199 2600 357 2639 cientes
385 2604 523 2640 essent
562 2613 684 2652 super
715 2601 924 2653 proprium
954 2601 1046 2639 fun-

199 2655 300 2694 dum
327 2659 565 2694 construere
594 2655 795 2701 ecclesias,
822 2655 1047 2695 earundem

200 2714 402 2762 perpetuo
450 2713 671 2761 patronatu
708 2710 963 2762 gauderent:
1011 2710 1047 2749 si

199 2764 311 2803 inter
328 2765 481 2803 limites
496 2764 669 2804 alterius
681 2765 857 2816 alicujus
872 2764 1045 2804 dominii

200 2819 391 2858 ecclesias
411 2819 604 2866 facerent,
624 2819 807 2871 ejusdem
834 2818 955 2858 fundi
976 2819 1043 2859 do-

198 2874 301 2912 mini
321 2878 563 2913 notarentur
581 2887 654 2926 pro
674 2871 882 2926 patronis?
931 2873 1043 2913 Elm-

198 2928 308 2976 ham,
330 2928 486 2979 quoted
506 2928 560 2980 by
580 2929 622 2970 S.

253 2983 270 3006 ³
287 2981 487 3076 6hermo-is]
518 2983 596 3023 See
616 2997 656 3036 p.
679 2994 742 3035 24,
764 2986 862 3023 note
885 2990 932 3034 7;
960 2982 1045 3023 and

198 3051 226 3090 p
255 3092 268 3114 ⁴
296 3091 453 3144 tumba]
514 3091 699 3139 Gocelin,
739 3091 782 3131 ii.
822 3099 885 3143 27,
925 3091 1046 3132 bears

198 3147 365 3187 witness
385 3151 428 3185 to
453 3146 524 3186 the
552 3145 799 3186 translation
825 3147 873 3186 of
893 3146 965 3186 the
986 3159 1046 3186 re-

199 3203 332 3241 nnains
348 3202 394 3240 of
406 3201 656 3246 Theodorus,
673 3202 796 3253 along
812 3201 912 3241 with
928 3201 1044 3241 those

197 3257 244 3297 of
274 3256 563 3309 Augustinus:
606 3259 616 3278 ‘
632 3255 1043 3297 Pxaenominatissimi

1101 2558 1129 2585 a
1155 2545 1379 2597 primordio
1407 2550 1498 2585 erat
1527 2546 1750 2598 depositus,
1787 2548 1952 2600 integra

1100 2599 1242 2647 forma,
1265 2601 1577 2653 metropolitani
1591 2602 1810 2641 sacerdotii
1823 2603 1950 2653 pallio

1101 2659 1145 2694 et
1173 2654 1397 2694 monachili
1438 2659 1601 2695 tantum
1641 2657 1844 2696 obductus
1881 2671 1950 2696 cu-

1101 2708 1225 2749 culla.
1275 2709 1412 2750 Tanta
1431 2714 1520 2749 erat
1539 2711 1685 2763 gratia,
1706 2716 1754 2750 ut
1773 2712 1948 2751 arbitra—

1096 2769 1213 2804 retur
1231 2764 1367 2803 adhuc
1387 2765 1518 2804 solida
1536 2767 1676 2817 vigere
1694 2766 1845 2807 carne.'

1151 2818 1167 2842 ⁵
1194 2817 1412 2882 Successit]
1445 2819 1535 2859 The
1554 2822 1732 2872 opening
1752 2821 1797 2860 of
1810 2834 1835 2860 a
1854 2833 1945 2859 new

1098 2872 1479 2982 οὴῗρῗεζὲῖααπίιιᾶἰῗγ
1489 2874 1768 2975 ἒξῗῗᾙὺννώᾶ,
1806 2928 1944 2967 Briht-

1098 2982 1219 3028 wold‚
1242 2984 1282 3023 S.
1302 2983 1453 3024 Chron.

1152 3035 1169 3060 ⁷
1199 3037 1411 3090 Genladoe]
1443 3039 1552 3078 Now
1571 3037 1643 3077 the
1662 3035 1822 3076 Inlade.

1153 3090 1169 3116 ⁸
1198 3093 1420 3146 Racuulfe]
1491 3092 1631 3133 Called
1682 3090 1943 3142 Regulbium,

1100 3146 1203 3186 Not.
1247 3147 1346 3188 Utr.
1386 3147 1493 3200 Imp.
1533 3146 1668 3187 M.H.
1683 3145 1732 3183 B.
1761 3158 1801 3195 p.
1831 3145 1945 3189 xxiv,

1097 3201 1153 3253 by
1171 3202 1244 3242 the
1273 3201 1471 3242 Romans.
1531 3201 1646 3251 Spelt
1669 3199 1752 3238 also
1778 3198 1943 3249 Raculf,

1098 3255 1300 3307 Raculve,
1321 3257 1378 3310 by
1398 3256 1471 3297 the
1498 3255 1668 3295 Saxone.
1724 3253 1882 3292 Hither
1910 3253 1943 3293 it
