2216 3554
234 2731 235 2734 Ἴ
309 2685 448 2725 where
479 2697 505 2723 a
533 2684 664 2734 rising
699 2683 860 2735 ground
893 2684 995 2723 with
1023 2698 1050 2724 a
1077 2684 1160 2723 fort

281 188 377 232 276
861 179 1089 229 Historia
1124 180 1464 228 Ecclesia-stica
1805 174 1939 245 [Lm.
1957 188 2028 226 Iv‘.

279 316 630 363 inaccessorum
665 311 917 370 montium,
955 318 1003 361 et
1043 296 1152 361 cuni
1189 312 1400 360 maxima
1447 314 1585 374 parte
1626 309 1870 373 copiarum
1912 325 2030 372 quas

281 415 442 446 secum
488 396 755 444 adduxerat
803 395 1074 443 exstinctus
1128 411 1254 442 anno
1301 393 1459 442 aetatis
1514 409 1600 440 sua
1646 391 2031 455 quadragesimo,

281 479 419 542 regni
449 483 613 526 autem
647 476 818 541 quinto
852 476 1052 536 decimo,
1078 476 1156 525 die
1187 474 1519 524 tertiadecima
1551 474 1867 522 kalendarum
1891 473 2032 521 Juni-

283 578 438 610 arum.
510 561 576 609 Et
609 560 818 623 quidem,
844 566 901 608 ut
935 559 1053 618 dixi,
1077 558 1433 622 prohibuerunt
1462 556 1605 604 amici
1637 573 1697 604 ne
1728 556 1819 603 hoc
1851 555 2034 603 bellum

283 644 429 691 iniret
454 661 463 690 :
502 642 582 690 sed
619 641 846 705 quoniam
880 659 1005 689 anno
1039 642 1337 704 praecedente
1369 640 1590 688 noluerat
1618 639 1787 687 audire
1815 655 2036 687 reveren-

283 726 527 775 tissimum
567 731 757 788 patrem
801 724 1142 786 Ecgberctum,
1178 741 1238 771 ne
1282 723 1548 772 Scottiam¹
1589 722 1661 769 nil
1696 739 1746 770 se
1779 721 2037 769 laedentem

284 810 603 872 impugnaret,
637 808 807 854 datum
844 811 919 854 est
954 806 1030 854 illi
1064 824 1124 854 ex
1155 823 1296 869 poena
1320 805 1504 869 peccati
1537 805 1682 863 illius,
1705 822 1766 853 ne
1800 820 1930 851 nunc
1958 820 2039 851 eos

287 890 372 954 qui
396 891 556 953 ipsum
580 889 642 937 ab
666 889 868 936 interitu
894 905 1121 937 revocare
1145 889 1415 952 cupiebant,
1441 888 1648 950 audiret.

356 974 435 1022 Ex
458 991 552 1037 quo
576 979 794 1035 tempore
827 988 934 1034 spes
959 971 1104 1034 coepit
1128 976 1177 1019 et
1200 972 1358 1019 virtus
1382 971 1521 1035 regni
1546 971 1818 1033 Anglorum
1844 970 1994 1017 fluere
2007 966 2038 1028 ²,

350 1075 507 1111 Decline
522 1076 564 1109 of
633 1072 686 1102 ac
724 1060 853 1102 retro
895 1054 1118 1118 sublapsa
1158 1054 1343 1102 referri.
1431 1054 1561 1101 Nam
1602 1058 1651 1101 et
1699 1052 1825 1100 Picti
1861 1057 2042 1100 terram

355 1125 562 1209 hffm‘jffssm
629 1137 942 1199 possessionis
979 1154 1077 1184 suae
1117 1153 1262 1200 quam
1304 1139 1568 1183 tenuerunt
1609 1135 1761 1200 Angli
1801 1141 1850 1183 et
1889 1134 2043 1183 Scotti

347 1223 570 1267 prosperity.
635 1218 722 1282 qui
770 1225 908 1266 erant
957 1219 1011 1266 in
1057 1219 1315 1276 Brittania,
1359 1218 1650 1266 Brettonum
1697 1235 1887 1281 quoque
1932 1234 2044 1281 pars

292 1301 538 1360 nonnulla,
575 1301 853 1349 libertatem
887 1306 1186 1365 receperunt,
1220 1317 1365 1364 quam
1402 1305 1450 1348 et
1485 1299 1717 1348 hactenus
1748 1299 1930 1348 habent
1960 1316 2047 1363 per

293 1385 477 1432 annos3
520 1384 715 1431 circiter
764 1384 1089 1448 quadraginta
1137 1399 1251 1443 sex3
1300 1382 1385 1431 ubi
1434 1383 1562 1429 inter
1603 1382 1842 1446 plurimos
1888 1381 2046 1446 gentis

293 1467 568 1531 Anglorum
595 1467 672 1514 vel
706 1467 1028 1530 interemptos
1063 1466 1242 1529 gladio,
1275 1466 1351 1514 vel
1390 1465 1589 1513 servitio
1622 1465 1854 1523 addictos,
1879 1464 1955 1512 vel
1987 1464 2047 1512 de

294 1554 427 1596 terra
471 1549 726 1598 Pictorum
774 1551 891 1613 fuga
943 1549 1116 1612 lapsos,
1166 1548 1314 1596 etiam
1365 1547 1781 1596 reverentissimus
1826 1547 1904 1595 vir
1954 1546 2049 1594 Dei

396 1650 541 1692 Bishop

358 1699 575 1785 Trfflffggiff
640 1716 783 1765 cessit
821 1733 931 1764 cum
972 1716 1072 1764 suis
1116 1714 1205 1778 qui
1247 1718 1386 1761 erant
1423 1712 1479 1760 in
1515 1713 1808 1761 monasterio
1843 1712 2052 1761 AEbber-

325 1802 608 1839 streaneshalh.
639 1800 810 1862 curnig
824 1800 856 1859 ⁶,
892 1798 1052 1862 posito
1088 1797 1285 1861 quidem
1319 1796 1373 1843 in
1407 1795 1602 1859 regione
1638 1795 1926 1858 Anglorum,
1963 1795 2048 1843 sed

298 1882 350 1930 in
396 1883 575 1931 vicinia
619 1882 734 1930 freti
781 1882 910 1945 quod
958 1880 1236 1944 Anglorum
1276 1884 1437 1926 ‘terras
1490 1877 1831 1941 Pictorumque
1878 1878 2052 1926 dister-

300 1965 487 2024 minat3
524 1981 698 2028 eosque
728 1965 1021 2027 ubicumque
1049 1966 1253 2026 poterat,
1278 1960 1444 2008 amicis
1476 1958 1563 2023 p‘er
1596 1959 1891 2009 monasteria
1923 1978 2053 2009 com-

640 1632 951 1680 Triumuini⁴
987 1632 1070 1696 qui
1106 1632 1156 1679 in
1198 1647 1278 1679 eos
1314 1630 1646 1694 episcopatum
1681 1635 1940 1693 acceperat,
1977 1647 2050 1677 re-

300 2049 542 2107 mendans,
591 2048 696 2110 ipsc
751 2047 803 2094 in
856 2047 1115 2110 saepedicto
1170 2044 1462 2093 famulorum
1513 2043 1898 2108 famularumque
1962 2044 2055 2093 Dei

303 2130 594 2178 monasterio
621 2129 749 2193 quod
773 2135 970 2177 vocatur
995 2126 1391 2184 Streanaeshalch‚
1408 2126 1569 2174 ‘locum
1596 2125 1862 2174 mansionis
1885 2126 2054 2190 elegit3

303 2212 467 2275 ibique
492 2229 600 2259 cum
624 2211 789 2274 paucis
822 2228 1022 2259 suorum
1054 2211 1107 2257 in
1142 2209 1422 2257 monachica
1447 2207 1749 2256 districtione
1783 2207 1936 2257 vitam
1959 2225 2058 2256 non

306 2295 398 2342 sibi
423 2294 737 2352 solummod0‚
764 2294 848 2341 sed
872 2298 922 2341 et
950 2293 1118 2340 multis
1137 2292 1313 2340 utilem
1337 2291 1547 2354 plurimo
1579 2308 1817 2338 annorum
1840 2297 2058 2354 tempore

307 2376 478 2424 duxit:
529 2376 614 2423 ubi
656 2376 804 2423 etiam
847 2376 1116 2436 defunctus,
1158 2375 1210 2422 in
1252 2374 1449 2422 ecclesia
1488 2373 1619 2421 beati
1658 2372 1796 2422 Petri
1837 2372 2058 2436 apostoli,

302 2461 446 2524 juxta
478 2459 708 2506 honorem
739 2463 788 2506 et
823 2458 923 2506 vita
958 2462 1008 2506 et
1043 2458 1196 2522 gradu
1228 2459 1330 2520 ejus
1363 2456 1656 2520 condignum
1687 2455 1911 2504 conditus
1941 2459 2014 2504 est
2030 2457 2059 2502 Β.

309 2576 355 2614 of
369 2574 572 2622 Durham‚
591 2589 630 2626 p.
649 2585 712 2625 51,
725 2574 942 2626 Twysden.
974 2577 985 2595 ‘
999 2574 1160 2614 Identi-

1213 2574 1330 2613 Picts
1367 2572 1450 2612 had
1497 2572 1636 2624 begun
1672 2576 1717 2612 to
1754 2571 1867 2611 rebel
1907 2574 1953 2611 at
1988 2571 2062 2611 the

309 2630 392 2669 fied
440 2643 484 2668 as
526 2629 776 2668 Dunnichen
823 2627 940 2680 [near
978 2629 1159 2681 Forfar]‚

1214 2628 1391 2680 opening
1406 2628 1448 2666 of
1467 2626 1691 2678 Ecgfrith's
1705 2627 1822 2678 reign
1839 2640 1847 2666 :
1867 2625 1945 2666 but
1959 2626 2059 2666 then

1214 2684 1267 2723 he
1292 2683 1377 2723 had
1402 2682 1682 2734 reconquered
1702 2683 1829 2722 them.
1884 2681 2062 2728 Haedde,

312 2753 368 2779 on
385 2739 420 2778 it
439 2752 619 2777 answers
647 2742 690 2777 to
717 2738 788 2777 the
813 2753 891 2778 one
913 2752 1047 2788 name,
1076 2739 1160 2778 and

313 2809 340 2834 a
372 2794 493 2834 small
525 2792 738 2844 adjoining
774 2793 871 2832 lake
909 2807 1088 2833 answers
1115 2797 1161 2833 to

313 2849 386 2889 the
413 2848 558 2888 other.’
613 2848 810 2887 Burton's
843 2848 960 2889 Hist.
988 2849 1096 2889 Scot.
1131 2848 1161 2890 i.

315 2915 631 3008 3112ἰδ’ὓοιίὄατνιι]
662 2957 743 2996 We
768 2957 903 3008 might
927 2958 1052 2996 think
1080 2958 1164 2998 this

317 3018 362 3053 to
379 3014 432 3052 be
451 3012 632 3061 Ireland,
651 3025 697 3051 as
716 3012 836 3051 usual
854 3012 900 3051 in
914 3013 1041 3061 Beda,
1055 3027 1164 3052 were

317 3069 354 3107 it
379 3072 453 3107 not
481 3069 545 3107 for
570 3066 643 3107 the
673 3067 858 3106 mention
882 3067 928 3106 of
949 3068 1021 3106 the
1050 3068 1164 3107 Picts

317 3123 407 3174 just
428 3123 570 3162 above.
629 3121 706 3161 See
726 3122 866 3168 Innes,
883 3135 949 3174 pp.
964 3122 1052 3171 xiii,
1067 3125 1164 3169 xiv;

319 3177 494 3222 Haedde,
517 3188 580 3229 19.

375 3232 390 3254 ²
407 3232 556 3284 fluere]
587 3232 705 3284 Virg.
726 3231 825 3272 AEn.
845 3230 889 3271 ii.
926 3231 1015 3284 169.
1075 3232 1164 3272 The

1219 2751 1286 2817 193
1314 2791 1462 2844 amcos]
1493 2792 1639 2831 Hence
1656 2791 1773 2831 Beda.
1791 2794 1918 2830 wrote
1936 2791 2063 2831 about

1217 2848 1290 2926 th}
1307 2855 1583 2953 ὶῖφῗῖαῖτῗτζπῖἱῗ
1590 2858 1684 2941 1&ee
1702 2915 1742 2953 p.
1766 2912 1854 2954 239.

1271 2958 1288 2982 ⁵
1316 2955 1634 3008 AEbbercmmiy]
1667 2957 1744 2995 See
1763 2969 1803 3007 p.
1827 2957 1890 3002 28,
1909 2957 2005 2994 note
2026 2962 2062 3005 7.

1274 3012 1291 3035 ⁶
1317 3013 1507 3052 conditus
1526 3012 1601 3063 est]
1640 3011 1840 3051 ‘Inventa
1867 3013 1966 3051 sunt
1991 3022 2063 3047 no-

1219 3067 1350 3106 viter’
1379 3070 1443 3116 (at
1474 3067 1548 3106 the
1582 3065 1665 3105 end
1697 3065 1743 3105 of
1770 3066 1843 3104 the
1871 3063 2064 3103 eleventh

1219 3122 1412 3174 century)
1452 3125 1518 3164 ‘et
1555 3121 1596 3160 in
1640 3116 1907 3160 eminentiam
1939 3118 2062 3166 elata,
2132 3124 2135 3127 ’

1219 3181 1456 3216 sanctorum
1497 3178 1677 3227 corpora,
1723 3172 1942 3214 Trumuini
1982 3185 2063 3224 ep.,

1219 3231 1335 3273 Osuii
1353 3232 1474 3284 regis,
1485 3234 1528 3272 et
1546 3230 1738 3271 AElfledae
1752 3229 1845 3269 filiae
1857 3228 1958 3281 ejus,
1973 3240 2066 3279 quae
