2216 3554
156 218 279 267 CAP.
299 214 469 285 XXVI]
785 217 950 267 Gentis
983 216 1271 278 Anylo‘rum.
1809 222 1906 268 275

157 350 408 413 presbyter
429 347 620 412 AEdgils
648 348 898 406 referebat,
924 347 1010 410 qui
1035 352 1152 394 tunc
1184 347 1236 393 in
1265 346 1349 394 illo
1374 347 1663 395 monasterio
1688 347 1906 410 degebat.

157 431 337 479 Postea
384 435 547 479 autem
596 430 954 478 discedentibus
1006 429 1120 477 inde
1171 429 1234 476 ob
1285 429 1627 476 desolationem
1681 429 1906 492 plurimis

157 514 437 572 incolarum,
472 514 527 561 in
561 517 726 561 nostro
762 511 1056 559 monasterio
1092 511 1305 574 plurimo
1341 517 1556 574 tempore
1594 516 1905 559 conversatus

156 597 430 660 ibidemque
453 595 710 644 defunctus
734 600 832 644 est„
890 595 1015 643 Haec
1047 593 1156 642 ideo
1183 598 1361 642 nostrae
1390 594 1629 642 Historiae
1655 580 1907 641 inserenda

157 679 461 738 credidimus,
499 684 556 726 ut
596 677 965 726 admoneremus
1000 677 1230 725 lectorem
1266 693 1471 740 operum
1506 676 1720 735 Domini,
1759 693 1907 738 quam

156 761 389 810 terribilis
422 761 475 808 in
507 759 719 808 consiliis
753 776 897 822 super
932 758 1056 806 filios
1091 758 1345 807 hominum
1360 775 1374 817 ;
1412 775 1472 806 ne
1505 759 1631 806 forte
1661 775 1748 805 nos
1786 766 1908 805 tem-

155 860 272 906 pore
295 842 457 906 aliquo
489 841 644 890 carnis
676 840 930 889 inlecebris
966 840 1228 890 servientes
1263 841 1519 904 minusque
1546 840 1638 888 Dei
1665 839 1906 903 judicium

155 925 481 984 formidantes,
519 924 772 988 repentina
806 924 911 987 ejus
953 923 1026 972 ira
1067 923 1311 987 corripiat,
1347 927 1399 971 et
1437 922 1515 971 vel
1556 922 1906 984 temporalibus

156 1007 346 1055 damnis
386 1009 517 1070 juste
566 1007 769 1056 saeviens
808 1006 1004 1070 affligat,
1039 1005 1117 1054 vel
1154 1006 1212 1054 ad
1251 1009 1535 1072 perpetuam
1581 1004 1905 1070 perditionem

155 1089 424 1138 districtius
458 1090 737 1138 examinans
771 1090 928 1139 tollat.

834 1381 977 1431 GAP.
1012 1380 1215 1432 XXVI.

590 1521 655 1562 De
675 1525 800 1562 morte
818 1520 1019 1573 Ecyfridi
1038 1526 1073 1561 et
1092 1520 1286 1561 HZotheri
1306 1533 1456 1573 requm.

223 1647 376 1695 ANNO
394 1647 660 1695 Dominicae
678 1647 1023 1695 incarnationis
1042 1646 1387 1695 sexcentesimo
1406 1645 1698 1709 octogesimo
1718 1650 1908 1710 quarto,

153 1729 355 1791 Ecgfrid
388 1747 476 1778 rex
507 1731 557 1777 N
560 1729 1029 1791 ordanhymbrorum
1062 1729 1208 1776 misso
1239 1727 1566 1776 Hiberniam¹
1651 1749 1824 1788 A.D.684.

154 1829 263 1860 cum
299 1812 515 1860 exercitu
548 1812 671 1860 duce
707 1811 899 1871 Bercto,
926 1811 1137 1860 vastavit
1169 1811 1341 1859 misere
1373 1814 1568 1874 gentem
1626 1797 1853 1881 ωξξζξξᾞὲΐ

154 1894 401 1943 innoxiam
420 1899 469 1944 et
488 1894 675 1942 nationi
699 1893 972 1958 Anglorum
989 1911 1179 1958 semper
1196 1893 1536 1941 amicissimam
1553 1911 1564 1953 ;
1621 1907 1670 1958 ⁰¹².
1687 1897 1854 1937 Ireland,

154 1976 224 2024 ita
259 1982 316 2025 ut
347 1994 407 2025 ne
439 1976 648 2025 ecclesiis
681 1976 876 2040 quidem
913 1981 998 2024 aut
1031 1976 1337 2025 monasteriis
1371 1992 1541 2024 manus
1574 1981 1789 2040 parceret
1821 1976 1909 2024 ho-

155 2059 291 2109 stilis.
360 2057 431 2107 At
455 2059 679 2118 insulani,
705 2064 754 2107 et
778 2063 1014 2123 quantum
1038 2060 1233 2107 valuere
1265 2059 1412 2107 armis
1434 2075 1570 2106 arma
1593 2059 1907 2122 repellebant,

155 2145 205 2189 et
250 2141 527 2191 invocantes
575 2142 750 2191 divinae
798 2141 1034 2189 auxilium
1084 2141 1295 2205 pietatis,
1339 2142 1525 2190 caelitus
1571 2157 1622 2188 se
1669 2140 1908 2188 vindicari

156 2224 396 2272 continuis
431 2225 515 2272 diu
551 2224 976 2288 imprecationibus
1012 2225 1337 2288 postulabant.
1409 2224 1478 2271 Et
1514 2223 1733 2287 quamvis
1763 2224 1909 2271 male-

154 2306 252 2354 dici
275 2324 479 2370 regnum
505 2308 599 2355 Dei
622 2308 866 2371 possidere
890 2325 988 2355 non
1011 2308 1211 2371 possint,
1232 2306 1470 2355 creditum
1495 2312 1569 2354 est
1591 2310 1755 2354 tamen
1780 2306 1910 2370 quod

155 2388 206 2436 hi
249 2389 335 2452 qui
382 2390 553 2439 merito
595 2391 860 2454 impietatis
907 2409 1006 2440 suae
1052 2390 1482 2451 maledicebantur,
1526 2389 1656 2438 ocius
1699 2390 1909 2439 Domino

134 2471 345 2520 'vindice
380 2490 545 2536 poenas
580 2474 656 2522 sui
691 2481 852 2523 reatus
886 2475 1090 2523 luerent.
1178 2473 1431 2537 Siquidem
1466 2491 1593 2522 anno
1630 2479 1742 2537 post
1778 2474 1908 2521 hunc

156 2555 376 2618 proximo
412 2557 539 2604 idem
573 2574 673 2616 rex,
707 2575 816 2606 cum
852 2563 1033 2606 temere
1067 2556 1334 2605 exercitum
1367 2557 1429 2604 ad
1463 2573 1568 2605 vas·
1648 2598 1819 2638 A.D.685.

155 2638 352 2686 tandam
409 2638 655 2687 Pictorum
716 2640 1015 2703 provinciam
1070 2639 1304 2699 duxisset,
1351 2639 1565 2687 multum
1607 2646 1685 2680 and
1699 2656 1748 2680 on
1764 2646 1866 2681 Pien-

155 2720 520 2784 prohibentibus
568 2722 734 2770 amicis
781 2727 831 2771 et
879 2722 1088 2771 maxime
1128 2723 1281 2770 beatae
1323 2721 1564 2771 memoriae
1607 2695 1720 2781 1313&
1737 2697 1866 2784 ζῖἒῑῖθ

156 2804 464 2853 Cudbercto²
505 2805 589 2868 qui
629 2822 785 2868 nuper
818 2805 977 2853 fuerat
1011 2804 1261 2853 ordinatus
1298 2804 1561 2869 episcopua
1662 2795 1752 2839 May
1768 2809 1822 2829 ²¹·

155 2887 463 2936 introductus
509 2893 597 2948 est,
646 2887 993 2936 simulantibus
1039 2888 1205 2950 fugam
1251 2886 1486 2948 hostibus,
1529 2888 1582 2936 in
1629 2889 1907 2953 angustias3

209 2999 224 3022 ¹
256 2996 520 3050 Hiberniam]
552 2997 629 3037 See
666 2997 912 3050 Tigernach‚
947 2996 1002 3036 ad
1055 2997 1222 3038 natural
1235 2997 1406 3038 brother
1417 2998 1499 3038 and
1514 3011 1722 3038 successor
1741 2997 1786 3036 of
1800 2997 1907 3049 Ecg-

155 3069 192 3096 a.
214 3053 292 3106 685
312 3068 319 3094 ε
352 3060 362 3076 ⁶
378 3053 558 3092 Saxones
582 3066 771 3105 campum
793 3053 998 3106 (Bregrae)
1055 3052 1170 3093 frith.
1227 3053 1304 3093 See
1322 3053 1482 3092 further
1500 3053 1546 3093 in
1564 3054 1648 3093 this
1667 3053 1848 3103 chapter.

156 3114 324 3150 vastant
374 3112 416 3147 et
467 3107 658 3147 ecclesias
707 3108 906 3160 plurimas
957 3106 1002 3146 in
1111 3106 1127 3129 ²
1159 3107 1398 3161 eadbercto]
1439 3108 1516 3147 See
1549 3106 1697 3147 Beda’s
1735 3106 1826 3146 Life
1864 3106 1912 3146 of

155 3177 296 3205 mense
332 3164 362 3204 J
367 3162 480 3202 unii)
535 3162 613 3201 See
657 3165 727 3201 too
773 3163 845 3202 the
892 3162 1004 3202 Fouz·
1056 3162 1304 3212 Outhberht‚
1326 3176 1384 3203 cc.
1408 3174 1470 3213 24,
1495 3171 1559 3214 27.

157 3219 351 3265 Masters‚
380 3217 434 3258 ad
462 3231 499 3257 a.
558 3217 646 3257 The
669 3217 780 3257 Irish
808 3217 890 3257 had
916 3217 1003 3269 just
1111 3219 1126 3242 ⁸
1154 3219 1202 3259 i‘n
1239 3218 1471 3270 anqustias]
1517 3218 1583 3257 ‘N
1587 3217 1903 3260 echtanesmere,

155 3273 338 3315 afforded
375 3286 402 3313 a
438 3272 582 3325 refuge
614 3276 659 3312 to
691 3272 893 3322 Aldfrith,
930 3271 1003 3312 the
1057 3273 1169 3325 quod
1188 3277 1251 3314 est
1270 3278 1463 3326 stagnum
1483 3270 1691 3313 Nectarii.⁸
1738 3271 1905 3311 Simeon

990 3355 1074 3391 '132
