2216 3554
289 158 387 205 274
865 151 1092 201 Historia
1122 151 1456 201 Ecclesiastica
1811 147 1944 219 [LIB.
1969 165 2038 200 1v.

287 287 559 336 adstantem
594 283 714 332 mihi
749 284 909 333 subito
946 284 1186 348 quendam
1227 282 1465 347 incogniti
1499 282 1697 331 vultus:
1742 284 1880 344 cujus
1915 299 2037 345 prae-

287 370 442 417 sentia
476 385 586 416 cum
622 385 783 416 essem>
808 368 1083 427 exterritus,
1115 367 1245 414 dixit
1279 366 1399 414 mihi
1436 382 1496 413 ne
1531 365 1780 424 timerem;
1821 371 1869 413 et
1901 365 2039 428 quasi

285 451 516 499 familiari
547 467 624 498 me
655 466 772 498 voce
808 450 1072 514 alloquens,
1101 454 1112 476 ‘
1129 450 1263 497 Bene
1299 448 1446 506 facis‚'
1473 447 1651 511 inquit,
1679 448 1790 510 ‘qui
1822 453 2038 511 tempore

284 534 380 582 isto
427 539 665 582 nocturno
721 532 898 596 quietis
945 549 1044 580 non
1091 548 1258 580 somno
1306 530 1577 593 indulgere,
1628 529 1712 577 sed
1757 530 1942 593 vigiliis
1990 536 2039 577 et

285 616 583 664 orationibus
643 615 863 663 insistere
927 613 1172 662 maluisti?
1266 613 1336 662 At
1397 629 1497 675 eg0,
1563 616 1574 637 ‘
1596 612 1646 659 N
1650 610 1756 671 ovi,'
1824 612 2037 675 inquam,

284 704 300 726 ‘
317 699 526 747 multum
574 697 697 745 mihi
744 713 844 745 esse
891 713 1083 745 necesse
1128 695 1312 759 vigiliis
1367 694 1659 743 salutaribus
1706 693 1942 753 insistere,
1991 700 2039 742 et

284 797 373 845 pro
420 780 540 828 meis
587 779 826 828 erratibus
874 780 1039 828 sedulo
1094 779 1364 827 Dominum
1410 777 1686 842 deprecari?
1775 777 1873 839 Qui
1920 777 2038 841 adji-

283 863 429 923 ciens,
467 862 704 921 ‘Verum‚'
741 862 912 926 inquit,
951 867 963 888 ‘
980 862 1116 920 dicis,
1155 861 1270 925 quia
1303 867 1352 910 et
1389 861 1482 909 tibi
1519 867 1567 909 et
1605 859 1772 907 multis
1808 876 1930 923 opus
1966 865 2039 908 est

283 951 480 1009 peccata
507 962 594 992 sua
616 944 754 993 bonis
778 944 1004 1007 operibus
1035 944 1286 1002 redimere,
1312 947 1361 991 et
1393 959 1501 990 cum
1526 946 1715 990 cessant
1738 959 1766 990 a
1791 942 2039 990 laboribus

283 1046 450 1076 rerum
495 1027 853 1090 temporalium,
894 1030 1013 1074 tunc
1058 1043 1149 1089 pro
1191 1026 1414 1089 appetitu
1461 1032 1754 1074 aeternorum
1800 1025 2039 1073 bonorum

282 1110 482 1159 liberius
517 1110 734 1157 laborare
751 1125 763 1169 3
814 1109 896 1157 sed
933 1109 1024 1157 hoc
1059 1114 1222 1156 tamen
1264 1108 1545 1171 paucissimi
1585 1108 1786 1156 faciunt.
1875 1108 2038 1172 Siqui-

283 1194 395 1241 dem
452 1191 593 1240 modo
651 1197 813 1239 totum
864 1191 955 1239 hoc
1006 1191 1354 1239 monasterium
1406 1207 1468 1238 ex
1521 1190 1691 1238 ordine
1736 1190 2038 1253 perlustrans

283 1275 582 1339 singulorum
629 1291 760 1323 casas
806 1291 862 1322 ac
908 1274 1056 1322 lectos
1102 1273 1307 1336 inspexi,
1344 1278 1394 1321 et
1433 1272 1676 1321 neminem
1716 1289 1775 1320 ex
1815 1273 2038 1320 omnibus

282 1362 462 1419 praeter
497 1360 546 1404 te
583 1372 698 1418 erga
733 1356 994 1406 sanitatem
1035 1355 1208 1403 animae
1250 1371 1349 1403 suae
1392 1361 1677 1417 occupatum
1714 1354 1903 1418 reperi:
1953 1356 2038 1403 sed

283 1456 449 1487 omnes
482 1455 682 1502 prorsus
715 1444 764 1487 et
796 1438 892 1487 viri
924 1442 974 1486 et
1008 1437 1203 1486 feminee
1234 1442 1318 1485 aut
1354 1453 1522 1485 somno
1546 1441 1745 1500 torpent
1768 1437 1926 1497 inerti,
1953 1442 2039 1485 aut

283 1524 342 1572 ad
381 1528 576 1588 peccata
609 1523 831 1588 vigilant.
920 1523 1048 1570 Nam
1091 1525 1140 1570 et
1182 1520 1517 1570 domunculae¹
1554 1537 1663 1584 quae
1700 1521 1762 1569 ad
1802 1521 2038 1569 orandum

281 1607 361 1655 vel
384 1606 643 1669 legendum
667 1606 807 1655 factae
832 1609 983 1664 erant,
1004 1622 1132 1652 nunc
1156 1604 1207 1652 in
1229 1602 1697 1661 commessationum,
1715 1604 2037 1666 potationum,

281 1688 652 1748 fabulationum,
679 1693 728 1736 et
752 1693 1035 1738 caeterarum
1061 1690 1174 1736 sunt
1205 1685 1556 1734 inlecebrarum
1580 1685 1758 1734 cubilia
1782 1703 2035 1745 conversae,

282 1771 495 1834 virgines
531 1788 722 1835 quoque
756 1771 863 1819 Deo
897 1771 1082 1828 dicatae,
1116 1773 1393 1832 contempta
1423 1769 1694 1816 reverentia
1725 1785 1823 1817 suae
1855 1770 2035 1832 profes—

281 1854 445 1913 sionis,
470 1854 869 1917 quotiescumque
901 1858 1091 1911 vacant,
1121 1851 1344 1900 texendis
1379 1850 1712 1899 subtilioribus
1739 1850 2035 1899 indumentis

282 1953 475 1999 operam
499 1936 617 1984 dant
643 1937 819 1999 quibus
851 1940 939 1983 aut
971 1935 1152 1998 seipsas
1184 1934 1247 1981 ad
1269 1933 1425 1982 vicem
1454 1949 1742 1995 sponsarum
1773 1932 1825 1980 in
1849 1935 2036 1998 pericu-

282 2019 386 2066 lum
421 2019 497 2066 sui
533 2024 688 2067 status
726 2017 974 2076 adornent,
1011 2021 1098 2064 aut
1140 2021 1453 2063 externorum
1489 2014 1582 2063 sibi
1618 2015 1836 2063 virorum
1870 2017 2036 2066 amici-

281 2100 403 2149 tiam
436 2105 728 2164 comparent.
801 2100 947 2149 Unde
979 2098 1154 2147 merito
1183 2098 1287 2146 loco
1319 2097 1431 2146 huic
1459 2101 1508 2145 et
1540 2097 1897 2147 habitatoribus
1932 2102 2035 2163 ejus

284 2183 446 2245 gravis
487 2183 547 2230 de
588 2183 703 2230 caelo
750 2181 965 2230 vindicta
1010 2181 1220 2229 fiammis
1271 2179 1578 2228 saevientibus
1623 2187 1893 2244 praeparata
1934 2183 2034 2231 est!

283 2266 428 2314 Dixit
468 2271 628 2314 autem
663 2264 931 2313 abbatissa:
971 2265 1062 2312 ‘Et
1099 2281 1250 2327 quare
1292 2281 1390 2311 non
1428 2262 1570 2311 citius
1611 2263 1701 2312 hoc
1737 2271 2033 2329 compertum

282 2347 405 2395 mihi
433 2348 645 2396 revelare
673 2348 870 2397 voluisti
886 2348 904 2395 'l
921 2345 932 2365 '
995 2347 1093 2408 Qui
1125 2347 1410 2411 respondit:
1450 2350 1462 2372 ‘
1478 2346 1644 2395 Timui
1670 2354 1869 2411 propter
1899 2366 2033 2398 reve-

283 2430 492 2478 rentiam
520 2436 670 2489 tuam,
704 2447 764 2478 ne
799 2431 926 2478 forte
962 2429 1167 2476 nimium
1206 2429 1594 2488 conturbareris3
1633 2434 1683 2478 et
1713 2433 1875 2478 tamen
1909 2431 2033 2480 hanc

285 2512 657 2560 consolationem
692 2512 880 2571 habeas,
919 2512 1048 2575 quod
1082 2512 1135 2558 in
1169 2511 1340 2560 diebus
1375 2511 1473 2561 tuis
1507 2511 1608 2560 haec
1645 2513 1787 2576 plaga
1821 2530 1920 2561 non
1954 2531 2032 2562 su-

282 2595 557 2659 perveniet.'
653 2595 763 2655 Qua
804 2595 1054 2658 divulgata
1098 2594 1283 2643 visione
1331 2594 1688 2657 aliquantulum
1728 2595 1821 2643 loci
1860 2598 2031 2645 accolae

284 2677 450 2742 paucis
473 2677 645 2726 diebus
668 2677 854 2737 timere,
881 2683 930 2725 et
962 2678 1142 2740 seipsos
1170 2677 1457 2726 intermissis
1480 2677 1774 2726 facinoribus
1797 2679 2031 2744 castigare

286 2763 547 2823 coeperunt.
618 2759 801 2808 Verum
836 2767 947 2823 post
982 2760 1169 2808 obitum
1204 2760 1360 2823 ipsius
1395 2759 1648 2809 abbatissae
1688 2761 1936 2812 redierunt
1970 2765 2031 2812 ad

285 2842 515 2907 pristinas
543 2842 719 2902 sordes,
743 2841 893 2890 immo
927 2843 1231 2891 sceleratiora
1262 2843 1489 2891 fecerunt.
1561 2842 1630 2892 Et
1662 2860 1772 2892 cum
1803 2844 2029 2905 dicerent,

286 2926 389 2974 Pax
413 2929 462 2972 et
485 2923 731 2983 securitas,
756 2925 997 2988 extemplo
1020 2925 1234 2988 praefatae
1258 2924 1460 2973 ultionis
1483 2929 1600 2973 sunt
1621 2943 1762 2989 poena
1786 2928 1993 2977 multati.

284 3030 294 3039 ·
356 3007 477 3069 Quae
510 3006 631 3054 mihi
667 3011 838 3055 cuncta
873 3007 941 3054 sic
983 3023 1083 3056 esse
1118 3007 1244 3056 facta
1278 3007 1693 3057 reverentissimus
1734 3026 1868 3058 meus
1904 3027 2026 3059 com-

341 3139 353 3163 ¹
383 3136 666 3189 domuncaloe]
711 3143 720 3157 ‘
734 3137 778 3176 It
821 3137 960 3176 would
1006 3138 1134 3177 hence
1172 3152 1325 3191 appear
1362 3137 1456 3177 that
1494 3142 1539 3178 at
1575 3139 1660 3178 this
1702 3140 1804 3180 time
1842 3146 2026 3192 separate

285 3193 387 3233 cells
406 3206 515 3233 were
533 3191 725 3245 assigned
742 3195 786 3232 to
805 3191 878 3232 the
896 3192 1073 3232 inmates
1093 3193 1139 3232 of
1152 3191 1451 3233 monasterias?
1506 3193 1619 3234 Stev.

722 3312 733 3331 ἱ

2170 3265 2198 3284 J«.
2180 2998 2209 3247 *tm*
2194 2944 2209 2974 ,λ
2190 2842 2205 2904 5⁹..
