2216 3554
363 219 425 263 54
937 212 1161 261 Historia
1196 211 1535 261 Ecclesiastica
1867 237 1870 241 ·
1912 209 2108 280 [LIB.1.

362 346 483 394 artis
535 344 828 404 habuissent,
890 361 1002 393 eum
1060 343 1328 407 superando
1386 343 1674 406 deciperent.
1746 339 1821 390 At
1879 342 1955 390 illi
2011 360 2110 391 non

363 428 642 489 daemonica,
681 428 763 476 sed
810 427 977 475 divina
1007 427 1201 475 virtute
1240 426 1435 490 praediti
1475 425 1750 483 veniebant,
1788 441 1976 472 crucem
2021 442 2110 488 pro

360 511 539 559 vexillo
575 512 784 559 ferentes
820 513 1111 573 argenteam,
1146 514 1195 557 et
1231 508 1491 571 imaginem
1524 506 1722 554 Domini
1759 505 2024 554 Salvatoris
2058 506 2111 553 in

360 593 527 641 tabula
559 593 814 656 depictam,
838 591 1152 654 laetaniasque
1185 594 1425 649 canentes,
1450 607 1537 652 pro
1570 605 1656 636 sua
1689 588 1833 635 simul
1861 591 1910 635 et
1941 603 2111 635 eorum

360 681 560 740 propter
580 692 715 739 ¹quos
751 680 800 722 et
836 674 896 721 ad
931 690 1050 737 quos
1083 678 1316 721 venerant
1351 673 1505 720 salute
1538 677 1728 729 aeterna,
1754 668 1965 716 Domino
1998 685 2110 732 sup-

359 758 621 822 plicabant.
695 756 914 818 Cumque
950 755 1012 802 ad
1041 755 1308 818 jussionem
1342 753 1470 818 regis
1505 741 1781 810 residentes,
1819 752 2019 799 verbum
2066 750 2111 798 ei

360 840 489 898 vitae,
516 856 613 887 una
637 855 745 886 cum
776 837 1000 885 omnibus
1026 837 1110 900 qui
1135 837 1335 885 aderant
1367 838 1469 898 ejus
1495 834 1751 883 comitibus
1780 833 2110 897 praedicarent,

359 921 608 985 respondit
641 921 723 968 ille
757 919 944 967 dicens:
989 923 1000 945 ‘
1018 919 1228 967 Pulchra
1262 924 1375 967 sunt
1409 918 1606 982 quidem
1636 917 1782 964 verba
1804 920 1854 964 et
1877 916 2114 979 promissa

359 1020 467 1066 quae
506 1003 735 1063 adfertis;
775 1003 858 1050 sed
901 1001 1015 1064 quia
1053 1018 1179 1049 nova
1211 1006 1338 1059 sunt,
1365 1004 1414 1048 et
1446 1000 1643 1059 incerta,
1675 1016 1774 1046 non
1799 998 1880 1046 -his
1915 1015 2113 1062 possum

358 1086 613 1134 adsensum
651 1085 883 1144 tribuere,
916 1084 1098 1132 relictis
1141 1083 1210 1131 eis
1253 1100 1361 1146 quae
1402 1088 1540 1130 tanto
1578 1087 1794 1145 tempore
1832 1099 1942 1130 cum
1962 1083 2113 1130 omni

358 1168 633 1231 Anglorum
667 1171 810 1231 gente
845 1166 1045 1215 servavi.
1117 1166 1300 1213 Verum
1329 1165 1443 1228 quia
1475 1165 1534 1212 de
1567 1164 1707 1228 longe
1739 1163 1832 1212 huc
1867 1164 2114 1228 peregrini

358 1250 568 1309 venistis,
609 1253 659 1297 et
706 1253 764 1297 ut
798 1265 886 1311 ego
922 1247 1044 1295 mihi
1089 1248 1255 1296 videor
1288 1247 1600 1311 perspexisse,
1637 1264 1692 1295 ea
1727 1264 1834 1310 quae
1869 1264 1954 1295 vos
1999 1265 2115 1297 vera

358 1337 408 1381 et
450 1332 637 1396 optima
676 1330 955 1390 credebatiS,
991 1330 1131 1378 nobis
1164 1346 1353 1394 quoque
1385 1329 1737 1377 communicare
1777 1329 2083 1377 desiderastis
2097 1346 2110 1390 ;

357 1414 583 1462 nolumus
622 1413 813 1460 molesti
858 1429 960 1460 esse
1000 1411 1166 1460 vobis:
1204 1411 1324 1474 quin
1358 1412 1529 1475 potius
1551 1412 1759 1475 benigno
1789 1428 1875 1459 vos
1902 1410 2114 1474 hospitio

356 1497 667 1559 recipere,.et-
684 1512 792 1558 quae
827 1495 979 1543 victui
1009 1498 1123 1543 sunt
1157 1498 1319 1542 vestro
1342 1494 1633 1553 (necessaria,
1667 1494 1941 1542 ministrare
1976 1511 2113 1543 cura.-

357 1595 491 1626 mus:
545 1594 633 1626 nec
671 1577 986 1641 prohibemus
1025 1576 1144 1640 quin
1185 1593 1350 1625 omnes
1390 1593 1510 1640 quos
1548 1576 1750 1639 potestis
1788 1576 1900 1625 fidei
1935 1583 2114 1626 :vestrae

359 1660 611 1724 religionis
647 1660 957 1723 praedicando
993 1658 1212 1707 societis.'
1271 1658 1423 1706 Dedit
1455 1676 1567 1722 ergo
1599 1659 1668 1707 eis
1696 1659 2024 1707 mansionem¹
2061 1661 2113 1707 in

432 1764 517 1799 who
531 1764 637 1806 gives
710 1742 908 1791 civitate
940 1740 1318 1799 Doruvernensi‚
1345 1757 1453 1803 quae
1489 1741 1683 1804 imperii
1715 1742 1790 1788 sui
1822 1742 1974 1789 totius
2009 1746 2115 1791 erat

399 1814 652 1897 ὴίῗοῖξξᾷῗθ
704 1824 1000 1887 metropolis,
1034 1823 1198 1886 eisque
1229 1827 1287 1870 ut
1323 1822 1620 1885 promiserat,
1659 1839 1768 1871 cum
1806 1823 2111 1873 administra-

474 1913 585 1953 bury.
700 1907 834 1955 tione
869 1906 1026 1955 victus
1072 1906 1368 1968 temporalis,
1404 1905 1652 1954 licentiam
1701 1922 1893 1969 quoque
1939 1907 2112 1970 praedi-

358 1990 499 2038 candi
524 2007 622 2038 non
646 1989 861 2038 abstulit.
912 1989 1093 2037 Fertur
1117 1994 1279 2036 autem
1303 1987 1418 2051 quia
1439 1986 1882 2050 adpropinquantes
1911 1988 2111 2050 civitati,

356 2089 490 2121 more
532 2089 619 2120 suo
661 2088 771 2120 cum
810 2087 949 2119 cruce
979 2075 1170 2130 saneta,
1196 2076 1244 2118 et
1279 2070 1490 2133 imagine
1529 2069 1695 2133 magni
1731 2070 1878 2132 Regis
1910 2071 2113 2119 Domini

356 2154 511 2202 nostri
535 2154 566 2202 J
573 2171 658 2202 esu
685 2153 886 2212 Christi,
913 2152 1037 2201 hanc
1059 2152 1313 2201 laetaniam
1346 2169 1551 2200 consona
1573 2169 1690 2200 voce
1718 2153 2110 2203 modularentur:

358 2243 369 2264 ‘
387 2237 715 2300 Deprecamur
740 2239 802 2295 te,
825 2235 1048 2294 Domine,
1075 2234 1128 2281 in
1152 2235 1285 2282 omni
1309 2233 1640 2283 misericordia
1662 2238 1763 2293 tua,
1788 2239 1845 2282 ut
1868 2236 2113 2285 auferatur

356 2319 491 2367 furor
524 2325 638 2367 tuus
676 2321 725 2366 et
762 2317 836 2365 ira
870 2323 957 2366 tua
993 2334 1022 2364 a
1057 2316 1254 2365 civitate
1288 2316 1399 2376 ista,
1436 2320 1487 2365 et
1515 2316 1587 2364 ,de
1622 2317 1765 2365 domo
1801 2321 1967 2366 sancta
2011 2324 2110 2378 tua,

357 2401 584 2464 quoniam
607 2399 918 2465 peccavimus.
990 2398 1227 2447 Alleluia.’

1044 2629 1194 2678 OAP.
1238 2629 1426 2680 XXVI.

409 2773 458 2816 Ut
476 2773 585 2814 idem
604 2772 651 2813 in
671 2771 826 2813 cantia
844 2772 1066 2823 primitivae
1084 2772 1254 2813 ecclesioe
1275 2778 1313 2812 et
1328 2771 1560 2813 doctrinam
1579 2773 1633 2812 sit
1652 2773 1844 2814 imitatus
1863 2779 1901 2813 et
1920 2773 2062 2824 vitam,

687 2847 812 2898 ‘atque
831 2842 879 2882 in
897 2841 992 2882 urbe
1012 2842 1116 2894 reqis
1134 2842 1264 2883 sedem
1283 2843 1535 2895 episcopatus
1554 2843 1766 2894 acceperit.

423 2974 501 3021 AT
535 2973 623 3021 ubi
657 2973 824 3021 datam
870 2973 962 3020 sibi
997 2974 1297 3023 mansionem
1343 2975 1661 3034 intraverant,
1698 2978 1947 3038 coeperunt
1997 2991 2110 3038 apo-

358 3057 578 3108 stolicam
612 3055 875 3119 primitivae
913 3055 1122 3104 ecclesiae
1164 3057 1318 3105 vitam
1362 3057 1574 3118 imitari;
1633 3057 1932 3105 orationibus
1979 3058 2111 3106 vide-

359 3141 473 3189 licet
496 3137 714 3198 assiduis,
738 3137 933 3201 vigiliis,
959 3155 1014 3185 ac
1039 3138 1243 3202 jejuniis
1275 3140 1540 3200 serviendo,
1566 3140 1770 3189 verbum
1792 3139 1907 3187 vitae
1933 3140 2111 3203 quibus

464 3273 479 3297 ¹
499 3274 762 3327 mansionem]
789 3274 843 3313 In
861 3274 934 3314 the
953 3276 1123 3325 quarter
1141 3274 1275 3315 called
1294 3276 1305 3295 ‘
1317 3276 1584 3329 Stablegate.'
1641 3276 1795 3323 Thorn,
1816 3289 1856 3329 p.
1880 3284 1998 3330 1759.
