2216 3554
332 183 425 228 158
678 175 681 177 ’
708 198 711 201 ·
906 180 1132 230 Historia
1167 181 1502 231 Ecclesiastica
1845 182 1977 254 [Lm.
1992 201 2071 235 111.

324 314 469 376 gente
501 325 788 374 paganoque
828 328 940 377 rege
975 313 1282 374 Merciorum,
1320 331 1349 362 a
1384 331 1481 378 quo
1516 319 1565 363 et
1605 315 1929 378 praedecessor
1970 319 2074 380 ejus

326 392 535 441 AEduini
571 399 850 457 peremptus
884 395 1054 456 fuerat,
1090 396 1144 443 in
1185 397 1288 445 loco
1323 398 1408 461 qui
1443 397 1611 460 lingua
1646 397 1918 462 Anglorum
1949 416 2074 446 nun—

325 480 532 539 cupatur
571 475 850 524 Maserfelth
866 476 898 536 ¹,
938 494 1066 526 anno
1108 478 1266 527 aetatis
1307 496 1405 528 suae
1444 479 1695 543 trigesimo
1736 484 1906 529 octavo
1921 482 1955 540 ²,
1995 482 2074 529 die

326 558 500 621 quinto
524 558 699 606 mensis
723 557 952 621 Augusti.

395 640 547 702 Cujus
571 645 752 704 quanta
775 640 893 689 fides
917 640 969 688 in
994 641 1166 701 Deum,
1188 658 1295 706 quae
1320 642 1513 692 devotio
1538 643 1716 692 mentis
1739 645 1901 703 fuerit,
1928 645 2075 693 etiam

407 754 583 790 Mimcles
667 726 777 786 post
801 727 1023 782 mortem,
1050 723 1290 772 virtutum
1315 725 1563 774 miraculis
1588 727 1774 775 claruit.
1846 704 2075 791 Namque

386 803 600 896 91ῗέΐέῐῇἕὲ
668 804 720 851 111
760 805 865 852 1000
901 804 986 852 ubi
1020 822 1108 868 pro
1143 807 1303 869 patria
1343 807 1579 856 dimicans
1614 826 1642 856 a
1682 809 1885 872 paganis
1926 808 2075 857 inter-

375 904 482 946 plaoe
496 903 621 939 where
666 887 821 935 fectus
868 893 956 946 est,
1002 904 1154 951 usque
1200 889 1346 938 hodie
1393 890 1626 939 sanitates
1672 891 1979 939 infirmorum
2027 896 2076 939 et

423 953 473 989 he
486 953 563 989 fell.
664 970 918 1018 hominum
977 976 1025 1019 et
1094 988 1322 1034 pecorum
1381 974 1613 1023 celebrari
1671 993 1771 1023 non
1829 975 2074 1024 desinunt.

326 1054 471 1105 Unde
506 1052 712 1115 contigit
747 1056 804 1100 ut
843 1053 1096 1115 pulverem
1132 1054 1291 1118 ipsum
1326 1056 1413 1104 ubi
1453 1074 1625 1120 corpus
1661 1060 1762 1121 ejus
1804 1058 1858 1106 in
1892 1061 2075 1106 terram

326 1135 522 1195 corruit,
552 1135 697 1183 multi
729 1135 1014 1194 auferentes,
1045 1140 1096 1184 et
1124 1136 1177 1184 in
1209 1155 1386 1202 aquam
1421 1139 1684 1200 mittentes,
1716 1140 1816 1188 suis
1848 1158 1936 1204 per
1973 1140 2077 1189 haec

326 1217 531 1265 infirmis
569 1217 780 1264 multum
815 1217 1055 1265 commodi
1091 1219 1348 1268 adferrent.
1420 1221 1519 1281 Qui
1553 1222 1782 1271 videlicet
1817 1240 1920 1270 mos
1957 1223 2076 1271 adeo
2136 1217 2137 1220 ¹

325 1301 580 1360 increbuit,
605 1306 664 1348 ut
690 1301 926 1363 paulatim
957 1301 1120 1350 ablata
1153 1303 1328 1352 exinde
1352 1307 1483 1352 terra
1506 1304 1683 1353 fossam
1711 1306 1774 1353 ad
1802 1322 2077 1354 mensuram

326 1388 526 1431 staturae
550 1383 709 1431 virilis
732 1383 1016 1432 reddiderit.
1088 1385 1191 1434 Nec
1218 1386 1497 1434 mirandum
1521 1387 1574 1433 in
1602 1387 1707 1435 1000
1736 1387 1908 1438 mortis
1943 1388 2076 1436 illius

326 1466 546 1514 infirmos
575 1466 752 1525 sanari,
779 1466 863 1545 qui
896 1483 1085 1530 semper
1113 1467 1230 1515 dum
1261 1468 1448 1517 viveret
1475 1468 1682 1518 infirmis
1707 1476 1756 1518 et
1784 1470 2078 1533 pauperibus

326 1550 588 1608 consulere,
638 1549 963 1612 eleemosynas
1022 1550 1151 1610 dare,
1200 1567 1340 1615 opem
1388 1552 1514 1600 ferre
1562 1569 1659 1600 non
1707 1553 1936 1602 cessabat.
2007 1553 2078 1601 Et

327 1632 482 1679 multa
527 1632 725 1695 quidem
771 1632 823 1679 in
869 1632 973 1680 1000
1019 1633 1120 1692 1110,
1157 1634 1236 1683 vel
1282 1634 1343 1682 de
1388 1634 1588 1698 pulvere
1635 1635 1729 1683 loci
1776 1635 1907 1684 illius
1953 1635 2079 1684 facta

333 1715 573 1765 virtutum
620 1715 855 1764 miracula
899 1721 1194 1764 narrantur:
1250 1718 1333 1765 sed
1380 1735 1468 1766 nos
1515 1718 1612 1766 duo
1653 1721 1847 1767 tantum
1893 1736 2002 1783 quae
2049 1736 2079 1767 a

327 1798 590 1861 majoribus
615 1798 908 1857 audivimus,
935 1798 1112 1847 referre
1138 1799 1256 1848 satis
1280 1799 1524 1849 duximus.

398 1881 512 1928 Non
544 1880 700 1928 multo
732 1884 843 1943 post
874 1880 1259 1930 interfectionem
1288 1884 1391 1945 ejus
1415 1888 1585 1932 exacto
1614 1887 1846 1948 tempore,
1873 1884 2080 1948 contigit

327 1967 387 2010 ut
421 1962 619 2025 quidam
654 1979 777 2026 equo
815 1962 984 2011 sedens
1019 1962 1114 2010 iter
1143 1965 1288 2026 juxta
1323 1964 1482 2012 locum
1516 1971 1682 2028 ageret
1722 1966 1896 2028 illum3
1940 1966 2079 2030 cujus

329 2062 482 2108 equus
516 2045 676 2093 subito
717 2045 985 2104 lassescere,
1021 2046 1296 2106 consistere,
1333 2053 1479 2111 caput
1514 2048 1566 2095 in
1599 2051 1782 2096 terram
1823 2049 2077 2108 declinare,

329 2144 523 2191 spumas
548 2144 609 2175 ex.
637 2144 719 2175 ore
743 2127 1012 2188 demittere,
1039 2134 1089 2177 et
1117 2135 1404 2193 augescente
1433 2131 1596 2179 dolore
1627 2131 1792 2190 nimio,
1816 2131 1870 2179 in
1898 2136 2079 2181 terram

329 2211 477 2273 coepit
528 2226 686 2260 ruere..
754 2209 972 2259 Desiluit
1031 2227 1189 2275 eques,
1237 2218 1287 2261 et
1345 2213 1576 2261 stramine
1635 2214 1880 2262 substrato
1934 2215 2081 2278 eoepit

329 2298 607 2356 exspectare
650 2293 832 2352 horam,
881 2310 978 2356 qua
1023 2298 1110 2342 aut
1157 2295 1465 2343 melioratum
1510 2296 1747 2360 reciperet
1786 2297 2078 2360 jumentum,

328 2380 414 2424 aut
436 2376 733 2438 relinqueret
756 2381 1018 2425 mortuum.
1089 2375 1161 2425 At
1184 2377 1348 2441 ipsum
1371 2378 1459 2427 diu
1482 2379 1620 2443 gravi
1644 2379 1810 2427 dolore
1833 2385 2078 2440 vexatum,

329 2473 440 2505 cum
467 2457 678 2506 diversas
710 2458 760 2505 in
790 2463 955 2522 partes
987 2476 1038 2508 se
1069 2464 1337 2524 torqueret,
1362 2466 1559 2525 repente
1587 2462 1852 2511 volutando
1885 2462 2081 2511 devenit

328 2540 381 2588 in
415 2541 537 2589 illud
571 2541 663 2589 loci
698 2541 786 2589 ubi
820 2559 906 2590 rex
941 2543 1267 2592 memorabilis
1302 2544 1542 2593 occubuit.
1613 2544 1717 2592 Nec
1758 2561 1906 2604 mora,
1943 2544 2078 2609 quie-

383 2635 399 2658 ¹
426 2636 687 2688 Maserfelth]
723 2637 932 2691 Oswestry
955 2638 1000 2677 in
1025 2638 1176 2690 Shrop-
1232 2638 1353 2688 shire‚
1376 2639 1512 2679 which
1530 2640 1607 2680 has
1626 2639 1711 2679 laid
1731 2640 1853 2680 claim
1873 2643 1916 2680 to
1935 2641 1988 2680 be
2006 2641 2079 2681 the

329 2691 453 2737 shire,
473 2705 598 2731 seven
615 2693 734 2731 miles
755 2693 860 2731 from
886 2693 1175 2746 Shrewsbury;
1231 2707 1351 2733 scene
1383 2694 1430 2733 of
1451 2695 1525 2734 the
1557 2695 1706 2735 battle.
1761 2695 1852 2734 The
1879 2696 2012 2736 battle
2043 2696 2079 2735 is

329 2746 536 2798 formerly.
592 2747 866 2793 Oswaldstre3
922 2749 967 2787 in
1014 2749 1172 2797 Welsh,
1229 2749 1360 2789 called
1380 2750 1544 2801 Cocboy
1562 2750 1619 2802 by
1637 2750 1842 2796 Nennius,
1862 2750 1926 2790 M.
1942 2751 2001 2790 H.
2025 2751 2075 2790 B.

330 2801 453 2841 Croix
466 2801 660 2841 Osualde.
706 2803 750 2840 A
769 2803 910 2854 spring
927 2816 1012 2843 was
1032 2803 1175 2843 shewn
1230 2817 1271 2856 p.
1295 2804 1357 2855 76,
1376 2805 1459 2844 and
1482 2805 1555 2844 the
1578 2805 1801 2844 Cambrian
1819 2805 1998 2852 Annals,
2021 2805 2077 2845 ib.
2126 2839 2128 2841 ,

329 2855 464 2896 called
497 2856 556 2896 St.
589 2856 810 2903 Oswald’s;
853 2858 935 2897 and
969 2871 995 2897 a
1021 2858 1175 2898 church
1230 2873 1271 2912 p.
1308 2861 1401 2911 832.
1458 2860 1503 2899 N
1505 2860 1653 2899 ennius
1683 2873 1775 2912 says
1807 2860 1902 2900 that
1933 2860 2078 2900 Penda

329 2924 415 2951 was
447 2910 666 2950 dedicated
697 2912 795 2950 here
827 2915 871 2951 to
904 2912 964 2954 St.
995 2914 1173 2953 Oswald.
1233 2921 1243 2934 ⁶
1257 2914 1393 2954 victor
1424 2914 1505 2954 fuit
1534 2927 1608 2967 per
1639 2914 2076 2954 diabolicam-artem?

330 2966 484 3019 Chron.
527 2966 719 3005 Dunelm
767 2967 920 3018 quoted
965 2967 1010 3007 in
1056 2968 1174 3008 Mon.
1230 2968 1371 3017 Eowa,
1393 2968 1574 3009 Penda’s
1591 2970 1773 3017 brother,
1795 2970 1866 3009 the
1890 2974 2077 3010 ancestor

330 3021 456 3072 Angl.
482 3020 509 3060 i.
537 3032 626 3071 233.
683 3021 783 3060 This
809 3021 845 3060 is
869 3035 963 3061 now
985 3036 1011 3062 a
1036 3024 1175 3074 parish
1230 3024 1277 3063 of
1291 3024 1395 3072 offa,
1417 3029 1501 3064 was
1518 3024 1648 3063 killed
1667 3025 1776 3064 here.

330 3076 497 3120 chureh,
529 3076 607 3115 but
640 3089 723 3115 was
757 3089 856 3115 once
885 3090 911 3115 a
939 3082 1175 3129 monastery
1286 3078 1302 3102 ²
1328 3079 1533 3131 triyesimo
1552 3079 1707 3131 octavo]
1738 3079 1801 3119 At
1822 3079 1895 3118 the
1924 3092 2003 3130 age
2033 3079 2081 3118 of

331 3131 462 3170 called
487 3131 561 3170 the
579 3131 726 3170 White
751 3130 945 3170 Minster.
1001 3132 1174 3182 Leland,
1231 3134 1518 3187 thirty-seven,
1542 3148 1589 3173 or
1614 3134 1658 3174 in
1685 3135 1751 3173 his
1780 3133 2076 3186 thirty-eighth

329 3186 555 3237 Itinerary‚
585 3199 626 3226 v.
662 3193 726 3236 37.
783 3185 919 3225 There
954 3186 991 3226 is
1027 3187 1113 3226 also
1151 3200 1177 3227 a
1230 3201 1343 3240 year.
1423 3193 1436 3212 ‘
1448 3188 1604 3228 Osuald
1657 3189 1742 3228 had
1801 3189 1942 3241 bodily
1996 3202 2074 3241 age

330 3241 447 3293 place
487 3241 617 3281 called
656 3241 899 3282 Maserfield
936 3241 979 3281 in
1019 3242 1174 3282 Lanca-
1231 3244 1390 3284 xxxvii.
1410 3242 1608 3285 winters)
1666 3243 1763 3284 S.V.
