2216 3554
938 193 1166 242 Historia
1199 194 1535 242 Ecclesiastica
1901 188 2032 259 [Lm.
2049 207 2107 241 11.

363 199 425 245 96

360 327 559 391 agendae
574 326 590 353 1
614 342 781 374 eorum
806 325 1085 374 solemniter
1116 325 1420 373 celebrantur
1433 327 1464 372 ².
1535 324 1787 386 Scriptum
1814 340 1929 372 vero
1954 329 2025 372 est
2057 323 2108 370 in

360 410 529 458 tumba
553 409 765 472 ejusdem
788 407 1056 471 Augustini
1080 407 1384 470 epitaphium
1407 406 1708 469 hujusmodi:
1839 400 1843 406 ’

431 496 443 518 ‘
458 491 558 539 Hic
581 490 842 554 requiescit
871 490 1079 537 domnus
1104 489 1408 552 Augustinus
1433 488 1820 536 Doruvernensis
1852 487 2111 551 archiepis-

361 592 508 639 copus
544 574 741 638 primus,
775 571 862 636 qui
897 572 1013 620 olim
1052 572 1148 620 huc
1188 588 1218 619 a
1258 572 1399 619 beato
1435 570 1672 633 Gregorio
1708 571 1936 618 Romanae
1974 570 2111 618 urbis

359 657 589 722 pontifice
618 656 843 714 directus,
883 660 931 702 et
965 671 995 702 a
1030 653 1135 702 Deo
1173 654 1450 717 operatione
1490 653 1834 701 miraculorum
1869 652 2110 712 suffultus,

362 740 720 788 AEdilberctum
735 754 896 800 regem
915 752 970 784 ac
988 739 1182 800 gentem
1200 737 1333 784 illius
1351 737 1413 784 ab
1432 735 1676 784 idolorum
1695 736 1830 783 cultu
1847 736 1908 784 ad
1928 734 2112 784 Christi

360 823 507 871 fidem
530 820 774 885 perduxit,
800 823 850 867 et
874 819 1126 882 completis
1150 819 1203 866 in
1227 836 1344 883 pace
1368 819 1540 867 diebus
1574 818 1718 867 officii
1743 819 1832 878 sui,
1858 819 2113 867 defunctus

361 912 432 954 est
456 905 661 968 septimo
676 904 693 930 ³
715 902 947 950 kalendas
965 901 1004 950 J
1004 901 1156 960 unias,
1183 903 1349 950 eodem
1374 920 1487 967 rege
1509 903 1774 966 regnante.’

1096 1096 1244 1146 CAP.
1293 1098 1381 1147 IV.

362 1243 411 1283 Ut
422 1239 669 1283 Laurentius
682 1250 771 1278 cmm
785 1235 1030 1288 coepiscopis
1041 1236 1128 1275 suis
1141 1235 1294 1276 Scottos
1307 1237 1506 1277 unitatem
1517 1241 1667 1279 sanctae
1682 1237 1868 1286 ecclesiae,
1884 1244 1920 1278 et
1933 1237 2113 1278 ‘maxime

461 1313 508 1351 in
526 1308 678 1362 pascha
696 1305 938 1347 observando
956 1304 1070 1356 sequi
1090 1306 1307 1356 monuerit,
1325 1309 1362 1345 et
1382 1312 1427 1345 ut
1446 1306 1500 1346 M
1499 1306 1634 1347 ellicus
1653 1307 1825 1348 Romam
1844 1308 2010 1347 venerit.

430 1437 703 1486 Succnssrr
727 1431 1008 1497 Augustino
1042 1431 1095 1479 in
1128 1432 1462 1496 episcopatum
1499 1433 1808 1492 Laurentius,
1834 1451 1979 1498 quem
2011 1433 2113 1497 ipse

412 1534 650 1574 Laurentius,
701 1517 880 1565 idcirco
922 1515 1078 1563 adhuc
1119 1515 1289 1562 vivens
1330 1515 1655 1575 ordinaverat,
1692 1532 1753 1564 ne
1794 1532 1844 1564 se
1887 1516 2114 1564 defuncto

416 1584 644 1668 ξζοῑόἓξῗέἑῇρ
703 1602 859 1647 status
883 1598 1092 1646 ecclesiae
1118 1602 1221 1646 tam
1252 1598 1400 1657 rudiS,
1426 1598 1503 1647 vel
1529 1599 1591 1646 ad
1614 1598 1783 1647 horam
1817 1603 2008 1662 pastore
2033 1598 2114 1646 de-

477 1683 586 1725 bury.
701 1681 916 1739 stitutus,
946 1681 1171 1729 vacillare
1204 1680 1452 1743 inciperet.
1524 1680 1589 1729 In
1626 1697 1720 1744 quo
1756 1687 1804 1729 et
1839 1680 2115 1743 exemplum

361 1763 650 1827 sequebatur
687 1763 836 1826 primi
870 1763 1080 1826 pastoris
1117 1762 1339 1822 ecclesiae,
1372 1763 1462 1810 hoc
1497 1768 1584 1821 est,
1621 1762 1885 1811 beatissimi
1921 1767 2129 1826 aposto-'

358 1846 516 1894 lorum
564 1845 798 1909 principis
845 1844 999 1904 Petri,
1049 1844 1134 1908 qui
1193 1844 1397 1893 fundata
1448 1844 1622 1893 Romae
1675 1845 1875 1893 ecclesia
1928 1845 2114 1895 Christi

362 1928 660 1976 Clementem
696 1927 792 1975 sibi
821 1927 1091 1990 adjutorem
1127 1927 1503 1991 evangelizandi,
1529 1926 1674 1975 simul
1710 1933 1758 1976 et
1792 1945 2112 1976 successorem

360 2026 654 2059 consecrasse
679 2009 975 2073 perhibetur.
1046 2010 1340 2058 Laurentius
1364 2009 1713 2073 archiepiscopi
1736 2010 1893 2075 gradu
1925 2010 2113 2074 potitus

360 2091 691 2140 strenuissime
737 2092 1053 2139 fundamenta
1098 2091 1322 2151 ecclesiae,
1367 2108 1476 2155 quae
1522 2092 1754 2141 nobiliter
1792 2093 1924 2156 jacta
1970 2093 2111 2151 vidit,

359 2178 683 2238 augmentare,
709 2179 856 2237 atque
885 2175 947 2222 ad
969 2174 1240 2238 profectum
1275 2175 1428 2223 debiti
1461 2175 1697 2234 culminis,
1725 2180 1773 2223 et
1795 2177 1965 2224 crebra
1995 2193 2112 2224 voce

362 2261 540 2308 sanctae
566 2256 929 2317 exhortationis,
957 2262 1006 2306 et
1029 2257 1273 2305 continuis
1300 2258 1395 2321 piae
1423 2258 1719 2321 operationis
1743 2259 1977 2322 exemplis
1999 2275 2110 2322 pro-

358 2341 532 2391 vehere
562 2339 764 2388 curavit.
834 2339 1057 2404 Denique
1090 2357 1188 2388 non
1218 2340 1375 2389 solum
1407 2358 1546 2389 novae
1571 2358 1679 2404 quae
1712 2341 1771 2390 de
1795 2340 1975 2406 Anglis
2006 2347 2112 2391 erat

415 2476 430 2499 ¹
458 2477 646 2530 ayendae]
699 2478 844 2518 Plural
890 2479 1052 2519 formed
1103 2479 1209 2519 from

362 2531 574 2584 ‘agenda,’
608 2533 742 2572 which
779 2534 815 2574 is
852 2535 954 2574 used
989 2535 1110 2574 alone
1144 2536 1210 2574 for

359 2594 370 2610 ⁸
385 2588 546 2638 agenda
573 2591 830 2627 mortuorum
846 2590 876 2627 ε’
914 2590 1124 2639 meaning,
1152 2603 1208 2629 an

359 2642 476 2682 office
514 2655 559 2681 or
603 2655 713 2682 mass
750 2643 813 2683 for
847 2644 920 2683 the
961 2644 1078 2684 dead.
1135 2646 1205 2685 Du

360 2698 500 2748 Gange
519 2697 565 2735 in
583 2710 623 2736 v.

414 2750 430 2773 ²
457 2751 726 2805 celebrantur]
788 2757 799 2775 ‘
814 2753 999 2805 Septimo
1049 2755 1207 2795 decimo

360 2807 634 2846 constitutum
682 2811 744 2847 est
789 2813 994 2860 praecepto
1031 2814 1081 2849 ut
1113 2810 1206 2849 dies

358 2862 576 2901 natalitius
620 2862 734 2902 beati
769 2877 885 2914 papae
923 2863 1125 2916 Gregorii,
1163 2869 1206 2904 et

361 2917 449 2956 dies
477 2929 642 2968 quoque
675 2917 952 2969 depositionis,
985 2921 1057 2971 qui
1089 2924 1150 2959 est
1183 2927 1204 2971 7

360 2972 460 3011 Kal.
497 2972 527 3011 J
530 2971 630 3017 unii,
677 2973 718 3012 S.
759 2972 989 3024 Augustini
1025 2974 1205 3027 archiep.

360 3030 488 3078 atque
520 3027 771 3073 confessoris,
799 3028 872 3078 qui
904 3028 1021 3078 genti
1049 3030 1205 3081 Anglo-

360 3095 451 3120 rum
472 3081 621 3121 missus
644 3095 670 3121 a
694 3081 867 3134 praefato
885 3096 992 3135 papa
1020 3087 1064 3122 et
1087 3089 1205 3136 patre

360 3142 502 3176 nostro
521 3136 719 3189 Gregorio
743 3137 954 3176 scientiam
976 3137 1086 3184 fidei,
1105 3139 1203 3190 bap-

361 3191 476 3230 tismi
491 3196 803 3240 sacramentum,
817 3196 860 3231 et
872 3192 1045 3232 caelestis
1058 3194 1203 3245 patriae

361 3246 553 3286 notitiam
573 3247 732 3300 primus
757 3247 923 3294 adtulit,
943 3247 996 3286 ab
1015 3249 1203 3288 omnibus

1264 2480 1373 2520 sicut
1411 2480 1529 2520 decet
1574 2480 1795 2520 honorifice
1833 2485 2111 2523 venerentur:

1264 2536 1325 2575 ita.
1352 2539 1401 2575 ut
1429 2539 1603 2587 uterque
1631 2536 1719 2575 dies
1746 2536 1800 2575 ab
1828 2536 2112 2576 ecclesiasticis

1263 2595 1306 2630 et
1326 2590 1686 2631 monasterialibus
1705 2591 1877 2631 feriatus
1895 2591 2108 2640 habeatur,

1260 2659 1494 2698 nomenque
1529 2646 1715 2697 ejusdem
1751 2646 1864 2685 beati
1901 2647 2030 2698 patris
2068 2651 2111 2686 et

1263 2700 1441 2740 doctoris
1468 2701 1600 2740 nostri
1619 2701 1850 2753 Augustini
1869 2701 1913 2740 in
1931 2701 2108 2741 laetaniae

1262 2755 1552 2795 decantatione
1580 2761 1672 2809 post
1699 2756 1742 2796 S.
1771 2756 1961 2808 Gregorii
1990 2770 2109 2796 voca-

1262 2811 1418 2850 tionem
1458 2824 1618 2864 nemper
1655 2809 1842 2851 dicatur?
1901 2810 2107 2863 Spelman,

1261 2865 1413 2906 Concil.
1436 2865 1464 2905 i.
1488 2878 1579 2918 249,
1604 2875 1701 2916 250:
1728 2866 1886 2905 Decree
1913 2866 1960 2905 of
1975 2866 2104 2906 coun-

1262 2921 1315 2960 cil
1333 2921 1380 2960 of
1393 2921 1629 2967 Cloveshoe,
1649 2931 1737 2962 ΑΛ).
1761 2929 1850 2973 747,
1871 2934 1905 2960 c.
1930 2929 1992 2972 17.

1316 2975 1332 2999 3
1358 2975 1544 3027 septimo]
1566 2976 1672 3028 May
1694 2975 1754 3020 26,
1776 2986 1859 3016 A.D.
1879 2974 1973 3027 604.
2031 2977 2108 3017 See

1258 3030 1383 3083 proof
1422 3031 1469 3071 of
1506 3031 1590 3070 this
1636 3031 1681 3070 in
1719 3030 1957 3070 Wharton’s
1992 3033 2108 3081 Ang.

1260 3086 1351 3125 Sao.
1363 3085 1391 3126 i.
1407 3098 1474 3138 91.
1522 3086 1613 3125 The
1633 3085 1906 3136 Chronologia
1920 3085 2107 3126 Ooenobii

1259 3140 1300 3181 S.
1321 3141 1564 3192 Augustini,
1585 3140 1802 3193 appended
1829 3143 1873 3178 to
1893 3140 2034 3180 Thorn
2060 3142 2106 3180 in

1258 3195 1476 3247 Twysden,
1504 3196 1645 3235 makes
1681 3195 1716 3234 it
1746 3194 1819 3234 the
1856 3208 1970 3234 same
2006 3209 2108 3248 year

1259 3249 1362 3289 with
1382 3251 1496 3302 Pope
1515 3248 1749 3303 Gregorius'
1769 3249 1907 3290 death.
