2216 3554
142 166 151 182 ⁰
173 177 295 225 CAP.
321 173 499 243 XXIII]
747 196 751 200 ’
815 173 981 223 Gentis
1016 170 1295 233 Aoquorwm.
1832 171 1929 216 263

172 315 366 372 tempus
401 298 514 356 facti
554 304 847 364 monasterii,
885 302 1081 351 secessit
1115 302 1178 350 ad
1214 301 1463 348 civitatem
1496 298 1795 348 Calcariam1
1822 317 1930 362 quae

172 411 201 440 a
234 397 377 454 gente
409 387 690 455 Anglorum
725 386 1066 436 Kaelcacaestir
1100 385 1386 448 appellatur,
1420 382 1586 446 ibique
1645 421 1722 456 and
1736 422 1874 457 abbess

928 469 1140 518 Praelata
1168 474 1332 516 autem
1362 466 1589 535 regimini
1662 472 1703 506 of
1717 471 1852 506 Caelca-

172 475 263 523 sibi
299 475 597 523 mansionem
628 471 856 519 instituit.
1680 523 1827 557 ceaster

172 558 452 606 monasterii
499 557 633 604 illius
679 553 863 602 famula,
910 552 1096 600 Christi
1145 551 1280 609 Hild,
1331 567 1447 598 mox
1498 550 1588 598 hoe

172 641 386 703 regulari
421 641 525 688 vita
562 655 648 703 per
687 635 864 695 omnia,
906 641 1057 698 prout
1096 652 1125 682 a
1163 633 1319 682 doctis
1356 633 1473 682 viris
1508 632 1690 681 discere
1725 636 1931 696 poterat,

173 724 399 771 ordinare
424 722 655 770 curabatt
694 703 805 766 nam
841 721 891 766 et
923 718 1175 781 episcopus
1199 716 1375 775 Aidan,
1402 720 1451 763 et
1484 714 1665 779 quique
1698 723 1933 765 noverant

172 823 279 852 eam
302 804 530 868 religiosi,
556 820 644 866 pro
678 800 827 849 insita
860 800 903 848 ei
936 799 1175 863 sapientia
1204 802 1253 847 et
1282 814 1446 846 amore
1470 796 1627 845 divini
1653 797 1930 859 famulatus,

175 889 342 936 sedulo
367 904 475 936 eam
498 885 712 943 visitare,
738 884 913 932 obnixe
937 900 1113 941 amare,
1139 882 1402 946 diligenter
1425 881 1618 929 erudire
1643 881 1874 930 solebant.

240 971 364 1019 Cum
411 985 525 1032 ergo
573 968 760 1030 aliquot
808 967 993 1014 annos2
1035 966 1147 1013 huic
1188 963 1498 1023 monasterio,
1541 963 1778 1027 regularis
1813 965 1932 1013 vitae

171 1051 470 1100 institutioni
505 1050 716 1099 multum
753 1050 941 1097 intenta
976 1052 1217 1111 praeesset,
1242 1047 1449 1110 contigit
1484 1064 1588 1095 eam
1657 1065 1795 1100 Builds
1810 1076 1862 1100 an

172 1134 411 1197 suscipere
470 1132 619 1180 etiam
678 1131 1056 1179 construendum
1111 1130 1212 1178 sive
1265 1129 1588 1177 ordinandum
1667 1116 1863 1201 ζὲξὲζέἔ

171 1215 515 1264 monasterium
559 1214 613 1261 in
654 1214 759 1262 loco
801 1213 883 1276 qui
923 1219 1126 1261 vocatur
1168 1211 1540 1260 Streaneshalch
1555 1211 1586 1271 ³,
1688 1215 1811 1282 shalh,

172 1299 303 1361 quod
335 1315 456 1362 opus
489 1297 582 1345 sibi
614 1296 890 1359 injunctum
920 1313 1018 1343 non
1050 1295 1263 1358 segniter
1291 1294 1527 1357 implevit.
1600 1294 1730 1342 Nam
1755 1294 1934 1343 eisdem

172 1381 350 1444 quibus
385 1380 522 1444 prius
559 1379 922 1438 monasterium,
958 1378 1105 1427 etiam
1139 1378 1230 1426 hoc
1259 1377 1527 1440 disciplinis
1551 1377 1666 1425 vitae
1699 1377 1936 1441 regularis

171 1463 419 1511 instituit:
459 1468 507 1511 et
544 1461 741 1525 quidem
779 1462 986 1509 multam
1018 1461 1141 1508 inibi
1178 1477 1368 1524 quoque
1398 1459 1620 1523 justit-iae,
1645 1459 1861 1522 pietatis,
1887 1465 1937 1507 et

172 1545 482 1604 castimoniae,
510 1551 892 1607 caeterarumque
917 1545 1172 1602 virtutum,
1198 1543 1281 1591 sed
1314 1542 1525 1590 maxime
1560 1541 1693 1604 pacis
1730 1546 1779 1590 et
1815 1543 1934 1590 cari-

171 1629 287 1677 tatis
311 1627 581 1675 custodiam
610 1626 806 1674 docuit:
846 1627 917 1675 ita
948 1632 1005 1674 ut
1036 1627 1088 1673 in
1122 1625 1398 1688 exemplum
1431 1624 1698 1688 primitivae
1723 1623 1934 1672 ecclesiae

171 1711 335 1758 nullus
364 1709 435 1758 ibi
464 1710 615 1765 dives,
639 1709 810 1756 nullus·
841 1713 968 1756 esset
1000 1725 1158 1772 egens,
1180 1707 1411 1773 pmnibus
1437 1710 1597 1754 essent
1622 1705 1784 1754 omnia
1809 1722 1958 1754 com-2

171 1793 351 1852 munia,
379 1809 489 1840 cum
526 1790 651 1838 nihil
687 1793 970 1854 cujusquam
1006 1808 1107 1839 esse
1142 1790 1391 1838 videretur
1426 1788 1695 1852 proprium.
1768 1788 1936 1836 Tantae

170 1882 336 1924 autem
371 1879 476 1922 erat
511 1873 618 1937 ipsa
646 1874 930 1936 prudentiae,
963 1879 1020 1922 ut
1051 1890 1150 1921 non
1183 1873 1341 1921 solum
1372 1872 1636 1919 mediocres
1670 1870 1852 1934 quique
1884 1871 1937 1917 in

170 1957 544 2007 necessitatibus
581 1956 693 2015 suiS,
733 1957 816 2005 sed
859 1957 1009 2004 etiam
1053 1973 1188 2019 reges
1223 1972 1279 2003 ac
1313 1955 1555 2019 principes
1591 1969 1937 2016 nonnunquam

171 2041 232 2089 ab
280 2057 336 2088 ea
382 2045 653 2103 quaererent
697 2039 967 2097 consilium,
1016 2044 1066 2087 et
1111 2038 1402 2086 invenirent.
1476 2037 1690 2084 Tantum
1737 2036 1936 2084 lectioni

172 2123 450 2171 divinarum
480 2122 845 2185 Scripturarum
875 2139 988 2170 suos
1020 2138 1189 2170 vacare
1222 2121 1456 2179 subditos,
1483 2123 1675 2167 tantum
1708 2118 1936 2182 operibus

171 2206 372 2270 justitiae
407 2222 458 2253 se
492 2222 714 2255 exercere
749 2206 970 2264 faciebat,
996 2210 1054 2254 ut
1084 2204 1314 2253 facillime
1339 2204 1621 2251 viderentur
1644 2201 1825 2250 ibidem
1850 2202 1935 2265 qui

171 2287 563 2336 Ecclesiasticum
598 2289 822 2352 gradum,
858 2288 949 2336 hoc
977 2292 1062 2347 est,
1101 2287 1268 2335 altaris
1304 2285 1513 2333 officium
1549 2294 1662 2348 apte
1698 2283 1935 2344 subirent,

172 2370 373 2433 plurimi
407 2387 546 2434 posse
581 2372 800 2435 reperiri.

241 2453 464 2517 Denique
511 2454 728 2519 quinque
784 2472 846 2503 ex
899 2454 1068 2502 eodem
1122 2451 1414 2501 monasterio
1469 2455 1636 2516 postea
1689 2451 1934 2516 episcopos

228 2607 241 2630 ¹
271 2607 530 2661 Calcariam]
559 2609 810 2649 Mentioned
849 2609 905 2661 by
939 2610 1027 2649 An-

172 2662 324 2708 tonius,
351 2662 416 2701 M.
433 2663 491 2703 H.
505 2664 555 2702 B.
584 2678 625 2716 p.
659 2675 723 2711 21,
752 2664 835 2703 and
863 2665 920 2717 by
940 2665 1028 2703 him

172 2717 316 2770 placed
337 2717 436 2757 nine
455 2718 575 2758 miles
601 2719 706 2758 from
727 2719 859 2759 York.
916 2719 1028 2759 Now

171 2772 408 2820 Tadcaster,
451 2773 648 2823 Camden‚
693 2774 748 2813 iii.
797 2786 888 2826 240,
933 2785 1025 2823 291.

174 2828 365 2879 Munay,
404 2827 649 2877 Yorkshire,
698 2842 739 2881 p.
781 2828 876 2880 462,
915 2842 1022 2881 says,

176 2883 290 2922 ‘The
335 2882 489 2934 village
535 2883 582 2922 of
619 2883 859 2935 Healaugh‚
897 2884 1026 2923 about

172 2938 290 2977 three
329 2937 446 2976 miles
474 2938 598 2977 north
636 2938 683 2977 of
715 2938 950 2985 Tadcaster,
990 2939 1024 2978 is

173 2992 365 3031 believed
404 2996 449 3031 to
489 2993 610 3032 mark
646 2993 719 3032 the
757 2993 835 3032 site
872 2993 918 3032 of
961 2993 1023 3035 St.

173 3047 324 3086 Heiu’s
344 3046 601 3094 foundation,
630 3048 714 3087 and
734 3048 915 3101 possibly
934 3062 1024 3101 pre-

172 3115 308 3141 serves
355 3101 431 3140 her
470 3115 605 3151 name,
624 3125 675 3132 —
694 3108 718 3124 ‘⁸
740 3103 854 3142 Heiu
871 3125 887 3132 -
901 3103 1021 3155 laeg,”

172 3156 322 3196 Heiu’s
374 3157 584 3209 territory.
654 3157 791 3197 There
838 3171 909 3197 are
957 3171 1020 3197 re·

172 3212 307 3251 mains
336 3211 380 3250 of
405 3212 572 3251 ancient
591 3211 858 3252 foundations
883 3213 1022 3253 north-

174 3271 276 3307 west
296 3267 341 3307 of
359 3266 431 3306 the
452 3266 618 3317 church,
641 3267 724 3307 and
743 3280 769 3307 a
789 3281 889 3321 very
909 3268 1023 3322 early

1083 2607 1320 2657 tomb-slab,
1351 2607 1457 2647 with
1486 2620 1512 2647 a
1539 2620 1647 2647 cross
1677 2607 1851 2647 marked
1880 2621 1932 2646 on

1083 2664 1129 2709 it,
1158 2663 1231 2703 the
1259 2663 1369 2703 head
1397 2663 1551 2702 formed
1591 2663 1637 2702 of
1669 2663 1749 2702 five
1777 2663 1933 2702 circles.

1083 2718 1203 2758 Some
1250 2718 1507 2762 tomb-slabs
1555 2717 1600 2757 of
1632 2731 1735 2770 very
1773 2718 1933 2756 similar

1081 2773 1295 2812 character
1331 2773 1439 2813 have
1476 2772 1582 2812 been
1611 2773 1849 2812 discovered
1887 2776 1931 2811 at

1081 2826 1352 2880 Hartlepool.'

1136 2882 1153 2905 ²
1180 2883 1339 2936 aliquot
1397 2882 1547 2935 annos]
1597 2883 1651 2922 In
1698 2893 1789 2922 ΑΛ).
1837 2880 1931 2932 656.

1079 2937 1209 2984 Beda,
1249 2952 1288 2990 p.
1322 2949 1412 2990 190,
1451 2940 1555 2978 fixes
1584 2938 1655 2978 the
1685 2937 1931 2976 foundation

1078 2993 1125 3032 of
1146 2993 1441 3033 Streaneshalh
1471 2998 1556 3033 two
1580 3005 1697 3045 years
1724 2992 1832 3031 after
1858 2991 1931 3030 the

1078 3048 1213 3087 battle
1232 3049 1279 3088 of
1302 3048 1521 3098 Winwaed,
1543 3047 1679 3087 which
1698 3046 1794 3085 took
1815 3046 1930 3097 place

1074 3102 1186 3143 Nov.
1233 3114 1296 3155 15,
1335 3114 1424 3143 A.D.
1458 3103 1552 3155 654.
1642 3101 1718 3140 See
1759 3115 1799 3153 p.
1836 3112 1929 3153 190,

1075 3162 1173 3198 note
1206 3170 1240 3198 2.

1132 3213 1148 3236 ³
1174 3212 1505 3267 Streaneshalch]
1548 3212 1623 3252 See
1648 3223 1688 3263 p.
1713 3209 1800 3263 189,
1825 3208 1929 3248 with

1077 3272 1176 3309 note
1206 3279 1244 3320 5.
