2216 3554
268 145 324 190 31
336 145 364 189 4
840 141 1070 191 Historia
1102 142 1443 191 Ecclesiastica'
1811 138 1947 209 [LIB.
1962 157 2011 191 v.

265 278 496 338 ceptaque
542 277 757 334 tonsura,
795 274 951 323 locum
997 279 1193 325 secretae
1240 274 1501 323 mansionis
1538 290 1682 338 quam
1721 274 2012 337 praeviderat

263 357 425 415 abbas,
462 357 695 406 intravit:
740 362 789 406 et
823 357 893 405 ibi
926 375 1078 421 usque
1113 359 1175 406 ad
1209 359 1337 406 diem
1373 357 1545 405 mortis
1578 356 1631 403 in
1664 360 1801 405 tanta
1835 357 2011 404 mentis

264 444 315 488 et
351 440 564 504 corporis
600 439 890 488 contritione
921 440 1129 500 duravit,
1157 446 1214 488 ut
1242 441 1396 488 multa
1423 440 1577 499 illum,
1602 456 1709 502 quae
1742 439 1859 487 alios
1891 440 2010 487 late-

263 526 386 581 rent,
413 523 489 570 vel
513 522 754 570 horrenda
776 522 854 572 vel
879 522 1192 571 desideranda
1215 522 1406 582 vidisse,
1427 522 1615 570 etiamsi
1638 522 1806 584 lingua
1832 521 2008 581 sileret,

262 604 365 653 vita
388 605 680 668 loqueretur.

331 688 576 737 Narrabat
599 693 762 736 autem
785 687 876 735 hoc
899 687 1041 735 modo
1066 688 1196 751 quod
1214 687 1403 736 viderat
1424 705 1435 736 :
1475 691 1486 713 ‘
1500 686 1742 746 Lucidus,’
1766 686 2008 750 inquiens,

264 774 500 833 ‘aspectU,
536 775 585 818 et
623 771 781 817 clarus
818 776 922 818 erat
959 770 1244 818 indumento
1282 771 1365 834 qui
1407 788 1484 819 me
1520 770 1738 819 ducebat.
1808 770 2009 818 Incede-

261 853 431 901 bamus
473 859 636 901 autem
671 856 899 911 tacentes,
935 855 993 900 ut
1029 853 1286 901 videbatur
1318 853 1454 908 mihi,
1490 857 1657 901 contra
1693 856 1856 900 ortum
1896 853 2009 900 solis

261 935 565 984 solstitialem
584 952 596 995 3
635 951 838 998 cumque
862 935 1231 994 ambularemus,
1251 936 1532 983 devenimus
1556 935 1617 983 ad
1641 935 1816 983 vallem
1841 935 2009 984 multae

260 1018 534 1066 latitudinis
570 1035 623 1066 ac
661 1017 1022 1081 profunditatis,
1060 1017 1264 1065 infinitae
1302 1023 1464 1066 autem
1504 1017 1852 1081 longitudinis;
1901 1035 2009 1081 quae

261 1101 322 1148 ad
358 1101 532 1149 laevam
565 1099 705 1148 nobis
741 1100 847 1160 sita,
876 1117 1031 1148 unum
1066 1100 1196 1148 latus
1231 1100 1438 1148 flammis
1468 1100 1768 1148 ferventibus
1803 1100 2009 1149 nimium

259 1182 492 1241 terribile,
535 1182 744 1230 alterum
784 1182 968 1230 furenti
1012 1183 1247 1246 grandine
1295 1200 1350 1231 ac
1395 1181 1571 1246 frigore
1618 1182 1806 1231 nivium
1848 1184 2009 1231 omnia

259 1266 494 1329 perflante
540 1270 687 1328 atque
733 1271 956 1314 verrente
1002 1283 1098 1314 non
1144 1266 1306 1314 minus
1358 1266 1662 1315 intolerabile
1707 1267 2005 1330 praeferebat.

259 1347 536 1410 Utrumque
561 1353 724 1395 autem
748 1352 852 1396 erat
881 1348 1133 1397 animabus
1157 1349 1406 1397 hominum
1431 1350 1642 1412 plenum,
1668 1367 1775 1413 quae
1797 1349 2010 1398 vicissim

258 1430 370 1478 hinc
405 1430 519 1478 inde
554 1429 847 1479 videbantur
882 1431 1021 1495 quasi
1057 1431 1359 1495 tempestatis
1393 1432 1579 1496 impetu
1608 1431 1798 1496 jactari.
1881 1431 2008 1481 Cum

258 1511 388 1559 enim
422 1512 524 1559 vim
561 1512 764 1561 fervoris
805 1513 1030 1562 immensi
1065 1514 1274 1562 tolerare
1315 1531 1414 1562 non
1450 1518 1659 1578 possent,
1694 1514 2008 1578 prosiliebant

259 1594 446 1643 miserae
478 1596 532 1643 in
564 1596 779 1644 medium
802 1597 996 1661 frigoris
1027 1596 1220 1646 infesti:
1259 1602 1308 1646 et
1340 1614 1451 1646 cum
1480 1614 1633 1660 neque
1664 1597 1732 1645 ibi
1756 1597 2008 1661 quippiam

257 1677 442 1741 requiei
475 1678 691 1727 invenire
723 1680 954 1737 valerent,
979 1680 1257 1729 resiliebant
1288 1697 1454 1728 rursus
1479 1680 1675 1728 urendae
1708 1680 1761 1727 in
1792 1681 2006 1728 medium

256 1760 557 1809 flammarum
581 1761 1046 1826 inextinguibilium.
1118 1762 1340 1827 Cumque
1367 1763 1454 1811 hac
1479 1763 1656 1812 infelici
1674 1763 2006 1811 vicissitudine

256 1842 397 1907 longe
431 1843 637 1907 lateque,
673 1849 821 1907 prout
856 1844 1067 1908 aspicere
1102 1851 1335 1909 poteram,
1372 1846 1474 1894 sine
1509 1846 1609 1894 ulla
1646 1845 1821 1910 quietis
1855 1846 2005 1894 inter-

255 1926 482 1989 capedine
510 1926 874 1975 innumerabilis
904 1927 1169 1991 spirituum
1193 1928 1483 1977 deformium
1513 1929 1779 1977 multitudo
1812 1933 2004 1992 torque-

254 2013 423 2067 retur3
461 2010 671 2073 cogitare
704 2010 825 2074 coepi
858 2011 986 2074 quod
1020 2011 1099 2059 hic
1134 2011 1334 2060 fortasse
1369 2016 1494 2059 esset
1524 2011 1753 2071 infernus,
1778 2012 1838 2059 de
1870 2014 2006 2074 cujus
2072 2052 2074 2056 ,

254 2091 508 2139 tormentis
549 2092 934 2141 intolerabilibus
979 2109 1176 2141 narrare
1218 2094 1395 2157 saepius
1443 2093 1643 2143 audivit.
1737 2094 2006 2158 Respondit

254 2172 535 2236 cogitationi
556 2191 675 2223 meae
691 2176 866 2223 ductor
885 2175 968 2239 qui
986 2192 1063 2223 me
1081 2177 1411 2239 praecedebat:
1449 2181 1475 2203 “
1490 2177 1605 2225 Non
1620 2176 1750 2236 hoc,''
1766 2178 2004 2242 inquienS,

254 2258 281 2281 “
298 2257 579 2320 suspiceris3
617 2275 714 2307 non
739 2259 869 2307 enim
892 2259 971 2307 hic
995 2259 1214 2308 infernus
1239 2264 1311 2308 est
1336 2260 1420 2308 ille
1444 2277 1587 2324 quem
1609 2260 1798 2324 putas.''

323 2337 419 2386 ‘At
448 2356 556 2387 cum
594 2358 670 2389 me
705 2340 795 2390 hoc
830 2342 1100 2405 spectaculo
1134 2347 1236 2390 tam
1268 2342 1508 2391 horrendo
1542 2343 1855 2406 perterritum
1887 2361 2003 2408 pau-

251 2420 390 2468 latim
425 2421 478 2469 in
512 2423 748 2471 ulteriora
793 2425 1094 2488 produceret,
1130 2425 1235 2473 vidi
1281 2425 1441 2473 subito
1487 2431 1599 2474 ante
1634 2442 1721 2473 nos
1757 2426 2004 2475 obscurari

252 2502 463 2566 incipere
487 2504 604 2561 loca,
629 2510 679 2553 et
709 2506 921 2554 tenebris
946 2507 1109 2555 omnia
1132 2507 1321 2570 repleri.
1402 2507 1536 2568 Quas
1560 2525 1668 2556 cum
1697 2507 2000 2569 intraremus,

251 2585 304 2632 in
350 2590 543 2633 tantum
584 2588 833 2651 paulisper
873 2590 1178 2638 condensatae
1222 2595 1350 2649 sunt,
1391 2594 1450 2637 ut
1494 2589 1617 2637 nihil
1658 2594 1834 2653 praeter
1875 2591 2003 2655 ipsas

252 2667 524 2731 aspicerem,
545 2675 745 2733 excepta
769 2671 1025 2719 dumtaxat
1049 2671 1203 2735 specie
1229 2677 1277 2720 et
1295 2676 1427 2720 veste
1451 2672 1554 2735 ejus
1572 2671 1658 2736 qui
1682 2689 1758 2720 me
1781 2672 2000 2722 ducebat.

250 2750 317 2797 Et
349 2766 458 2797 cum
488 2753 886 2815 progrederemur
918 2754 1018 2802 sola
1052 2754 1142 2802 sub
1177 2759 1318 2802 nocte
1352 2771 1441 2818 per
1468 2755 1677 2810 umbras,
1702 2771 1809 2803 ecce
1841 2756 2000 2804 subito

252 2837 488 2896 apparent
511 2838 624 2882 ante
648 2851 736 2883 nos
760 2836 910 2883 crebri
933 2836 1238 2885 flammarum
1260 2840 1496 2885 tetrarum
1519 2836 1666 2900 globi,
1692 2837 2000 2887 ascendentes

251 2915 391 2979 quasi
414 2916 473 2964 de
495 2920 644 2979 puteo
669 2933 859 2980 magn0‚
890 2935 1179 2983 rursumque
1203 2918 1477 2967 decidentes
1506 2919 1558 2966 in
1582 2919 1816 2968 eumdem.
1889 2920 1998 2981 Quo

251 3015 362 3045 cum
407 2998 668 3062 perductus
705 3016 871 3057 essem,
913 3007 1110 3064 repente
1151 3002 1325 3049 ductor
1366 3018 1502 3050 meus
1542 3001 1794 3065 disparuit,
1833 3019 1888 3050 ac
1922 3019 1999 3050 me

250 3080 406 3128 solum
444 3081 497 3128 in
533 3082 690 3130 medio
730 3082 1038 3130 tenebrarum
1075 3089 1124 3132 et
1158 3084 1367 3132 horridae
1401 3084 1603 3132 visionis
1644 3084 1856 3147 reliquit.
1925 3083 1997 3132 At

251 3178 360 3209 cum
392 3162 536 3210 iidem
567 3163 701 3228 globi
732 3163 921 3227 ignium
952 3165 1054 3213 sine
1086 3165 1442 3214 intermissione
1474 3166 1615 3214 modo
1638 3167 1738 3214 alta
1761 3170 1993 3228 peterent,

251 3244 393 3292 modo
439 3243 539 3293 ima
583 3245 765 3294 baratri
811 3251 1098 3310 repeterent,
1140 3265 1282 3296 cerno
1324 3247 1485 3296 omnia
1526 3265 1634 3312 quae
1675 3248 1995 3296 ascendebant
