2216 3554
348 164 447 209 244
928 159 1157 208 Historia
1191 147 1535 209 Ecclesiastico
1875 158 2103 228 [LIB.1v.

344 297 614 348 venustatis
649 315 751 347 esse
786 316 926 363 posse
961 301 1223 349 credebam.
1314 300 1459 350 Unus
1503 300 1700 364 quidem
1738 306 1960 350 attonsus
2000 308 2106 352 erat

341 387 404 446 *ut
438 382 652 441 clericus,
678 382 801 431 alius
835 383 1038 432 barbam
1072 384 1281 432 habebat
1311 383 1584 447 prolixam:
1623 383 1943 448 dicebantque
1976 385 2107 449 quod

344 482 472 512 unus
519 482 688 513 eorum
737 465 925 525 Petrus,
973 467 1097 514 alius
1139 471 1395 514 vocaretur
1440 465 1660 513 Paulus:
1709 470 1760 514 et
1806 467 1903 530 ipsi
1950 473 2108 516 essent

344 547 557 596 ministri
591 548 798 597 Domini
826 554 875 598 et
908 549 1175 598 Salvatoris
1207 549 1362 597 nostri
1386 549 1419 596 J
1424 565 1508 597 esu
1532 547 1733 607 Christi,
1761 550 1822 597 ad
1845 549 2107 598 tuitionem

343 631 500 679 nostri
523 631 808 680 monasterii
840 632 979 681 missi
1010 632 1072 680 ab
1107 632 1214 695 ipso
1236 631 1296 679 de
1330 631 1491 679 caelisl
1563 630 1786 683 Credidit
1809 648 1924 696 ergo
1947 633 2109 682 verbis

341 713 483 776 pueri
516 715 783 778 presbyter,
814 731 870 763 ac
903 715 1071 763 statim
1103 730 1322 777 egressus
1350 712 1606 776 requisivit
1639 713 1692 760 in
1726 714 1890 763 annali
1924 732 2025 776 suo,
2058 721 2109 765 et

342 796 532 845 invenit
578 797 746 845 eadem
792 797 900 860 ipsa
940 797 1018 845 die
1055 797 1322 846 Osualdum
1367 813 1532 859 regem
1578 796 1726 844 fuisse
1766 804 2105 860 peremptum:

341 879 624 943 vocatisque
648 879 901 938 fratribus,
926 879 1088 942 parari
1113 880 1388 943 prandium,
1414 879 1586 927 missas
1617 878 1738 939 fieri,
1764 883 1911 943 atque
1943 897 2110 929 omnes

342 962 698 1010 communicare
733 978 868 1009 more
903 961 1047 1009 solito
1083 962 1341 1024 praecepit:
1384 961 1531 1009 simul
1567 966 1617 1009 et
1652 961 1921 1010 infirmanti
1956 979 2109 1026 puero
2178 972 2183 986 ⁸

342 1045 402 1093 de
452 1045 620 1093 eodem
675 1042 908 1094 sacrificio
956 1043 1227 1092 Dominicae
1280 1043 1540 1093 oblationis
1597 1044 1886 1108 particulam
1933 1045 2110 1095 deferri

343 1127 610 1176 mandavit.

410 1209 601 1271 Quibus
646 1207 719 1257 ita
764 1207 929 1272 gestis,
977 1224 1076 1256 non
1123 1209 1279 1257 multo
1326 1214 1452 1272 post,
1500 1210 1667 1258 eadem
1715 1210 1822 1274 ipsa
1868 1211 1947 1259 die
1988 1227 2110 1275 puer

339 1290 600 1339 defunctus
641 1293 729 1350 est,
766 1306 951 1354 suaque
996 1296 1155 1339 morte
1196 1290 1425 1355 probavit
1471 1308 1587 1340 vera
1624 1292 1774 1340 fuisse
1814 1293 1963 1341 verba
1998 1309 2108 1356 quse
2188 1293 2190 1296 ’

339 1374 400 1421 ab
440 1373 674 1437 apostolis
716 1372 902 1422 Christi
949 1374 1184 1422 audierat.
1258 1373 1355 1423 Sed
1398 1379 1447 1422 et
1490 1374 1583 1422 hoc
1620 1374 1725 1438 ejus
1765 1375 1929 1423 verbis
1968 1376 2108 1424 testi-

339 1455 560 1505 monium
595 1455 860 1520 perhibuit,
898 1456 1028 1520 quod
1066 1473 1208 1504 nemo
1251 1462 1430 1520 praeter
1470 1456 1629 1520 ipsum
1664 1463 1884 1520 tempore
1926 1457 2011 1505 illo
2047 1474 2108 1506 ex

340 1539 509 1588 eodem
556 1543 631 1587 est
678 1539 971 1587 monasterio
1023 1545 1195 1602 raptus
1243 1539 1303 1587 de
1355 1539 1563 1600 mundo;
1622 1557 1683 1588 ex
1731 1557 1828 1604 qua
1873 1539 2108 1588 nimirum
2180 1574 2183 1577 -

337 1622 528 1671 visione
573 1621 718 1669 multi
766 1621 851 1685 qui
897 1621 1002 1670 haec
1054 1621 1223 1670 audire
1280 1626 1560 1685 potuerunt,
1606 1623 1669 1670 ad
1715 1622 2007 1671 exorandam
2054 1622 2107 1671 in
2179 1623 2184 1641 ²

338 1705 553 1753 adversis
589 1705 807 1753 divinam
848 1703 1168 1763 clementiam,
1212 1709 1263 1752 et
1308 1705 1371 1752 ad
1419 1705 1651 1754 salutaria
1689 1705 1988 1769 jejuniorum
2029 1722 2105 1754 re-

338 1788 500 1837 media
535 1787 787 1837 subeunda
833 1792 948 1836 sunt
993 1787 1287 1836 mirabiliter
1324 1788 1540 1837 accensi:
1591 1793 1641 1837 et
1682 1805 1743 1837 ex
1784 1805 1841 1836 eo
1888 1793 2106 1851 tempore
2172 1803 2177 1819 ³

339 1890 438 1921 non
472 1872 634 1920 solum
665 1871 717 1919 in
756 1871 926 1919 eodem
957 1871 1266 1931 monasterio,
1292 1871 1375 1919 sed
1399 1875 1448 1919 et
1483 1872 1534 1918 in
1558 1871 1799 1935 plerisque
1831 1871 1949 1920 locis
1980 1871 2103 1930 aliis,

339 1955 486 2018 coepit
520 1954 775 2003 annuatim
810 1954 1026 2017 ejusdem
1054 1953 1184 2017 regis
1213 1970 1268 2002 ac
1301 1953 1472 2003 militis
1505 1953 1690 2004 Christi
1722 1954 1976 2003 natalitius
2001 1953 2105 2002 dies

338 2037 596 2086 missarum
620 2036 942 2085 celebratione
967 2035 1204 2085 venerari.

1071 2204 1216 2254 CAP.
1253 2204 1369 2254 XV.

357 2351 409 2393 Ut
429 2351 651 2394 Coedualla
668 2364 752 2398 rex,
771 2350 984 2403 interfecto
1002 2364 1090 2402 reye
1112 2349 1399 2391 Geuissorum¹
1421 2350 1681 2398 AEdilualch,
1698 2350 1963 2404 provinciam
1982 2349 2103 2392 illam
2160 2324 2166 2373 *-

775 2434 882 2462 saeva
901 2420 1011 2461 ooede
1030 2433 1080 2461 ac
1099 2419 1420 2473 depopulatione
1440 2421 1663 2462 attriverit.

407 2543 642 2590 ΙΝΤΕΒΕΑ
666 2539 1010 2605 superveniens
1034 2556 1147 2589 cum
1166 2539 1382 2588 exercitu
1401 2538 1663 2588 Caedualla
1676 2541 1709 2600 ²,
1730 2539 1924 2603 juvenis
1948 2538 2103 2589 strenss
2151 2586 2153 2592 Α

393 2673 408 2697 ¹
440 2671 720 2724 Geuissorum]
738 2671 783 2711 A
800 2671 1064 2720 mistakefor
1076 2671 1188 2712 Aus-
1244 2670 1308 2711 M.
1321 2670 1454 2719 H.B.‚
1483 2670 1567 2710 and
1595 2671 1694 2711 thus
1721 2669 1830 2723 fully
1858 2669 2102 2722 recognized
2152 2691 2154 2694 ·

338 2729 509 2771 tralium
528 2728 754 2768 Saxonum.
1244 2725 1312 2766 his
1340 2739 1463 2765 name
1492 2739 1538 2766 as
1557 2725 1733 2766 British.
1790 2725 1874 2765 His
1893 2725 2100 2765 b'rother's
2148 2772 2155 2779 ,-

393 2783 409 2807 ²
436 2782 690 2834 Caedualla]
708 2781 957 2830 Ceadwalla,
977 2781 1019 2822 S.
1035 2781 1187 2822 Chron.
1245 2794 1368 2821 name
1383 2794 1469 2821 was
1485 2781 1595 2829 Mul,
1609 2781 1746 2821 which
1760 2785 1933 2820 ‘cannot
1948 2780 2100 2821 denote
2150 2800 2164 2827 ,ι-

335 2840 410 2883 He
430 2852 514 2879 was
535 2839 609 2877 the
628 2837 834 2889 grandson
853 2837 900 2877 of
913 2837 1093 2883 Ceadda,
1114 2837 1187 2876 the
1243 2836 1451 2889 anything
1480 2836 1558 2876 but
1594 2834 1786 2884 “mule‚”
1813 2834 1989 2886 ἡμίονος,
2024 2835 2097 2875 the
2150 2862 2161 2889 3

316 2938 322 2944 ,
338 2908 414 2935 son
432 2894 480 2934 of
494 2893 730 2942 Cuthwine‚
748 2892 822 2931 the
843 2905 919 2931 son
937 2891 983 2931 of
989 2892 1186 2936 Ceaulln
1243 2889 1518 2941 half-breed3'
1541 2891 1624 2930 and
1643 2891 1728 2930 this
1746 2891 1916 2930 renders
1933 2891 1971 2930 it
1988 2893 2098 2942 ‘pro-
2151 2889 2174 2927 ⁴²?
2210 2886 2216 2926 1⁴

337 2964 379 3002 p.
410 2962 478 3003 99.
536 2947 718 2987 Kemble
754 2947 939 2986 remarks
976 2947 1072 2987 that
1104 2947 1188 2986 this
1243 2946 1367 2986 bable
1394 2945 1491 2986 that
1520 2946 1592 2985 the
1619 2946 1784 2986 mother
1802 2946 1850 2985 of
1871 2945 1989 2985 these
2012 2948 2097 2985 two
2152 2950 2172 3003 '3¹4'
2208 2992 2209 2996 Ἰ

338 3018 462 3044 name
507 3003 543 3043 is
587 3002 662 3042 the
710 3015 823 3041 same
861 3002 988 3041 borne
1023 3002 1080 3055 by
1116 3002 1190 3041 the
1244 3001 1406 3054 princes
1426 3014 1510 3041 was
1529 3015 1555 3040 a
1569 3000 1728 3048 Welsh,
1746 3014 1793 3040 or
1810 3004 1858 3040 at
1875 3000 1933 3039 all
1952 3003 2097 3039 events
2148 3037 2166 3066 w·
2208 3004 2209 3009 ’

338 3059 501 3100 British
537 3057 642 3110 king
673 3057 768 3097 who
805 3056 989 3096 rebelled
1026 3057 1190 3108 against
1245 3055 1458 3104 aBriffish,
1476 3055 1590 3107 lady,
1603 3060 1648 3095 to
1662 3055 1735 3095 the
1755 3055 1943 3095 cheerful
1958 3055 2095 3094 assist-
2148 3071 2161 3104 :-¹

340 3114 555 3162 Eadwine‚
576 3127 618 3166 p.
641 3123 705 3164 13,
725 3111 809 3151 and
827 3111 922 3151 that
940 3112 1013 3151 the
1037 3112 1191 3151 author
1245 3124 1348 3151 ance
1368 3111 1415 3151 of
1427 3111 1566 3151 whose
1583 3114 1866 3163 cunuti-ymen,
1890 3108 2095 3149 scattered
2146 3111 2162 3155 ἵ,

339 3169 385 3209 of
410 3170 482 3209 the
509 3168 620 3208 Brut
648 3181 676 3220 y
695 3166 970 3218 Tywysogion
987 3167 1064 3206 has
1091 3166 1190 3206 mis·
1245 3179 1344 3206 over
1363 3166 1439 3216 the*
1455 3166 1545 3206 face
1564 3166 1613 3205 of
1627 3166 1802 3205 Wessex
1824 3164 1908 3205 and
1926 3164 2090 3208 Sussex,
2148 3172 2158 3206 '].

338 3224 469 3265 taken
501 3223 590 3264 him
618 3223 682 3263 for
709 3221 991 3273 Cadwalader,
1021 3235 1062 3275 p.
1091 3223 1186 3274 841,
1244 3220 1497 3263 Ceadwalha
1524 3233 1623 3275 may
1641 3220 1749 3262 have
1770 3220 1876 3261 been
1896 3217 2094 3259 indebted
