2216 3554
274 196 359 245 xvi
969 195 1320 246 Introduction.

274 327 488 392 gaudens
522 326 795 391 gratiasque
830 335 975 389 agens
1001 324 1338 389 Omnipotenti
1362 324 1482 383 Deo,
1508 322 1639 369 omni
1675 322 1753 370 die
1788 327 1837 371 et
1861 328 2013 381 nocte,

273 416 372 464 imo
407 415 538 464 horis
579 415 813 473 omnibus,
850 432 1002 478 usque
1037 415 1098 462 ad
1133 414 1263 462 diem
1299 410 1611 460 Ascensionis
1647 411 1932 470 Dominicae,
1969 411 2021 458 id

275 508 362 563 est,
411 504 615 568 septimo
664 503 905 551 Kalendas
962 504 994 551 J
998 503 1102 551 unii
1147 503 1300 550 vitam
1346 500 1562 559 ducebat,
1613 505 1663 548 et
1721 500 1861 548 nobis
1919 499 2021 547 suis

273 592 522 657 discipulis
558 592 774 656 quotidie
811 593 1038 640 lectiones
1080 592 1239 650 dabat,
1277 596 1325 638 et
1362 589 1602 652 quidquid
1642 590 1884 653 reliquum
1920 592 2023 636 erat

273 681 369 729 diei
405 681 455 728 in
485 680 794 729 Psalmorum
831 687 975 729 cantu
1011 681 1296 743 occupabat‚-
1325 682 1480 727 totam
1517 696 1707 742 quoque
1742 685 1934 726 noctem
1968 677 2022 724 in

273 769 446 818 laetitia
492 775 540 818 et
585 770 851 833 gratiarum
898 769 1084 818 actione
1130 768 1334 832 pervigil
1379 768 1600 828 ducebat,
1645 768 1740 816 nisi
1786 773 2024 831 quantum

275 858 488 906 modicus
527 875 720 907 somnus
759 859 1032 922 impediret.-
1099 857 1350 921 Evigilans
1391 861 1558 904 autem
1600 858 1765 905 statim
1799 861 2025 905 consueta

275 946 514 1010 repetivit,
554 951 601 995 et
643 947 864 1011 expansis
906 948 1126 996 manibus
1163 947 1266 994 Deo
1302 946 1483 1009 gratias
1525 963 1666 1010 agere
1701 964 1797 994 non
1833 945 2022 994 desivit.

277 1035 320 1084 O
358 1050 469 1083 vere
504 1036 673 1084 beatus
707 1037 814 1084 vir!
877 1036 1091 1084 Canebat
1126 1035 1415 1083 sententiam
1448 1035 1587 1083 Beati
1624 1035 1763 1083 Pauli
1797 1033 2024 1099 Apostoli

277 1129 304 1150 “
321 1125 631 1172 Horrendum
656 1131 727 1173 est
752 1125 962 1173 incidere
986 1125 1039 1171 in
1061 1141 1230 1172 manus
1255 1124 1349 1172 Dei
1374 1124 1628 1183 viventis‚''
1653 1129 1704 1173 et
1738 1125 1892 1172 multa
1927 1124 2024 1172 alia.

276 1213 335 1261 de
373 1214 548 1262 Sancta
584 1214 854 1277 Scriptura,
872 1214 924 1261 in
961 1213 1136 1276 quibus
1171 1231 1258 1261 nos
1294 1231 1323 1261 a
1358 1231 1524 1262 somno
1559 1213 1732 1262 animae
1770 1230 2023 1277 exsurgere

276 1303 634 1366 praecogitando
658 1303 880 1351 ultimam
903 1303 1072 1350 horam
1096 1302 1397 1351 admonebat.
1470 1303 1539 1351 Et
1562 1303 1614 1350 in
1638 1310 1804 1352 nostra
1827 1319 2019 1367 quoque

277 1391 454 1453 lingua,
481 1397 538 1439 ut
573 1397 675 1439 erat
699 1392 867 1440 doctus
902 1392 955 1439 in
990 1392 1167 1440 nostris
1202 1392 1509 1453 carminibus,
1537 1393 1698 1441 dicens
1727 1393 1787 1441 de
1814 1393 2026 1441 terribili

276 1479 414 1528 exitu
436 1480 707 1528 animarum
730 1498 755 1528 e
779 1498 976 1544 corpore
996 1499 1079 1530 :—

841 1617 869 1638 “
890 1613 1015 1660 Fore
1038 1612 1120 1661 the
1144 1612 1255 1661 neid
1279 1614 1436 1662 faerae

889 1702 939 1748 N
940 1701 1082 1765 aenig
1104 1701 1351 1751 uuiurtliit

890 1790 1063 1838 Thone
1080 1794 1326 1838 snotturra

889 1872 1024 1926 Thau
1047 1878 1151 1927 him
1179 1879 1315 1927 tharf
1333 1873 1401 1928 sie

893 1964 960 2014 To
984 1963 1377 2030 ymbhycgannae

890 2053 996 2103 Aer
1020 2056 1094 2104 his
1118 2036 1401 2120 hin-iongae

893 2144 1058 2192 Huaet
1081 2145 1157 2193 his
1179 2150 1344 2208 gastae

894 2232 1080 2281 Godaes
1103 2234 1301 2282 aeththa
1323 2234 1469 2297 yfla'es

891 2320 1063 2370 Aefter
1087 2322 1404 2387 deoth-daege

891 2410 1099 2459 Doemid
1123 2405 1460 2460 uuieorthaef'

354 2531 524 2592 ‘Quod
561 2531 630 2579 ita
671 2532 849 2582 Latine
888 2538 1050 2593 sonat;
1114 2534 1287 2584 “Ante
1328 2538 1648 2585 necessarium
1690 2538 1874 2586 exitum
1915 2556 2030 2602 pru-

282 2619 475 2668 dentior
493 2637 637 2684 quam
657 2639 776 2685 opus
799 2623 946 2685 fuerit
970 2641 1110 2672 nemo
1135 2623 1325 2672 exsistit
1349 2625 1409 2672 ad
1430 2626 1760 2689 cogitandum3
1788 2628 2028 2688 videlicet,

282 2714 541 2772 antequam
589 2709 665 2758 hic
711 2711 1042 2774 proficiscatur
1079 2713 1254 2772 anima,
1291 2714 1412 2776 quid
1445 2714 1557 2762 boni
1591 2716 1669 2764 vel
1706 2716 1822 2764 mali
1863 2717 2029 2781 egerit,

284 2796 492 2860 qualiter
513 2804 623 2861 post
647 2799 829 2847 exitum
848 2801 1110 2862 judicanda
1131 2802 1324 2851 fuerit.’'

355 2890 367 2911 ‘
385 2886 624 2946 Cantabat
671 2888 818 2936 etiam
863 2891 1151 2954 antiphonas
1197 2892 1259 2939 ob
1299 2897 1515 2941 nostram
1563 2891 1941 2942 consolationem
1982 2899 2032 2943 et

285 2975 374 3034 sui,
412 2988 618 3039 quarum
658 2995 754 3026 una
793 2983 893 3026 est:
942 2980 1028 3028 “O
1066 2992 1152 3028 rex
1193 2982 1373 3044 gloriae,
1410 2982 1617 3031 Domine
1657 2983 1912 3042 virtutum,
1946 2985 2031 3047 qui

255 3070 262 3075 '
285 3065 613 3129 triumphator
636 3066 779 3115 hodie
812 3085 957 3131 super
981 3086 1145 3117 omnes
1178 3071 1318 3118 caelos
1350 3072 1621 3130 ascendisti,
1642 3090 1700 3120 ne
1724 3072 2030 3135 derelinquas

287 3170 373 3202 nos
419 3155 671 3218 orphanos,
711 3158 794 3205 sed
840 3158 981 3206 mitte
1026 3158 1318 3221 promissum
1354 3160 1513 3209 Patris
1560 3161 1613 3208 in
1658 3178 1744 3209 nos
1791 3160 2031 3224 Spiritum

288 3243 505 3292 veritatis
520 3262 533 3305 ;
599 3246 845 3296 Alleluiah
862 3250 872 3296 1
890 3247 916 3267 '’
986 3248 1052 3296 Et
1098 3264 1206 3296 cum
1253 3249 1463 3298 venisset
1518 3250 1579 3298 ad
1625 3250 1767 3297 illum
1812 3249 2029 3309 verbum,
