2216 3554
144 190 260 240 CAP.
282 186 340 257 1.]
771 188 937 237 Gentis
970 185 1262 249 Anylo‘rumf
1692 144 1697 158 ·
1829 191 1894 235 85

142 322 245 384 ipse
269 320 517 384 discipulis
540 338 550 367 z
590 324 602 346 ‘
621 319 820 382 Palpate
857 323 906 367 et
930 319 1105 377 videte,
1132 317 1246 382 quia
1271 317 1473 381 spiritus
1498 334 1690 366 carnem
1716 322 1764 366 et
1788 336 1894 366 ossa

143 420 242 451 non
266 403 424 462 habet,
450 403 574 451 sicut
608 418 684 450 me
718 401 893 450 videtis
928 401 1131 450 habere?
1204 401 1265 448 In
1300 400 1437 463 cujus
1474 400 1746 448 adsertione
1782 402 1895 449 fidei

140 485 429 533 venerabilis
447 490 584 548 pater
608 483 869 547 Gregorius
893 483 945 530 in
969 487 1163 531 tantum
1187 488 1354 530 contra
1378 486 1652 530 nascentem
1670 482 1894 531 haeresim

140 583 315 615 novam
351 568 564 615 laborare
600 566 863 624 contendit,
889 569 1029 614 tanta
1064 566 1190 613 hanc
1225 565 1473 623 instantia,
1505 564 1709 628 juvante
1746 565 1893 613 etiam

138 649 357 712 piissimo
392 650 682 713 imperatore
718 647 912 696 Tiberio
950 646 1612 707 Constantino,*comminu·it,
1640 653 1696 695 ut
1728 648 1894 695 nullus

139 731 312 780 exinde
337 732 400 781 sit
423 732 649 779 inventus
673 730 757 794 qui
782 730 884 793 ejus
907 730 1222 778 resuscitator·
1237 731 1476 778 existeret.
1514 730 1684 777 Alium
1703 746 1894 793 quoque

136 814 315 862 librum
361 814 629 877 composuit
675 813 945 877 egregium,
987 813 1071 876 qui
1112 819 1312 862 vocatur
1355 812 1672 873 ‘Pastoralis,’
1709 813 1760 860 in
1797 829 1894 876 quo

138 898 392 946 manifesta
426 898 532 945 luce
578 897 818 960 patefecit,
856 897 1024 960 quales
1071 896 1133 944 ad
1181 896 1392 944 ecclesiae
1436 894 1652 960 regimen
1687 896 1892 956 adsumi,

136 979 344 1041 qualiter
378 979 470 1043 ipsi
505 984 713 1029 rectores
748 979 925 1039 vivere,
969 996 1064 1044 qua
1105 979 1393 1027 discreti-one
1430 979 1645 1042 singulas
1681 995 1893 1042 quasque

134 1061 436 1109 audientium
454 1063 694 1111 instruere
717 1079 956 1126 personas,
978 1068 1026 1111 et
1045 1067 1225 1126 quanta
1244 1061 1629 1110 consideratione
1648 1061 1894 1125 propriam

135 1143 351 1206 quotidie
386 1145 592 1193 debeant
626 1144 946 1208 fragilitatem
980 1161 1194 1208 pensa-re.
1267 1143 1364 1193 Sed
1400 1146 1449 1191 et
1485 1142 1695 1192 Omelias
1731 1144 1892 1191 Evan—

132 1225 248 1289 gelii
282 1243 481 1274 numero
518 1227 840 1291 quadraginta
875 1226 1160 1291 composuit,
1187 1243 1305 1290 quas
1341 1226 1392 1273 in
1428 1226 1617 1274 duobus
1646 1225 1893 1274 codicibus

133 1325 274 1372 aequa
296 1313 426 1357 sorte
450 1309 689 1358 distinxit.
780 1309 955 1358 Libros
991 1309 1136 1359 etiam
1173 1309 1490 1372 Dialogorum
1527 1314 1738 1372 quatuor
1762 1310 1891 1369 fecit,

134 1391 185 1437 in
209 1390 383 1454 quibus
406 1398 582 1456 rogatu
609 1392 743 1440 Petri
778 1392 967 1440 diaconi
1003 1391 1093 1451 sui,
1130 1392 1342 1440 virtutes
1374 1396 1652 1440 sanctorum
1690 1409 1809 1455 quos
1840 1391 1891 1438 in

133 1473 282 1522 Italia
306 1474 529 1523 clariores
564 1491 704 1523 nosse
739 1475 816 1523 vel
851 1475 1019 1523 audire
1053 1478 1260 1537 poterat,
1286 1475 1352 1522 ad'
1384 1474 1659 1538 exemplum
1694 1473 1892 1523 vivendi

132 1557 338 1620 posteris
362 1557 582 1621 collegit:
620 1562 678 1606 ut
713 1557 837 1606 sicut
870 1557 923 1606 in
947 1557 1082 1605 libris
1108 1556 1469 1620 expositionum
1493 1574 1689 1604 suarum
1715 1556 1890 1620 quibus

130 1640 194 1688 sit
218 1640 483 1688 virtutibus
501 1640 840 1701 insudandum,
860 1640 1064 1701 edocuit,
1085 1640 1154 1688 ita
1173 1640 1319 1688 etiam
1338 1640 1594 1703 descriptis
1612 1645 1889 1689 sanctorum

130 1722 387 1783 miraculis,
414 1740 523 1786 quae
546 1723 790 1771 virtutum
814 1723 1077 1771 earundem
1106 1722 1170 1770 sit
1199 1722 1393 1771 claritas
1426 1723 1714 1772 ostenderet.
1785 1723 1891 1770 Pri-

128 1821 255 1852 mam
280 1822 472 1868 quoque
497 1811 544 1853 et
569 1803 792 1853 ultimam
816 1805 1086 1854 Ezechielis
1108 1805 1358 1869 prophetae
1391 1810 1592 1868 partem,
1624 1822 1731 1868 quae
1754 1805 1835 1854 vid
1844 1823 1888 1854 e-

127 1887 306 1935 bantur
340 1889 651 1948 obscuriores,
676 1905 763 1952 per
797 1888 1023 1937 homilias
1051 1887 1228 1952 viginti
1258 1894 1308 1936 et
1343 1888 1476 1946 duas,
1503 1892 1740 1951 quantum
1765 1888 1889 1937 lucis

126 1970 260 2018 intus
300 1970 511 2019 habeant
546 1971 912 2021 demonstravit.
997 1972 1214 2035 Excepto
1263 1971 1425 2018 libello
1477 1971 1886 2034 Responsionum,

126 2070 271 2116 quem
294 2053 356 2101 ad
380 2053 782 2118 interrogationes
809 2054 961 2103 sancti
984 2052 1253 2117 Augustini
1271 2053 1420 2117 primi
1437 2052 1712 2118 Anglorum
1729 2056 1887 2118 gentis

125 2135 338 2200 episcopi
374 2136 578 2200 scripsit,
614 2141 673 2186 ut
707 2143 755 2186 et
790 2154 937 2201 supra
971 2137 1237 2198 docuimus,
1274 2142 1435 2185 totum
1470 2137 1631 2200 ipsum
1668 2137 1885 2186 libellum

125 2217 202 2266 his
235 2218 499 2267 inserentes
533 2219 785 2280 historiis,
833 2221 997 2269 libello
1044 2237 1234 2285 quoque
1281 2220 1508 2284 synodico
1527 2220 1558 2279 ¹,
1596 2237 1739 2284 quem
1775 2238 1885 2268 cum

126 2301 357 2365 episcopis
392 2301 554 2351 Italiae
590 2303 650 2351 de
684 2302 964 2352 necessariis
989 2303 1198 2352 ecclesiae
1222 2303 1377 2351 causis
1402 2302 1669 2350 utillimum.
1695 2319 1884 2367 compo-

125 2383 238 2443 suit,
263 2388 313 2432 et
336 2385 656 2434 familiaribus
679 2385 741 2433 ad
765 2386 998 2449 quosdam
1022 2386 1198 2434 literis.
1271 2385 1416 2446 Quod
1440 2402 1494 2434 6ο
1523 2386 1677 2449 magis
1702 2385 1885 2433 mirum

124 2471 211 2525 est,
236 2469 310 2514 tot
335 2483 447 2514 eum
472 2483 526 2515 ac
549 2471 686 2515 tanta
709 2469 910 2516 condere
933 2468 1184 2516 volumina
1201 2467 1430 2531 potuisse,
1448 2468 1579 2532 quod
1605 2468 1739 2515 omni
1762 2485 1883 2532 pene

117 2548 390 2611 juventutis
415 2566 514 2597 suae
538 2554 769 2613 tempore,
796 2556 853 2599 ut
876 2550 1037 2599 verbis
1066 2550 1216 2614 ipsius
1241 2550 1426 2614 loquar,
1444 2550 1625 2598 crebris
1644 2549 1881 2598 viscerum

124 2631 372 2679 doloribus
407 2632 726 2692 cruciabatur,
765 2632 899 2680 horis
940 2633 1294 2697 momentisque
1336 2633 1559 2681 omnibus
1594 2633 1748 2681 fracta
1786 2639 1882 2681 sto-

123 2714 283 2762 machi
319 2713 503 2762 virtute
538 2714 822 2763 lassescebat
836 2711 868 2774 2,
904 2715 1049 2763 lentis
1082 2714 1291 2779 quidem,
1329 2716 1412 2763 sed
1444 2720 1608 2763 tamen
1639 2715 1880 2763 continuis

121 2797 334 2845 febribus
369 2796 639 2845 anhelabat.
710 2797 898 2846 Verum
932 2797 1060 2846 inter
1094 2797 1209 2856 haec,
1236 2799 1354 2846 dum
1389 2798 1621 2846 sollicitus
1655 2802 1880 2861 pensaret

121 2879 236 2943 quia
273 2878 522 2942 Scriptura
555 2883 680 2928 teste
694 2880 725 2939 ³,
765 2883 776 2904 ‘
794 2879 965 2929 Omnis
1005 2880 1132 2929 filius
1174 2881 1259 2944 qui
1293 2881 1540 2946 recipitur,
1578 2878 1877 2944 flagellatur‚'

177 3032 191 3055 ¹
220 3031 353 3073 libello
372 3045 524 3084 quoque
542 3031 751 3085 synodico]
778 3032 866 3071 The
891 3032 968 3071 cir·
1078 3033 1094 3056 ²
1121 3032 1374 3087 lassescebat]
1403 3034 1470 3074 On
1498 3033 1570 3073 the
1599 3036 1713 3083 story
1742 3030 1788 3069 of
1811 3029 1876 3068 his

122 3087 237 3127 cular
264 3087 400 3136 letter,
431 3090 456 3139 ἡ
487 3085 688 3136 συνοδικὴ,
714 3088 884 3127 written
911 3087 968 3140 by
1022 3088 1272 3129 miraculous
1327 3102 1437 3139 cure,
1486 3088 1538 3128 cf.
1588 3087 1782 3131 Mihnan,
1830 3083 1874 3126 ii.

121 3142 329 3194 incoming
365 3156 492 3196 popes
530 3146 573 3182 to
611 3142 722 3182 their
758 3142 968 3194 suffragan
1027 3155 1118 3194 103.

119 3197 363 3249 patriarcha
418 3199 543 3239 Joan.
581 3196 700 3241 Diae.
730 3196 834 3238 Vita
866 3197 969 3237 Gre-
1078 3199 1094 3224 3
1122 3198 1231 3252 teste]
1254 3199 1364 3239 Heb.
1384 3197 1456 3237 xii.
1477 3195 1516 3237 6.

119 3251 238 3304 gorii,
260 3252 302 3293 ii.
327 3263 364 3306 3.
