2216 3554
324 714 830 773 HISTOR'IAE
914 722 1744 774 ECCLESIASTICAE

559 863 1028 914 ELENCHUS
1085 861 1505 913 CAPITUM.

151 1058 350 1100 Praefatio
368 1059 505 1100 Baedae
523 1060 579 1101 ad
595 1061 758 1114 Regem
775 1061 1040 1103 Ceoluulfum

899 1201 1083 1242 LIBER
1116 1201 1154 1242 Ι.

143 1261 284 1338 (111,ὺο
304 1298 389 1338 situ
409 1298 630 1340 Brittaniae
647 1300 717 1340 vel
734 1299 960 1349 Hiberniae,
981 1304 1025 1340 et
1043 1300 1188 1353 priscis
1208 1313 1350 1340 earum
1369 1298 1516 1339 incolis

145 1365 214 1406 ΙΙ.
243 1366 309 1407 Ut
328 1367 582 1409 Brittaniam
599 1369 760 1422 primus
781 1369 1067 1409 Romanorum
1085 1370 1217 1410 Gaius
1236 1369 1380 1410 Julius
1399 1367 1550 1408 adierit

148 1433 240 1476 111.
269 1435 335 1476 Ut
366 1437 555 1477 eamdem
584 1438 790 1477 secundus
818 1437 1104 1477 Romanorum
1137 1437 1337 1477 Claudius
1374 1436 1531 1484 adiens,
1566 1433 1750 1475 Orcadas

314 1492 444 1531 etiam
462 1492 622 1532 insulas
635 1493 827 1533 Romano
845 1492 1048 1544 adjecerit
1068 1493 1253 1543 imperio.
1311 1492 1393 1531 Sed
1411 1495 1455 1530 et
1467 1489 1751 1542 Vespasianus

313 1546 368 1585 ab
387 1560 436 1586 eo
455 1548 617 1596 missus,
639 1548 821 1587 Vectam
844 1561 1012 1599 quoque
1031 1547 1210 1587 insulam
1229 1546 1432 1587 Romanis
1451 1545 1684 1585 subdiderit

150 1613 235 1654 IV.
263 1614 328 1655 Ut
348 1615 502 1656 Lucius
522 1617 811 1656 Brittanorum
830 1630 904 1656 rex
923 1617 1058 1656 missis
1076 1616 1131 1656 ad
1150 1616 1427 1656 Eleutherum
1447 1627 1599 1667 papam
1618 1612 1752 1653 literis

315 1669 599 1710 Christianum
618 1684 661 1711 se
679 1670 769 1710 fieri
788 1671 957 1723 petierit

149 1738 205 1779 V.
235 1738 301 1778 Ut
319 1738 494 1779 Severus
512 1743 725 1792 receptam
743 1739 966 1779 Brittaniae
986 1743 1149 1791 partem
1168 1740 1278 1780 vallo
1297 1753 1324 1779 a
1343 1742 1493 1779 caetera
1512 1736 1750 1778 distinxerit

147 1807 231 1848 VI.
261 1807 328 1847 De
347 1807 521 1861 imperio
539 1808 808 1854 Diocletiani,
829 1811 872 1848 et
893 1812 942 1848 ut
961 1808 1221 1848 Christianos
1238 1812 1483 1861 persecutus
1497 1808 1553 1847 sit

148 1876 257 1917 VII.
285 1877 431 1917 Passio
450 1877 585 1917 sancti
604 1878 764 1917 Albani
783 1882 826 1918 et
845 1877 1050 1917 sociorum
1074 1877 1178 1930 ejus,
1208 1878 1281 1930 qui
1300 1878 1448 1918 eodem
1468 1881 1654 1928 tempore
1674 1888 1748 1927 pro

311 1933 491 1973 Domino
511 1934 757 1985 sanguinem
777 1933 976 1972 fuderunt
1038 1961 1047 1971 .
1063 1962 1073 1971 .

146 2001 280 2042 VIII.
308 2002 374 2043 Ut
403 2002 482 2042 bac
512 2006 699 2042 cessante
721 2002 1010 2055 persecutione
1041 2002 1214 2042 ecclesia
1242 2001 1288 2040 in
1315 2000 1538 2041 Brittaniis
1567 1999 1752 2051 aliquan·

310 2057 445 2097 tulam
464 2071 596 2110 usque
614 2057 667 2097 ad
687 2061 874 2109 tempora
888 2058 1060 2097 Arianae
1079 2057 1256 2097 vesaniae
1274 2070 1421 2109 pacem
1439 2054 1635 2095 habuerit
1700 2083 1711 2092 .
1723 2083 1732 2093 .

148 2124 232 2168 IX.
263 2125 327 2166 Ut
346 2130 551 2178 regnante
569 2126 774 2166 Gratiano
794 2126 1013 2166 Maximus
1041 2125 1087 2164 in
1112 2125 1326 2166 Brittania
1344 2126 1569 2178 imperator
1587 2126 1751 2162 creatus

311 2194 406 2221 cum
426 2194 576 2234 magno
596 2181 782 2221 exercitu
801 2181 982 2221 Galliam
1000 2180 1172 2220 redierit

145 2250 205 2290 Χ.
234 2250 300 2291 Ut
311 2251 493 2290 Arcadio
512 2254 715 2303 regnante
734 2250 933 2303 Pelagius
952 2250 1092 2290 Britto
1111 2253 1258 2290 contra
1275 2250 1456 2342 gratiam
1469 2249 1551 2289 Dei
1571 2206 1749 2301 superba

311 2306 423 2346 bella
441 2306 667 2358 susceperit
1696 2331 1706 2341 .
1722 2331 1732 2341 .

146 2374 232 2416 XI.
259 2375 324 2416 Ut
354 2379 556 2427 regnante
586 2373 775 2414 Honorio
810 2373 1037 2413 Gratianus
1069 2377 1112 2413 et
1137 2373 1437 2414 Constantinus
1462 2373 1508 2412 in
1537 2371 1750 2412 Brittania

310 2431 480 2483 tyranni
503 2430 644 2479 creati,
667 2433 710 2470 et
735 2443 831 2469 mox
853 2429 968 2481 prior
996 2429 1041 2468 in
1060 2429 1286 2475 Brittania,
1307 2428 1512 2468 secundus
1538 2428 1584 2467 in
1610 2427 1749 2467 Gallia

310 2486 395 2525 sint
411 2485 652 2537 interempti

149 2552 260 2594 XII.
287 2553 354 2596 'Ut
376 2554 598 2594 Brettones
626 2567 652 2593 a
679 2553 833 2593 Scottis
856 2553 1010 2593 vastati
1035 2553 1250 2605 Pictisque
1278 2553 1561 2593 Romanorum
1588 2549 1747 2591 auxilia

313 2609 563 2660 quaesierint,
604 2609 677 2661 qui
717 2609 896 2648 secundo
938 2608 1169 2654 venientes,
1208 2621 1377 2647 murum
1415 2611 1532 2647 trans
1567 2606 1750 2645 insulam

313 2663 511 2713 fecerint;
548 2664 619 2704 sed
646 2664 722 2704 hoc
750 2663 970 2703 confestim
1007 2677 1033 2702 a
1066 2663 1251 2716 praefatis
1283 2662 1470 2703 hostibus
1498 2663 1745 2713 interrupto,

313 2719 469 2770 majore
496 2719 580 2759 sint
607 2719 846 2758 calamitate
873 2719 1055 2771 depressi

148 2786 284 2829 XIII.
313 2787 379 2828 Ut
406 2791 607 2840 regnante
629 2788 857 2828 Theodosio
885 2788 1056 2834 minore,
1084 2787 1203 2840 cujus
1231 2789 1419 2839 tempore
1446 2785 1664 2826 Palladius
1692 2784 1747 2824 ad

313 2842 477 2882 Scottos
501 2843 548 2882 in
574 2842 788 2882 Christum
806 2844 1022 2883 credentes
1040 2843 1190 2882 missus
1209 2847 1283 2892 est,
1308 2843 1531 2882 Brettones
1554 2841 1608 2880 ab
1628 2840 1747 2879 AEtio

313 2897 481 2936 consule
500 2897 703 2937 auxilium
721 2898 958 2951 flagitantes
976 2911 1060 2938 non
1079 2897 1397 2950 impetraverint
1477 2926 1487 2935 .
1499 2925 1509 2935 .

147 2965 275 3008 XIV.
305 2965 370 3006 Ut
407 2966 628 3006 Brettones
664 2965 772 3007 fame
809 2967 968 3007 famosa
1005 2966 1151 3013 coacti,
1179 2966 1376 3006 barbaros
1414 2965 1501 3006 suis
1537 2978 1560 3003 e
1592 2963 1745 3002 finibus

311 3021 573 3073 pepulerint3
603 3034 679 3060 nec
707 3035 835 3069 mora,
864 3022 1032 3085 frugum
1061 3022 1189 3074 copia,
1219 3022 1399 3068 luxuria,
1427 3020 1675 3073 pestilentia,
1702 3020 1744 3055 et

311 3077 603 3115 exterminium
622 3077 758 3128 gentis
777 3084 965 3117 secutum
985 3076 1039 3116 sit

145 3143 247 3186 XV.
277 3144 342 3186 Ut
370 3145 549 3184 invitata
575 3143 827 3184 Brittaniam
854 3159 954 3198 gens
973 3145 1221 3197 Anglorum,
1242 3145 1375 3198 primo
1404 3144 1572 3196 quidem
1600 3140 1742 3180 adver-

311 3200 439 3239 sarios
466 3199 628 3251 longius
657 3199 851 3251 ejecerit3
889 3201 961 3240 sed
988 3213 1073 3240 non
1098 3201 1231 3240 multo
1263 3204 1356 3253 post
1383 3200 1528 3252 juncto
1554 3209 1647 3237 cum
1677 3193 1744 3234 his

310 3254 492 3295 foedere
482 3267 526 3294 111
544 3253 672 3294 socios
692 3267 806 3295 arma
825 3256 995 3296 verterit
1033 3283 1067 3295 ..

1022 3341 1050 3374 0

1865 1552 1914 1593 13

1865 1677 1917 1719 14

1864 1746 1913 1786 15

1864 1928 1914 1968 18

1863 2064 1911 2093 22

1864 2188 1914 2228 23

1862 2313 1913 2355 24

1862 2491 1910 2531 25

1858 2710 1909 2752 26

1856 2903 1906 2943 32

1855 3079 1906 3120 33

1853 3259 1907 3301 34
