2216 3554
784 307 927 356 Bedae
962 284 1212 372 Praefatio.
1840 298 1876 360 ν3

121 461 295 509 susque
332 447 470 496 nobis
505 452 683 495 nostrae
704 438 943 496 ¹Historiae
978 447 1270 505 inserendas,
1296 463 1406 495 cum
1442 446 1641 495 consilio
1676 448 1870 511 praefati

121 527 291 576 Albini
315 529 690 578 reverentissimi
703 530 856 593 patris
870 530 1063 578 adtulit.
1112 530 1158 578 A
1172 529 1411 593 principio
1426 529 1592 594 itaque
1606 530 1869 578 voluminis

120 609 262 674 hujus
307 629 459 675 usque
506 611 567 660 ad
612 616 804 675 'tempus
852 629 948 676 quo
999 630 1116 676 gens
1161 613 1432 677 Anglorum
1479 613 1624 661 fidem
1686 612 1870 661 Christi

118 694 347 757 percepit,
389 711 447 741 ex
484 694 703 757 priorum
749 695 959 744 maxime
1006 694 1201 759 scriptis
1247 695 1361 743 hinc
1401 695 1516 743 inde
1563 695 1773 743 collectis
1814 712 1870 743 ea

119 792 226 838 quae
261 793 588 839 promeremus
616 776 887 825 didicimus.
957 778 1147 826 Exinde
1183 782 1344 826 autem
1379 794 1532 842 usque
1555 778 1616 826 ad
1649 783 1869 842 tempora

117 859 385 920 praesentia,
422 875 529 922 quae
565 858 616 906 in
658 859 854 908 ecclesia
895 859 1275 908 Oantuariorum
1311 877 1398 924 per
1434 859 1695 924 discipulos
1736 860 1869 908 beati

116 955 253 1003 papae
288 939 513 1004 Gregorii
549 941 650 990 sive
684 958 979 991 successores
1015 959 1197 1003 eorum,
1227 943 1305 991 vel
1340 943 1430 991 sub
1465 943 1640 1006 quibus
1674 943 1868 1007 regibus

115 1028 250 1086 gesta
294 1022 407 1081 sint,
449 1023 702 1071 memorati
743 1025 934 1073 abbatis
974 1024 1148 1074 Albini
1195 1025 1437 1075 industria
1483 1025 1762 1084 Nothelmo,
1810 1031 1867 1072 ut

114 1103 338 1165 diximus,
375 1105 646 1168 perferente
681 1107 1008 1171 cognovimus.
1082 1109 1182 1170 Qui
1218 1108 1365 1157 etiam
1397 1107 1658 1171 provinciae
1696 1106 1866 1154 Orien-

114 1185 284 1234 talium
308 1187 452 1234 simul
476 1192 525 1235 et
549 1187 935 1238 Occidentalium
961 1191 1208 1240 Saxonum
1232 1207 1320 1239 nec
1344 1207 1441 1238 non
1465 1194 1515 1237 et
1540 1188 1867 1237 Orientalium

114 1267 384 1331 Anglorum
425 1275 573 1334 atquc
609 1272 1143 1335 Nordanhymbrorum,
1186 1291 1216 1322 a
1252 1274 1429 1337 quibus
1464 1271 1752 1336 praesulibus
1787 1271 1866 1318 vel

113 1367 319 1414 quorum
365 1359 582 1416 tempore
630 1371 798 1418 regum
841 1355 1047 1418 gratiam
1096 1356 1333 1420 evangelii
1380 1354 1696 1419 perceperint,
1743 1370 1864 1401 non-

112 1434 244 1482 nulla
283 1435 406 1482 mihi
444 1452 505 1483 ex
539 1441 677 1499 parte
713 1437 1047 1500 prodiderunt.
1119 1438 1348 1503 Denique
1382 1438 1581 1485 hortatu
1622 1435 1865 1500 praecipue

111 1516 263 1579 ipsius
302 1516 471 1565 Albini
508 1522 564 1566 ut
601 1518 693 1567 hoc
731 1537 852 1583 opus
899 1521 1099 1584 adgredi
1140 1522 1368 1570 auderem
1409 1523 1698 1583 provocatus
1741 1535 1863 1568 sum.

112 1597 208 1646 Sed
261 1605 310 1648 et
360 1599 571 1648 Danihel
588 1601 603 1628 ¹
661 1603 1077 1651 reverentissimus
1137 1603 1523 1652 Occidentalium
1621 1631 1765 1673 Bishop

67 1739 74 1743 ἐ
111 1681 355 1730 Saxonum
391 1683 640 1746 episcopus
676 1684 758 1748 qui
794 1702 921 1733 nunc
956 1703 1110 1749 usque
1143 1693 1373 1750 superest,
1402 1704 1519 1734 non·
1606 1681 1779 1723 Danihel,

108 1763 245 1812 nulla
278 1764 399 1811 mihi
435 1765 495 1813 de
533 1766 739 1814 historia
775 1769 1094 1818 ecclesiastica
1134 1770 1396 1833 provinciae
1434 1770 1587 1835 ipsius
1629 1773 1774 1820 simul
1814 1779 1862 1821 et

105 1846 328 1908 proxima
368 1846 441 1896 illi
483 1848 790 1899 Australium
831 1851 1078 1901 Saxonum
1120 1871 1207 1902 nec
1243 1871 1340 1902 non
1383 1861 1432 1903 et
1469 1855 1633 1904 Vectae
1676 1855 1860 1916 insulae,

105 1927 261 1976 literis
315 1930 544 1979 mandata
598 1932 879 1983 declaravit.
974 1935 1197 1995 Qualiter
1242 1954 1356 1985 vero
1404 1954 1490 2000 per
1535 1937 1861 1986 ministerium

107 2010 258 2059 Ceddi
282 2017 331 2060 et
355 2012 549 2062 Oeadda
572 2015 911 2078 religiosorum
945 2018 1130 2068 Christi
1161 2021 1481 2080 sacerdotum,
1508 2021 1585 2069 vel
1609 2021 1861 2083 provincia

104 2093 399 2143 Merciorum
430 2096 492 2144 ad
522 2097 668 2145 fidem
694 2098 878 2148 Christi
913 2118 1059 2164 quam
1087 2120 1187 2150 non
1218 2109 1434 2162 noverat,
1468 2104 1758 2167 pervenerit,
1783 2106 1861 2153 vel

104 2177 353 2239 provincia
378 2178 702 2229 Orientalium
736 2181 987 2231 Saxonum
1017 2184 1162 2233 fidem
1187 2203 1332 2250 quam
1369 2186 1485 2234 olim
1510 2186 1860 2247 exsufflaverat,

104 2261 472 2322 recuperaverit,
521 2264 678 2326 qualis
725 2264 874 2313 etiam
920 2266 1137 2330 ipsorum
1184 2272 1381 2331 patrum
1421 2268 1526 2316 vita
1572 2269 1651 2316 vel
1698 2269 1859 2318 obitus

103 2340 335 2402 extiterit,
353 2343 616 2408 diligenter
639 2364 667 2394 a
690 2348 924 2397 fratribus
942 2351 1223 2399 monasterii
1242 2351 1373 2416 quod
1391 2351 1452 2399 ab
1471 2349 1591 2414 ipsis
1610 2352 1857 2400 conditum

102 2421 445 2487 Laestingaeu2
480 2430 861 2492 cognominatur,
899 2434 1199 2496 agnovimus.
1274 2435 1424 2484 Porro
1461 2434 1512 2482 in
1588 2466 1653 2500 the
1668 2468 1804 2502 monks
1820 2469 1862 2502 of

100 2505 350 2567 provincia
377 2508 701 2560 Orientalium
724 2511 1001 2577 Anglorum
1034 2532 1143 2579 quae
1167 2516 1351 2566 fuerint
1377 2524 1513 2581 gesta
1594 2515 1856 2559 Lastingham‚

102 2587 430 2651 ecclesiastica,
466 2593 644 2655 partim
680 2611 740 2643 ex
774 2596 966 2660 scriptis
994 2599 1071 2646 vel
1107 2599 1370 2648 traditione
1405 2601 1638 2664 priorum,
1674 2604 1855 2667 partim

99 2673 475 2722 reverentissimi
499 2676 688 2726 abbatis
706 2677 794 2726 Esi
812 2679 1046 2729 relatione
1070 2682 1404 2745 comperimus.
1443 2683 1512 2732 At
1636 2721 1713 2756 and
1728 2721 1856 2756 Abbot

99 2768 215 2800 vero
238 2753 291 2801 in
312 2755 563 2818 provincia
579 2758 797 2811 Lindissi
816 2779 924 2826 quae
949 2763 1049 2812 sint
1072 2771 1216 2828 gesta.
1231 2783 1344 2831 erga
1367 2767 1513 2820 fidem
1692 2770 1770 2805 Esi.

101 2875 186 2915 this
215 2878 329 2917 work
358 2879 441 2918 and
472 2879 528 2921 its
561 2881 816 2935 circulation‚
849 2886 884 2927 it
912 2887 948 2928 is
1003 2889 1234 2936 Churchof
1246 2892 1404 2944 Rome3
1433 2896 1517 2936 and
1541 2897 1636 2937 that
1656 2898 1739 2938 this
1759 2913 1850 2950 por-

99 2933 313 2985 generally
332 2935 552 2985 presumed
570 2937 664 2978 that
682 2940 891 2982 reference
910 2942 947 2982 is
1003 2938 1092 2984 tion
1118 2946 1163 2984 of
1186 2946 1260 2986 the
1285 2949 1576 3001 preface—the
1604 2954 1850 2993 authorities

100 2985 200 3026 here
236 2987 358 3027 made
397 2993 441 3028 to
486 2990 558 3031 the
596 2993 722 3043 third,
763 3000 838 3035 not
874 2998 947 3038 the
1003 3013 1114 3051 upon
1132 3001 1269 3041 which
1294 3003 1367 3043 the
1394 3007 1509 3046 work
1533 3022 1618 3047 was
1646 3008 1849 3060 compiled

101 3041 262 3088 second,
292 3043 405 3106 rope
425 3044 625 3100 Gregory.
681 3049 725 3089 It
751 3049 787 3089 is
815 3051 870 3105 by
894 3066 948 3092 no
1003 3058 1351 3108 —accompanied
1377 3059 1413 3100 it
1439 3061 1562 3101 when
1590 3067 1693 3111 sent,
1723 3063 1767 3100 in
1795 3063 1849 3102 its

101 3107 243 3135 means
290 3099 558 3150 lmprobable,
596 3102 800 3155 however,
852 3107 947 3147 that
1003 3110 1240 3151 unfinished
1270 3112 1390 3162 state,
1427 3115 1490 3155 for
1518 3118 1591 3156 the
1619 3117 1849 3168 inspection

101 3149 175 3189 the
193 3164 328 3191 access
347 3157 391 3192 to
409 3154 481 3194 the
508 3155 637 3208 Papal
662 3158 884 3211 Registers,
905 3163 953 3202 of
1002 3164 1049 3203 of
1062 3164 1292 3208 Ceolwulf.’
1350 3170 1592 3211 Stevenson.

101 3203 239 3244 which
277 3207 321 3249 N
323 3208 529 3249 othelmus
567 3211 731 3252 availed
769 3213 944 3264 himself,
1056 3218 1071 3241 ¹
1098 3220 1299 3277 Danihel]
1352 3224 1431 3265 See
1463 3239 1503 3265 v.
1537 3227 1600 3274 18,
1633 3225 1717 3265 and
1750 3228 1848 3265 note

102 3271 186 3299 was
221 3263 399 3312 granted
435 3264 493 3316 by
531 3265 718 3319 Gregory
741 3267 804 3316 ΙΙ,
838 3272 944 3321 who,
1001 3273 1133 3315 there.

100 3312 239 3354 before
258 3315 324 3356 his
342 3320 548 3359 accession
562 3325 606 3360 to
625 3322 696 3362 the
710 3322 841 3376 Papal
856 3326 946 3374 See,
1057 3327 1073 3351 ²
1099 3330 1376 3386 Loestinqaeu]
1447 3334 1525 3374 See
1563 3334 1622 3375 iii.
1665 3345 1728 3386 23,
1765 3335 1848 3375 and

107 3368 282 3423 19May‚
293 3382 378 3415 ΔΛ).
399 3380 489 3426 715,
503 3389 588 3416 was
601 3376 800 3419 librarian
816 3383 859 3421 to
874 3381 946 3421 the
1002 3387 1099 3425 note
1118 3384 1251 3428 there.

931 3464 1015 3500 132
