<?xml version="1.0" encoding="UTF-8"?>
<!DOCTYPE html PUBLIC "-//W3C//DTD XHTML 1.0 Transitional//EN"
    "http://www.w3.org/TR/xhtml1/DTD/xhtml1-transitional.dtd">
<html xmlns="http://www.w3.org/1999/xhtml" xml:lang="en" lang="en">
 <head>
  <title>
</title>
<meta http-equiv="Content-Type" content="text/html;charset=utf-8" />
  <meta name='ocr-system' content='tesseract 3.04.00' />
  <meta name='ocr-capabilities' content='ocr_page ocr_carea ocr_par ocr_line ocrx_word'/>
</head>
<body>
  <div class='ocr_page' id='page_1' title='image "./historiaecclesia00bedeuoft_0425.png"; bbox 0 0 2216 3554; ppageno 0'>
   <div class='ocr_carea' id='block_1_1' title="bbox 762 160 1950 228">
    <p class='ocr_par' dir='ltr' id='par_1_1' title="bbox 762 160 1950 228">
     <span class='ocr_line' id='line_1_1' title="bbox 762 160 1950 228; baseline 0.001 -16"><span class='ocrx_word' id='word_1_1' title='bbox 762 163 1073 228; x_wconf 72' lang='lat' dir='ltr'><strong>Ecyberctum</strong></span> <span class='ocrx_word' id='word_1_2' title='bbox 1106 160 1398 212; x_wconf 73' lang='lat' dir='ltr'><strong>Antistitem.</strong></span> <span class='ocrx_word' id='word_1_3' title='bbox 1855 168 1950 213; x_wconf 85' lang='lat'><strong>393</strong></span> 
     </span>
    </p>
   </div>
   <div class='ocr_carea' id='block_1_2' title="bbox 196 293 1960 3178">
    <p class='ocr_par' dir='ltr' id='par_1_2' title="bbox 197 293 1954 774">
     <span class='ocr_line' id='line_1_2' title="bbox 198 293 1954 359; baseline -0.001 -13"><span class='ocrx_word' id='word_1_4' title='bbox 198 297 342 346; x_wconf 88' lang='lat' dir='ltr'><strong>modo</strong></span> <span class='ocrx_word' id='word_1_5' title='bbox 388 315 443 346; x_wconf 89' lang='lat' dir='ltr'><strong>ac</strong></span> <span class='ocrx_word' id='word_1_6' title='bbox 489 295 719 346; x_wconf 86' lang='lat' dir='ltr'><strong>miserum</strong></span> <span class='ocrx_word' id='word_1_7' title='bbox 768 299 855 356; x_wconf 89' lang='lat' dir='ltr'><strong>est,</strong></span> <span class='ocrx_word' id='word_1_8' title='bbox 912 295 953 345; x_wconf 90' lang='lat' dir='ltr'><strong>si</strong></span> <span class='ocrx_word' id='word_1_9' title='bbox 1001 293 1042 345; x_wconf 90' lang='lat' dir='ltr'><strong>is</strong></span> <span class='ocrx_word' id='word_1_10' title='bbox 1089 294 1173 359; x_wconf 92' lang='lat' dir='ltr'><strong>qui</strong></span> <span class='ocrx_word' id='word_1_11' title='bbox 1227 295 1290 344; x_wconf 90' lang='lat' dir='ltr'><strong>ad</strong></span> <span class='ocrx_word' id='word_1_12' title='bbox 1343 293 1664 345; x_wconf 87' lang='lat' dir='ltr'><strong>consecranda</strong></span> <span class='ocrx_word' id='word_1_13' title='bbox 1710 297 1763 344; x_wconf 90' lang='lat' dir='ltr'><strong>in</strong></span> <span class='ocrx_word' id='word_1_14' title='bbox 1808 297 1954 345; x_wconf 88' lang='lat' dir='ltr'><strong>altari</strong></span> 
     </span>
     <span class='ocr_line' id='line_1_3' title="bbox 198 377 1953 441; baseline 0 -14"><span class='ocrx_word' id='word_1_15' title='bbox 198 380 441 429; x_wconf 89' lang='lat' dir='ltr'><strong>dominica</strong></span> <span class='ocrx_word' id='word_1_16' title='bbox 478 383 775 429; x_wconf 87' lang='lat' dir='ltr'><strong>sacramenta</strong></span> <span class='ocrx_word' id='word_1_17' title='bbox 812 377 1063 426; x_wconf 83' lang='lat' dir='ltr'><strong>ordinatus</strong></span> <span class='ocrx_word' id='word_1_18' title='bbox 1105 380 1192 436; x_wconf 92' lang='lat' dir='ltr'><strong>est,</strong></span> <span class='ocrx_word' id='word_1_19' title='bbox 1231 393 1361 426; x_wconf 92' lang='lat' dir='ltr'><strong>nunc</strong></span> <span class='ocrx_word' id='word_1_20' title='bbox 1399 377 1597 441; x_wconf 90' lang='lat' dir='ltr'><strong>quidem</strong></span> <span class='ocrx_word' id='word_1_21' title='bbox 1630 378 1810 426; x_wconf 88' lang='lat' dir='ltr'><strong>eisdem</strong></span> <span class='ocrx_word' id='word_1_22' title='bbox 1843 397 1953 427; x_wconf 91' lang='lat' dir='ltr'><strong>con-</strong></span> 
     </span>
     <span class='ocr_line' id='line_1_4' title="bbox 197 459 1954 524; baseline -0.002 -12"><span class='ocrx_word' id='word_1_23' title='bbox 197 463 415 512; x_wconf 86' lang='lat' dir='ltr'><strong>ficiendis</strong></span> <span class='ocrx_word' id='word_1_24' title='bbox 450 461 761 512; x_wconf 78' lang='lat' dir='ltr'><strong>sacramentis</strong></span> <span class='ocrx_word' id='word_1_25' title='bbox 793 460 1007 510; x_wconf 91' lang='lat' dir='ltr'><strong>Domino</strong></span> <span class='ocrx_word' id='word_1_26' title='bbox 1042 460 1367 509; x_wconf 73' lang='lat' dir='ltr'><strong>famulaturus</strong></span> <span class='ocrx_word' id='word_1_27' title='bbox 1398 459 1605 520; x_wconf 72' lang='lat' dir='ltr'><strong>assistat,</strong></span> <span class='ocrx_word' id='word_1_28' title='bbox 1633 476 1763 509; x_wconf 88' lang='lat' dir='ltr'><strong>nunc</strong></span> <span class='ocrx_word' id='word_1_29' title='bbox 1793 479 1954 524; x_wconf 89' lang='lat' dir='ltr'><strong>egres-</strong></span> 
     </span>
     <span class='ocr_line' id='line_1_5' title="bbox 197 542 1954 611; baseline -0.001 -17"><span class='ocrx_word' id='word_1_30' title='bbox 197 563 279 594; x_wconf 87' lang='lat' dir='ltr'><strong>sus</strong></span> <span class='ocrx_word' id='word_1_31' title='bbox 315 545 561 595; x_wconf 89' lang='lat' dir='ltr'><strong>ecclesiam</strong></span> <span class='ocrx_word' id='word_1_32' title='bbox 595 544 700 608; x_wconf 90' lang='lat' dir='ltr'><strong>ipso</strong></span> <span class='ocrx_word' id='word_1_33' title='bbox 736 561 818 592; x_wconf 90' lang='lat' dir='ltr'><strong>ore</strong></span> <span class='ocrx_word' id='word_1_34' title='bbox 855 543 1131 607; x_wconf 83' lang='lat' dir='ltr'><strong>eisdemque</strong></span> <span class='ocrx_word' id='word_1_35' title='bbox 1172 542 1394 590; x_wconf 89' lang='lat' dir='ltr'><strong>manibus</strong></span> <span class='ocrx_word' id='word_1_36' title='bbox 1434 543 1613 606; x_wconf 91' lang='lat' dir='ltr'><strong>quibus</strong></span> <span class='ocrx_word' id='word_1_37' title='bbox 1655 544 1800 611; x_wconf 85' lang='lat' dir='ltr'><strong>paulo</strong></span> <span class='ocrx_word' id='word_1_38' title='bbox 1841 549 1954 593; x_wconf 88' lang='lat' dir='ltr'><strong>ante</strong></span> 
     </span>
     <span class='ocr_line' id='line_1_6' title="bbox 197 624 1953 692; baseline -0.001 -16"><span class='ocrx_word' id='word_1_39' title='bbox 197 645 332 676; x_wconf 89' lang='lat' dir='ltr'><strong>sacra</strong></span> <span class='ocrx_word' id='word_1_40' title='bbox 377 631 681 688; x_wconf 83' lang='lat' dir='ltr'><strong>tractaverat,</strong></span> <span class='ocrx_word' id='word_1_41' title='bbox 729 632 928 692; x_wconf 87' lang='lat' dir='ltr'><strong>repente</strong></span> <span class='ocrx_word' id='word_1_42' title='bbox 974 625 1147 676; x_wconf 89' lang='lat' dir='ltr'><strong>frivola</strong></span> <span class='ocrx_word' id='word_1_43' title='bbox 1192 624 1325 689; x_wconf 92' lang='lat' dir='ltr'><strong>loqui</strong></span> <span class='ocrx_word' id='word_1_44' title='bbox 1372 625 1448 673; x_wconf 90' lang='lat' dir='ltr'><strong>vel</strong></span> <span class='ocrx_word' id='word_1_45' title='bbox 1496 642 1637 689; x_wconf 86' lang='lat' dir='ltr'><strong>agere</strong></span> <span class='ocrx_word' id='word_1_46' title='bbox 1686 626 1953 676; x_wconf 87' lang='lat' dir='ltr'><strong>Dominum</strong></span> 
     </span>
     <span class='ocr_line' id='line_1_7' title="bbox 198 709 1068 774; baseline 0.001 -16"><span class='ocrx_word' id='word_1_47' title='bbox 198 710 465 759; x_wconf 85' lang='lat' dir='ltr'><strong>offensurus</strong></span> <span class='ocrx_word' id='word_1_48' title='bbox 499 709 716 774; x_wconf 85' lang='lat' dir='ltr'><strong>incipiat.</strong></span> <span class='ocrx_word' id='word_1_49' title='bbox 1065 715 1068 717; x_wconf 81' lang='grc'><strong>’</strong></span> 
     </span>
    </p>

    <p class='ocr_par' dir='ltr' id='par_1_3' title="bbox 196 789 1960 3178">
     <span class='ocr_line' id='line_1_8' title="bbox 265 789 1953 855; baseline -0.001 -14"><span class='ocrx_word' id='word_1_50' title='bbox 265 792 349 841; x_wconf 82' lang='lat' dir='ltr'><strong>Ad</strong></span> <span class='ocrx_word' id='word_1_51' title='bbox 372 792 734 842; x_wconf 86' lang='lat' dir='ltr'><strong>custodiendam</strong></span> <span class='ocrx_word' id='word_1_52' title='bbox 759 790 940 855; x_wconf 76' lang='lat' dir='ltr'><strong>linguae</strong></span> <span class='ocrx_word' id='word_1_53' title='bbox 964 791 1042 840; x_wconf 91' lang='lat' dir='ltr'><strong>vel</strong></span> <span class='ocrx_word' id='word_1_54' title='bbox 1074 791 1233 855; x_wconf 90' lang='lat' dir='ltr'><strong>operis</strong></span> <span class='ocrx_word' id='word_1_55' title='bbox 1264 789 1575 850; x_wconf 84' lang='lat' dir='ltr'><strong>munditiam,</strong></span> <span class='ocrx_word' id='word_1_56' title='bbox 1602 806 1712 838; x_wconf 92' lang='lat' dir='ltr'><strong>cum</strong></span> <span class='ocrx_word' id='word_1_57' title='bbox 1745 790 1953 839; x_wconf 90' lang='lat' dir='ltr'><strong>lectione</strong></span> 
     </span>
     <span class='ocr_line' id='line_1_9' title="bbox 197 872 1953 938; baseline -0.001 -15"><span class='ocrx_word' id='word_1_58' title='bbox 197 875 376 934; x_wconf 83' lang='lat' dir='ltr'><strong>divina,</strong></span> <span class='ocrx_word' id='word_1_59' title='bbox 402 875 550 924; x_wconf 90' lang='lat' dir='ltr'><strong>etiam</strong></span> <span class='ocrx_word' id='word_1_60' title='bbox 581 874 780 924; x_wconf 89' lang='lat' dir='ltr'><strong>societas</strong></span> <span class='ocrx_word' id='word_1_61' title='bbox 809 890 974 923; x_wconf 89' lang='lat' dir='ltr'><strong>eorum</strong></span> <span class='ocrx_word' id='word_1_62' title='bbox 1010 873 1096 938; x_wconf 89' lang='lat' dir='ltr'><strong>qui</strong></span> <span class='ocrx_word' id='word_1_63' title='bbox 1129 873 1325 923; x_wconf 83' lang='lat' dir='ltr'><strong>Christo</strong></span> <span class='ocrx_word' id='word_1_64' title='bbox 1357 872 1491 921; x_wconf 89' lang='lat' dir='ltr'><strong>fideli</strong></span> <span class='ocrx_word' id='word_1_65' title='bbox 1516 872 1771 921; x_wconf 90' lang='lat' dir='ltr'><strong>devotione</strong></span> <span class='ocrx_word' id='word_1_66' title='bbox 1795 873 1953 921; x_wconf 86' lang='lat' dir='ltr'><strong>famu-</strong></span> 
     </span>
     <span class='ocr_line' id='line_1_10' title="bbox 197 956 1952 1022; baseline -0.001 -16"><span class='ocrx_word' id='word_1_67' title='bbox 197 959 376 1018; x_wconf 84' lang='lat' dir='ltr'><strong>lantur,</strong></span> <span class='ocrx_word' id='word_1_68' title='bbox 418 957 687 1022; x_wconf 90' lang='lat' dir='ltr'><strong>plurimum</strong></span> <span class='ocrx_word' id='word_1_69' title='bbox 722 957 875 1022; x_wconf 87' lang='lat' dir='ltr'><strong>juvat.</strong></span> <span class='ocrx_word' id='word_1_70' title='bbox 965 957 1039 1006; x_wconf 80' lang='lat' dir='ltr'><strong>Ut</strong></span> <span class='ocrx_word' id='word_1_71' title='bbox 1082 957 1123 1007; x_wconf 90' lang='lat' dir='ltr'><strong>si</strong></span> <span class='ocrx_word' id='word_1_72' title='bbox 1165 956 1356 1021; x_wconf 86' lang='lat' dir='ltr'><strong>quando</strong></span> <span class='ocrx_word' id='word_1_73' title='bbox 1394 957 1473 1005; x_wconf 89' lang='lat' dir='ltr'><strong>vel</strong></span> <span class='ocrx_word' id='word_1_74' title='bbox 1509 957 1677 1020; x_wconf 85' lang='lat' dir='ltr'><strong>lingua</strong></span> <span class='ocrx_word' id='word_1_75' title='bbox 1718 957 1952 1018; x_wconf 87' lang='lat' dir='ltr'><strong>lascivire,</strong></span> 
     </span>
     <span class='ocr_line' id='line_1_11' title="bbox 196 1039 1955 1105; baseline -0.001 -15"><span class='ocrx_word' id='word_1_76' title='bbox 196 1041 275 1090; x_wconf 86' lang='lat' dir='ltr'><strong>vel</strong></span> <span class='ocrx_word' id='word_1_77' title='bbox 325 1040 540 1104; x_wconf 89' lang='lat' dir='ltr'><strong>operatio</strong></span> <span class='ocrx_word' id='word_1_78' title='bbox 596 1057 747 1104; x_wconf 86' lang='lat' dir='ltr'><strong>prava</strong></span> <span class='ocrx_word' id='word_1_79' title='bbox 805 1039 928 1088; x_wconf 91' lang='lat' dir='ltr'><strong>mihi</strong></span> <span class='ocrx_word' id='word_1_80' title='bbox 982 1041 1237 1104; x_wconf 88' lang='lat' dir='ltr'><strong>subrepere</strong></span> <span class='ocrx_word' id='word_1_81' title='bbox 1292 1040 1504 1105; x_wconf 90' lang='lat' dir='ltr'><strong>coeperit,</strong></span> <span class='ocrx_word' id='word_1_82' title='bbox 1553 1057 1668 1088; x_wconf 89' lang='lat' dir='ltr'><strong>mox</strong></span> <span class='ocrx_word' id='word_1_83' title='bbox 1715 1040 1955 1089; x_wconf 92' lang='lat' dir='ltr'><strong>sociorum</strong></span> 
     </span>
     <span class='ocr_line' id='line_1_12' title="bbox 197 1122 1955 1183; baseline 0.001 -13"><span class='ocrx_word' id='word_1_84' title='bbox 197 1122 412 1171; x_wconf 86' lang='lat' dir='ltr'><strong>fidelium</strong></span> <span class='ocrx_word' id='word_1_85' title='bbox 447 1140 594 1172; x_wconf 87' lang='lat' dir='ltr'><strong>manu</strong></span> <span class='ocrx_word' id='word_1_86' title='bbox 628 1141 689 1172; x_wconf 91' lang='lat' dir='ltr'><strong>ne</strong></span> <span class='ocrx_word' id='word_1_87' title='bbox 724 1124 892 1172; x_wconf 89' lang='lat' dir='ltr'><strong>cadere</strong></span> <span class='ocrx_word' id='word_1_88' title='bbox 924 1123 1110 1172; x_wconf 88' lang='lat' dir='ltr'><strong>valeam</strong></span> <span class='ocrx_word' id='word_1_89' title='bbox 1142 1127 1399 1171; x_wconf 89' lang='lat' dir='ltr'><strong>sustenter.</strong></span> <span class='ocrx_word' id='word_1_90' title='bbox 1472 1122 1616 1183; x_wconf 80' lang='lat' dir='ltr'><strong>Quod</strong></span> <span class='ocrx_word' id='word_1_91' title='bbox 1651 1140 1759 1171; x_wconf 91' lang='lat' dir='ltr'><strong>cum</strong></span> <span class='ocrx_word' id='word_1_92' title='bbox 1798 1123 1955 1171; x_wconf 89' lang='lat' dir='ltr'><strong>omni-</strong></span> 
     </span>
     <span class='ocr_line' id='line_1_13' title="bbox 196 1194 1956 1271; baseline 0.001 -17"><span class='ocrx_word' id='word_1_93' title='bbox 196 1205 287 1254; x_wconf 90' lang='lat' dir='ltr'><strong>bus</strong></span> <span class='ocrx_word' id='word_1_94' title='bbox 306 1194 418 1254; x_wconf 63' lang='lat' dir='ltr'><strong>&gt;Dei</strong></span> <span class='ocrx_word' id='word_1_95' title='bbox 453 1207 651 1255; x_wconf 89' lang='lat' dir='ltr'><strong>famulis</strong></span> <span class='ocrx_word' id='word_1_96' title='bbox 687 1207 884 1256; x_wconf 90' lang='lat' dir='ltr'><strong>sibimet</strong></span> <span class='ocrx_word' id='word_1_97' title='bbox 918 1198 997 1255; x_wconf 88' lang='lat' dir='ltr'><strong>ita</strong></span> <span class='ocrx_word' id='word_1_98' title='bbox 1031 1206 1303 1270; x_wconf 85' lang='lat' dir='ltr'><strong>prospicere</strong></span> <span class='ocrx_word' id='word_1_99' title='bbox 1338 1205 1608 1255; x_wconf 90' lang='lat' dir='ltr'><strong>utillimum</strong></span> <span class='ocrx_word' id='word_1_100' title='bbox 1650 1206 1727 1267; x_wconf 91' lang='lat' dir='ltr'><strong>sit,</strong></span> <span class='ocrx_word' id='word_1_101' title='bbox 1772 1213 1956 1271; x_wconf 89' lang='lat' dir='ltr'><strong>quanto</strong></span> 
     </span>
     <span class='ocr_line' id='line_1_14' title="bbox 197 1288 1957 1354; baseline 0.002 -18"><span class='ocrx_word' id='word_1_102' title='bbox 197 1289 349 1352; x_wconf 87' lang='lat' dir='ltr'><strong>magis</strong></span> <span class='ocrx_word' id='word_1_103' title='bbox 381 1288 457 1337; x_wconf 93' lang='lat' dir='ltr'><strong>illi</strong></span> <span class='ocrx_word' id='word_1_104' title='bbox 490 1290 661 1354; x_wconf 86' lang='lat' dir='ltr'><strong>gradui</strong></span> <span class='ocrx_word' id='word_1_105' title='bbox 696 1291 780 1354; x_wconf 90' lang='lat' dir='ltr'><strong>qui</strong></span> <span class='ocrx_word' id='word_1_106' title='bbox 812 1306 910 1338; x_wconf 87' lang='lat' dir='ltr'><strong>non</strong></span> <span class='ocrx_word' id='word_1_107' title='bbox 945 1288 1120 1338; x_wconf 90' lang='lat' dir='ltr'><strong>suimet</strong></span> <span class='ocrx_word' id='word_1_108' title='bbox 1143 1289 1480 1338; x_wconf 87' lang='lat' dir='ltr'><strong>tantummodo</strong></span> <span class='ocrx_word' id='word_1_109' title='bbox 1505 1307 1668 1338; x_wconf 89' lang='lat' dir='ltr'><strong>curam</strong></span> <span class='ocrx_word' id='word_1_110' title='bbox 1693 1306 1848 1353; x_wconf 87' lang='lat' dir='ltr'><strong>agere,</strong></span> <span class='ocrx_word' id='word_1_111' title='bbox 1874 1290 1957 1339; x_wconf 86' lang='lat' dir='ltr'><strong>sed</strong></span> 
     </span>
     <span class='ocr_line' id='line_1_15' title="bbox 197 1371 1957 1436; baseline 0.001 -17"><span class='ocrx_word' id='word_1_112' title='bbox 197 1371 344 1420; x_wconf 84' lang='lat' dir='ltr'><strong>etiam</strong></span> <span class='ocrx_word' id='word_1_113' title='bbox 386 1389 500 1436; x_wconf 87' lang='lat' dir='ltr'><strong>erga</strong></span> <span class='ocrx_word' id='word_1_114' title='bbox 541 1373 846 1421; x_wconf 89' lang='lat' dir='ltr'><strong>commissam</strong></span> <span class='ocrx_word' id='word_1_115' title='bbox 889 1373 983 1421; x_wconf 86' lang='lat' dir='ltr'><strong>sibi</strong></span> <span class='ocrx_word' id='word_1_116' title='bbox 1031 1372 1276 1421; x_wconf 86' lang='lat' dir='ltr'><strong>ecclesiam</strong></span> <span class='ocrx_word' id='word_1_117' title='bbox 1319 1389 1510 1421; x_wconf 91' lang='lat' dir='ltr'><strong>necesse</strong></span> <span class='ocrx_word' id='word_1_118' title='bbox 1551 1372 1698 1421; x_wconf 88' lang='lat' dir='ltr'><strong>habet</strong></span> <span class='ocrx_word' id='word_1_119' title='bbox 1739 1373 1957 1422; x_wconf 89' lang='lat' dir='ltr'><strong>studium</strong></span> 
     </span>
     <span class='ocr_line' id='line_1_16' title="bbox 197 1453 1958 1519; baseline 0.001 -17"><span class='ocrx_word' id='word_1_120' title='bbox 197 1454 368 1502; x_wconf 85' lang='lat' dir='ltr'><strong>salutis</strong></span> <span class='ocrx_word' id='word_1_121' title='bbox 414 1454 721 1519; x_wconf 86' lang='lat' dir='ltr'><strong>impendere;</strong></span> <span class='ocrx_word' id='word_1_122' title='bbox 770 1455 913 1519; x_wconf 80' lang='lat' dir='ltr'><strong>juxta</strong></span> <span class='ocrx_word' id='word_1_123' title='bbox 959 1455 1098 1503; x_wconf 91' lang='lat' dir='ltr'><strong>illum</strong></span> <span class='ocrx_word' id='word_1_124' title='bbox 1145 1454 1230 1519; x_wconf 90' lang='lat' dir='ltr'><strong>qui</strong></span> <span class='ocrx_word' id='word_1_125' title='bbox 1275 1453 1403 1503; x_wconf 87' lang='lat' dir='ltr'><strong>dixit</strong></span> <span class='ocrx_word' id='word_1_126' title='bbox 1420 1455 1451 1515; x_wconf 91' lang='lat'><strong>¹,</strong></span> <span class='ocrx_word' id='word_1_127' title='bbox 1502 1459 1704 1518; x_wconf 78' lang='lat' dir='ltr'><strong>‘praeter</strong></span> <span class='ocrx_word' id='word_1_128' title='bbox 1751 1473 1808 1504; x_wconf 89' lang='lat' dir='ltr'><strong>ea</strong></span> <span class='ocrx_word' id='word_1_129' title='bbox 1850 1473 1958 1519; x_wconf 89' lang='lat' dir='ltr'><strong>quae</strong></span> 
     </span>
     <span class='ocr_line' id='line_1_17' title="bbox 198 1535 1957 1601; baseline 0.001 -17"><span class='ocrx_word' id='word_1_130' title='bbox 198 1536 498 1585; x_wconf 88' lang='lat' dir='ltr'><strong>extrinsecus</strong></span> <span class='ocrx_word' id='word_1_131' title='bbox 534 1540 648 1586; x_wconf 90' lang='lat' dir='ltr'><strong>sunt</strong></span> <span class='ocrx_word' id='word_1_132' title='bbox 681 1536 916 1586; x_wconf 84' lang='lat' dir='ltr'><strong>instantia</strong></span> <span class='ocrx_word' id='word_1_133' title='bbox 952 1554 1060 1586; x_wconf 87' lang='lat' dir='ltr'><strong>mea</strong></span> <span class='ocrx_word' id='word_1_134' title='bbox 1095 1535 1389 1601; x_wconf 89' lang='lat' dir='ltr'><strong>quotidiana,</strong></span> <span class='ocrx_word' id='word_1_135' title='bbox 1428 1536 1702 1586; x_wconf 88' lang='lat' dir='ltr'><strong>sollicitudo</strong></span> <span class='ocrx_word' id='word_1_136' title='bbox 1740 1539 1957 1587; x_wconf 87' lang='lat' dir='ltr'><strong>omnium</strong></span> 
     </span>
     <span class='ocr_line' id='line_1_18' title="bbox 198 1619 1957 1683; baseline 0.001 -16"><span class='ocrx_word' id='word_1_137' title='bbox 198 1619 524 1668; x_wconf 88' lang='lat' dir='ltr'><strong>ecclesiarum.</strong></span> <span class='ocrx_word' id='word_1_138' title='bbox 599 1620 720 1682; x_wconf 79' lang='lat' dir='ltr'><strong>Quis</strong></span> <span class='ocrx_word' id='word_1_139' title='bbox 765 1620 1058 1681; x_wconf 87' lang='lat' dir='ltr'><strong>infirmatur,</strong></span> <span class='ocrx_word' id='word_1_140' title='bbox 1106 1623 1155 1668; x_wconf 85' lang='lat' dir='ltr'><strong>et</strong></span> <span class='ocrx_word' id='word_1_141' title='bbox 1217 1636 1305 1683; x_wconf 91' lang='lat' dir='ltr'><strong>ego</strong></span> <span class='ocrx_word' id='word_1_142' title='bbox 1360 1637 1458 1668; x_wconf 91' lang='lat' dir='ltr'><strong>non</strong></span> <span class='ocrx_word' id='word_1_143' title='bbox 1506 1620 1761 1669; x_wconf 70' lang='lat' dir='ltr'><strong>infirmor?</strong></span> <span class='ocrx_word' id='word_1_144' title='bbox 1834 1621 1957 1682; x_wconf 77' lang='lat' dir='ltr'><strong>Quis</strong></span> 
     </span>
     <span class='ocr_line' id='line_1_19' title="bbox 197 1702 1958 1767; baseline 0.001 -16"><span class='ocrx_word' id='word_1_145' title='bbox 197 1702 566 1763; x_wconf 85' lang='lat' dir='ltr'><strong>scandalizatur,</strong></span> <span class='ocrx_word' id='word_1_146' title='bbox 604 1708 653 1751; x_wconf 88' lang='lat' dir='ltr'><strong>et</strong></span> <span class='ocrx_word' id='word_1_147' title='bbox 689 1720 776 1766; x_wconf 88' lang='lat' dir='ltr'><strong>ego</strong></span> <span class='ocrx_word' id='word_1_148' title='bbox 811 1721 910 1752; x_wconf 89' lang='lat' dir='ltr'><strong>non</strong></span> <span class='ocrx_word' id='word_1_149' title='bbox 945 1720 1060 1752; x_wconf 92' lang='lat' dir='ltr'><strong>uror</strong></span> <span class='ocrx_word' id='word_1_150' title='bbox 1077 1702 1119 1751; x_wconf 65' lang='lat' dir='ltr'><strong>‘l&#39;</strong></span> <span class='ocrx_word' id='word_1_151' title='bbox 1179 1703 1323 1765; x_wconf 74' lang='lat' dir='ltr'><strong>Quod</strong></span> <span class='ocrx_word' id='word_1_152' title='bbox 1357 1720 1455 1751; x_wconf 90' lang='lat' dir='ltr'><strong>non</strong></span> <span class='ocrx_word' id='word_1_153' title='bbox 1493 1703 1564 1751; x_wconf 89' lang='lat' dir='ltr'><strong>ita</strong></span> <span class='ocrx_word' id='word_1_154' title='bbox 1599 1704 1785 1767; x_wconf 89' lang='lat' dir='ltr'><strong>loquor,</strong></span> <span class='ocrx_word' id='word_1_155' title='bbox 1821 1704 1958 1767; x_wconf 88' lang='lat' dir='ltr'><strong>quasi</strong></span> 
     </span>
     <span class='ocr_line' id='line_1_20' title="bbox 196 1784 1959 1850; baseline 0.002 -18"><span class='ocrx_word' id='word_1_156' title='bbox 196 1788 246 1832; x_wconf 89' lang='lat' dir='ltr'><strong>te</strong></span> <span class='ocrx_word' id='word_1_157' title='bbox 282 1784 424 1833; x_wconf 88' lang='lat' dir='ltr'><strong>aliter</strong></span> <span class='ocrx_word' id='word_1_158' title='bbox 458 1785 615 1833; x_wconf 85' lang='lat' dir='ltr'><strong>facere</strong></span> <span class='ocrx_word' id='word_1_159' title='bbox 650 1785 810 1846; x_wconf 88' lang='lat' dir='ltr'><strong>sciam,</strong></span> <span class='ocrx_word' id='word_1_160' title='bbox 849 1787 931 1836; x_wconf 90' lang='lat' dir='ltr'><strong>sed</strong></span> <span class='ocrx_word' id='word_1_161' title='bbox 975 1786 1091 1850; x_wconf 88' lang='lat' dir='ltr'><strong>quia</strong></span> <span class='ocrx_word' id='word_1_162' title='bbox 1131 1786 1191 1834; x_wconf 89' lang='lat' dir='ltr'><strong>de</strong></span> <span class='ocrx_word' id='word_1_163' title='bbox 1233 1785 1522 1850; x_wconf 86' lang='lat' dir='ltr'><strong>quibusdam</strong></span> <span class='ocrx_word' id='word_1_164' title='bbox 1561 1786 1794 1850; x_wconf 90' lang='lat' dir='ltr'><strong>episcopis</strong></span> <span class='ocrx_word' id='word_1_165' title='bbox 1830 1787 1959 1835; x_wconf 89' lang='lat' dir='ltr'><strong>fama</strong></span> 
     </span>
     <span class='ocr_line' id='line_1_21' title="bbox 197 1867 1958 1932; baseline 0 -14"><span class='ocrx_word' id='word_1_166' title='bbox 197 1867 450 1932; x_wconf 90' lang='lat' dir='ltr'><strong>vulgatum</strong></span> <span class='ocrx_word' id='word_1_167' title='bbox 485 1871 570 1928; x_wconf 89' lang='lat' dir='ltr'><strong>est,</strong></span> <span class='ocrx_word' id='word_1_168' title='bbox 607 1868 738 1932; x_wconf 87' lang='lat' dir='ltr'><strong>quod</strong></span> <span class='ocrx_word' id='word_1_169' title='bbox 771 1868 867 1932; x_wconf 86' lang='lat' dir='ltr'><strong>ipsi</strong></span> <span class='ocrx_word' id='word_1_170' title='bbox 903 1868 972 1917; x_wconf 87' lang='lat' dir='ltr'><strong>ita</strong></span> <span class='ocrx_word' id='word_1_171' title='bbox 1008 1868 1206 1918; x_wconf 85' lang='lat' dir='ltr'><strong>Christo</strong></span> <span class='ocrx_word' id='word_1_172' title='bbox 1245 1868 1472 1928; x_wconf 88' lang='lat' dir='ltr'><strong>serviant,</strong></span> <span class='ocrx_word' id='word_1_173' title='bbox 1508 1872 1564 1917; x_wconf 93' lang='lat' dir='ltr'><strong>ut</strong></span> <span class='ocrx_word' id='word_1_174' title='bbox 1602 1869 1760 1918; x_wconf 92' lang='lat' dir='ltr'><strong>nullos</strong></span> <span class='ocrx_word' id='word_1_175' title='bbox 1797 1887 1958 1918; x_wconf 88' lang='lat' dir='ltr'><strong>secum</strong></span> 
     </span>
     <span class='ocr_line' id='line_1_22' title="bbox 197 1950 1959 2016; baseline 0.001 -17"><span class='ocrx_word' id='word_1_176' title='bbox 197 1950 406 2015; x_wconf 90' lang='lat' dir='ltr'><strong>alicujus</strong></span> <span class='ocrx_word' id='word_1_177' title='bbox 446 1951 694 2016; x_wconf 86' lang='lat' dir='ltr'><strong>religionis</strong></span> <span class='ocrx_word' id='word_1_178' title='bbox 733 1957 821 2001; x_wconf 88' lang='lat' dir='ltr'><strong>aut</strong></span> <span class='ocrx_word' id='word_1_179' title='bbox 862 1952 1175 2001; x_wconf 77' lang='lat' dir='ltr'><strong>continentiae</strong></span> <span class='ocrx_word' id='word_1_180' title='bbox 1214 1951 1344 2000; x_wconf 90' lang='lat' dir='ltr'><strong>viros</strong></span> <span class='ocrx_word' id='word_1_181' title='bbox 1384 1951 1627 2000; x_wconf 89' lang='lat' dir='ltr'><strong>habeant:</strong></span> <span class='ocrx_word' id='word_1_182' title='bbox 1673 1952 1756 2000; x_wconf 87' lang='lat' dir='ltr'><strong>sed</strong></span> <span class='ocrx_word' id='word_1_183' title='bbox 1793 1953 1959 2016; x_wconf 89' lang='lat' dir='ltr'><strong>potius</strong></span> 
     </span>
     <span class='ocr_line' id='line_1_23' title="bbox 199 2033 1959 2097; baseline 0.002 -16"><span class='ocrx_word' id='word_1_184' title='bbox 199 2034 285 2097; x_wconf 90' lang='lat' dir='ltr'><strong>qui</strong></span> <span class='ocrx_word' id='word_1_185' title='bbox 325 2033 459 2094; x_wconf 87' lang='lat' dir='ltr'><strong>risui,</strong></span> <span class='ocrx_word' id='word_1_186' title='bbox 492 2034 629 2097; x_wconf 87' lang='lat' dir='ltr'><strong>jocis,</strong></span> <span class='ocrx_word' id='word_1_187' title='bbox 666 2034 856 2095; x_wconf 88' lang='lat' dir='ltr'><strong>fabulis,</strong></span> <span class='ocrx_word' id='word_1_188' title='bbox 893 2034 1374 2084; x_wconf 89' lang='lat' dir='ltr'><strong>commessationibus</strong></span> <span class='ocrx_word' id='word_1_189' title='bbox 1415 2039 1463 2083; x_wconf 91' lang='lat' dir='ltr'><strong>et</strong></span> <span class='ocrx_word' id='word_1_190' title='bbox 1505 2035 1833 2095; x_wconf 89' lang='lat' dir='ltr'><strong>ebrietatibus,</strong></span> <span class='ocrx_word' id='word_1_191' title='bbox 1871 2052 1959 2084; x_wconf 89' lang='lat' dir='ltr'><strong>cae-</strong></span> 
     </span>
     <span class='ocr_line' id='line_1_24' title="bbox 199 2116 1960 2183; baseline 0.001 -18"><span class='ocrx_word' id='word_1_192' title='bbox 199 2116 413 2179; x_wconf 90' lang='lat' dir='ltr'><strong>terisque</strong></span> <span class='ocrx_word' id='word_1_193' title='bbox 459 2116 573 2165; x_wconf 86' lang='lat' dir='ltr'><strong>vitae</strong></span> <span class='ocrx_word' id='word_1_194' title='bbox 620 2117 908 2166; x_wconf 89' lang='lat' dir='ltr'><strong>remissioris</strong></span> <span class='ocrx_word' id='word_1_195' title='bbox 956 2118 1191 2167; x_wconf 87' lang='lat' dir='ltr'><strong>illecebris</strong></span> <span class='ocrx_word' id='word_1_196' title='bbox 1232 2117 1536 2182; x_wconf 88' lang='lat' dir='ltr'><strong>subigantur,</strong></span> <span class='ocrx_word' id='word_1_197' title='bbox 1580 2122 1629 2166; x_wconf 88' lang='lat' dir='ltr'><strong>et</strong></span> <span class='ocrx_word' id='word_1_198' title='bbox 1671 2119 1758 2183; x_wconf 92' lang='lat' dir='ltr'><strong>qui</strong></span> <span class='ocrx_word' id='word_1_199' title='bbox 1806 2118 1960 2182; x_wconf 86' lang='lat' dir='ltr'><strong>magis</strong></span> 
     </span>
     <span class='ocr_line' id='line_1_25' title="bbox 200 2198 1959 2264; baseline 0.002 -18"><span class='ocrx_word' id='word_1_200' title='bbox 200 2198 416 2262; x_wconf 89' lang='lat' dir='ltr'><strong>quotidie</strong></span> <span class='ocrx_word' id='word_1_201' title='bbox 451 2204 671 2247; x_wconf 89' lang='lat' dir='ltr'><strong>ventrem</strong></span> <span class='ocrx_word' id='word_1_202' title='bbox 708 2199 926 2263; x_wconf 81' lang='lat' dir='ltr'><strong>dapibuS,</strong></span> <span class='ocrx_word' id='word_1_203' title='bbox 965 2217 1111 2264; x_wconf 89' lang='lat' dir='ltr'><strong>quam</strong></span> <span class='ocrx_word' id='word_1_204' title='bbox 1149 2205 1361 2249; x_wconf 90' lang='lat' dir='ltr'><strong>mentem</strong></span> <span class='ocrx_word' id='word_1_205' title='bbox 1404 2200 1650 2249; x_wconf 89' lang='lat' dir='ltr'><strong>sacrificiis</strong></span> <span class='ocrx_word' id='word_1_206' title='bbox 1686 2200 1959 2250; x_wconf 89' lang='lat' dir='ltr'><strong>coelestibus</strong></span> 
     </span>
     <span class='ocr_line' id='line_1_26' title="bbox 200 2281 1959 2348; baseline 0.001 -19"><span class='ocrx_word' id='word_1_207' title='bbox 200 2286 413 2345; x_wconf 87' lang='lat' dir='ltr'><strong>pascant.</strong></span> <span class='ocrx_word' id='word_1_208' title='bbox 487 2281 620 2342; x_wconf 80' lang='lat' dir='ltr'><strong>Quos</strong></span> <span class='ocrx_word' id='word_1_209' title='bbox 653 2287 740 2331; x_wconf 90' lang='lat' dir='ltr'><strong>tua</strong></span> <span class='ocrx_word' id='word_1_210' title='bbox 772 2286 939 2332; x_wconf 88' lang='lat' dir='ltr'><strong>sancta</strong></span> <span class='ocrx_word' id='word_1_211' title='bbox 970 2283 1258 2332; x_wconf 83' lang='lat' dir='ltr'><strong>auctoritate</strong></span> <span class='ocrx_word' id='word_1_212' title='bbox 1286 2283 1328 2332; x_wconf 91' lang='lat' dir='ltr'><strong>si</strong></span> <span class='ocrx_word' id='word_1_213' title='bbox 1350 2282 1530 2332; x_wconf 89' lang='lat' dir='ltr'><strong>alicubi</strong></span> <span class='ocrx_word' id='word_1_214' title='bbox 1553 2284 1789 2348; x_wconf 90' lang='lat' dir='ltr'><strong>repereris</strong></span> <span class='ocrx_word' id='word_1_215' title='bbox 1813 2284 1959 2333; x_wconf 88' lang='lat' dir='ltr'><strong>velim</strong></span> 
     </span>
     <span class='ocr_line' id='line_1_27' title="bbox 202 2364 1959 2430; baseline 0.002 -18"><span class='ocrx_word' id='word_1_216' title='bbox 202 2364 427 2427; x_wconf 85' lang='lat' dir='ltr'><strong>corrigas,</strong></span> <span class='ocrx_word' id='word_1_217' title='bbox 463 2381 754 2430; x_wconf 90' lang='lat' dir='ltr'><strong>moneasque</strong></span> <span class='ocrx_word' id='word_1_218' title='bbox 788 2366 895 2415; x_wconf 90' lang='lat' dir='ltr'><strong>illos</strong></span> <span class='ocrx_word' id='word_1_219' title='bbox 930 2367 1050 2415; x_wconf 90' lang='lat' dir='ltr'><strong>tales</strong></span> <span class='ocrx_word' id='word_1_220' title='bbox 1085 2383 1184 2413; x_wconf 86' lang='lat' dir='ltr'><strong>suae</strong></span> <span class='ocrx_word' id='word_1_221' title='bbox 1218 2367 1596 2415; x_wconf 88' lang='lat' dir='ltr'><strong>conversationis</strong></span> <span class='ocrx_word' id='word_1_222' title='bbox 1630 2367 1821 2417; x_wconf 78' lang='lat' dir='ltr'><strong>diurnae</strong></span> <span class='ocrx_word' id='word_1_223' title='bbox 1857 2367 1959 2417; x_wconf 91' lang='lat' dir='ltr'><strong>sive</strong></span> 
     </span>
     <span class='ocr_line' id='line_1_28' title="bbox 201 2448 1960 2514; baseline 0.001 -17"><span class='ocrx_word' id='word_1_224' title='bbox 201 2453 451 2497; x_wconf 78' lang='lat' dir='ltr'><strong>nocturnae</strong></span> <span class='ocrx_word' id='word_1_225' title='bbox 471 2452 619 2496; x_wconf 89' lang='lat' dir='ltr'><strong>testes</strong></span> <span class='ocrx_word' id='word_1_226' title='bbox 643 2448 833 2507; x_wconf 88' lang='lat' dir='ltr'><strong>habere,</strong></span> <span class='ocrx_word' id='word_1_227' title='bbox 854 2449 939 2513; x_wconf 94' lang='lat' dir='ltr'><strong>qui</strong></span> <span class='ocrx_word' id='word_1_228' title='bbox 963 2453 1013 2498; x_wconf 94' lang='lat' dir='ltr'><strong>et</strong></span> <span class='ocrx_word' id='word_1_229' title='bbox 1037 2449 1225 2498; x_wconf 88' lang='lat' dir='ltr'><strong>actione</strong></span> <span class='ocrx_word' id='word_1_230' title='bbox 1244 2448 1352 2497; x_wconf 91' lang='lat' dir='ltr'><strong>Deo</strong></span> <span class='ocrx_word' id='word_1_231' title='bbox 1376 2449 1523 2514; x_wconf 88' lang='lat' dir='ltr'><strong>digna</strong></span> <span class='ocrx_word' id='word_1_232' title='bbox 1548 2454 1597 2499; x_wconf 90' lang='lat' dir='ltr'><strong>et</strong></span> <span class='ocrx_word' id='word_1_233' title='bbox 1621 2451 1960 2500; x_wconf 84' lang='lat' dir='ltr'><strong>exhortatione</strong></span> 
     </span>
     <span class='ocr_line' id='line_1_29' title="bbox 202 2531 1960 2598; baseline 0.002 -18"><span class='ocrx_word' id='word_1_234' title='bbox 202 2547 413 2594; x_wconf 89' lang='lat' dir='ltr'><strong>congrua</strong></span> <span class='ocrx_word' id='word_1_235' title='bbox 446 2531 672 2595; x_wconf 87' lang='lat' dir='ltr'><strong>prodesse</strong></span> <span class='ocrx_word' id='word_1_236' title='bbox 705 2532 910 2596; x_wconf 88' lang='lat' dir='ltr'><strong>populis,</strong></span> <span class='ocrx_word' id='word_1_237' title='bbox 943 2549 999 2580; x_wconf 89' lang='lat' dir='ltr'><strong>ac</strong></span> <span class='ocrx_word' id='word_1_238' title='bbox 1035 2531 1251 2595; x_wconf 86' lang='lat' dir='ltr'><strong>spiritale</strong></span> <span class='ocrx_word' id='word_1_239' title='bbox 1286 2531 1504 2595; x_wconf 89' lang='lat' dir='ltr'><strong>ipsorum</strong></span> <span class='ocrx_word' id='word_1_240' title='bbox 1532 2533 1813 2582; x_wconf 87' lang='lat' dir='ltr'><strong>antistitum</strong></span> <span class='ocrx_word' id='word_1_241' title='bbox 1838 2551 1960 2598; x_wconf 90' lang='lat' dir='ltr'><strong>opus</strong></span> 
     </span>
     <span class='ocr_line' id='line_1_30' title="bbox 197 2601 1960 2680; baseline 0.003 -19"><span class='ocrx_word' id='word_1_242' title='bbox 197 2616 368 2677; x_wconf 82' lang='lat' dir='ltr'><strong>juvare</strong></span> <span class='ocrx_word' id='word_1_243' title='bbox 406 2614 655 2664; x_wconf 89' lang='lat' dir='ltr'><strong>sufficiant.</strong></span> <span class='ocrx_word' id='word_1_244' title='bbox 743 2615 872 2680; x_wconf 87' lang='lat' dir='ltr'><strong>Lege</strong></span> <span class='ocrx_word' id='word_1_245' title='bbox 908 2601 1040 2664; x_wconf 86' lang='lat' dir='ltr'><strong>enim</strong></span> <span class='ocrx_word' id='word_1_246' title='bbox 1076 2614 1230 2662; x_wconf 89' lang='lat' dir='ltr'><strong>Actus</strong></span> <span class='ocrx_word' id='word_1_247' title='bbox 1268 2613 1638 2679; x_wconf 87' lang='lat' dir='ltr'><strong>Apostolorum,</strong></span> <span class='ocrx_word' id='word_1_248' title='bbox 1674 2622 1724 2665; x_wconf 92' lang='lat' dir='ltr'><strong>et</strong></span> <span class='ocrx_word' id='word_1_249' title='bbox 1758 2617 1960 2678; x_wconf 88' lang='lat' dir='ltr'><strong>videbis,</strong></span> 
     </span>
     <span class='ocr_line' id='line_1_31' title="bbox 202 2697 1960 2764; baseline 0.003 -20"><span class='ocrx_word' id='word_1_250' title='bbox 202 2697 442 2746; x_wconf 87' lang='lat' dir='ltr'><strong>referente</strong></span> <span class='ocrx_word' id='word_1_251' title='bbox 476 2698 617 2746; x_wconf 90' lang='lat' dir='ltr'><strong>beato</strong></span> <span class='ocrx_word' id='word_1_252' title='bbox 653 2698 801 2758; x_wconf 85' lang='lat' dir='ltr'><strong>Luca,</strong></span> <span class='ocrx_word' id='word_1_253' title='bbox 834 2699 1002 2763; x_wconf 88' lang='lat' dir='ltr'><strong>quales</strong></span> <span class='ocrx_word' id='word_1_254' title='bbox 1036 2715 1199 2746; x_wconf 90' lang='lat' dir='ltr'><strong>secum</strong></span> <span class='ocrx_word' id='word_1_255' title='bbox 1230 2698 1431 2747; x_wconf 88' lang='lat' dir='ltr'><strong>comites</strong></span> <span class='ocrx_word' id='word_1_256' title='bbox 1463 2700 1670 2764; x_wconf 90' lang='lat' dir='ltr'><strong>apostoli</strong></span> <span class='ocrx_word' id='word_1_257' title='bbox 1703 2700 1882 2749; x_wconf 87' lang='lat' dir='ltr'><strong>Paulus</strong></span> <span class='ocrx_word' id='word_1_258' title='bbox 1912 2706 1960 2749; x_wconf 93' lang='lat' dir='ltr'><strong>et</strong></span> 
     </span>
     <span class='ocr_line' id='line_1_32' title="bbox 203 2779 1957 2846; baseline 0.002 -19"><span class='ocrx_word' id='word_1_259' title='bbox 203 2779 450 2828; x_wconf 88' lang='lat' dir='ltr'><strong>Barnabas</strong></span> <span class='ocrx_word' id='word_1_260' title='bbox 495 2780 769 2842; x_wconf 89' lang='lat' dir='ltr'><strong>habuerint,</strong></span> <span class='ocrx_word' id='word_1_261' title='bbox 806 2782 924 2845; x_wconf 88' lang='lat' dir='ltr'><strong>quid</strong></span> <span class='ocrx_word' id='word_1_262' title='bbox 970 2781 1116 2829; x_wconf 90' lang='lat' dir='ltr'><strong>etiam</strong></span> <span class='ocrx_word' id='word_1_263' title='bbox 1162 2781 1272 2844; x_wconf 89' lang='lat' dir='ltr'><strong>ipsi,</strong></span> <span class='ocrx_word' id='word_1_264' title='bbox 1317 2781 1592 2846; x_wconf 90' lang='lat' dir='ltr'><strong>ubicunque</strong></span> <span class='ocrx_word' id='word_1_265' title='bbox 1639 2783 1957 2843; x_wconf 88' lang='lat' dir='ltr'><strong>devenissent,</strong></span> 
     </span>
     <span class='ocr_line' id='line_1_33' title="bbox 203 2856 1958 2930; baseline 0.002 -19"><span class='ocrx_word' id='word_1_266' title='bbox 203 2862 362 2926; x_wconf 90' lang='lat' dir='ltr'><strong>operis</strong></span> <span class='ocrx_word' id='word_1_267' title='bbox 397 2862 598 2926; x_wconf 90' lang='lat' dir='ltr'><strong>egerint.</strong></span> <span class='ocrx_word' id='word_1_268' title='bbox 671 2863 852 2913; x_wconf 84' lang='lat' dir='ltr'><strong>Statim</strong></span> <span class='ocrx_word' id='word_1_269' title='bbox 887 2881 1095 2929; x_wconf 90' lang='lat' dir='ltr'><strong>namque</strong></span> <span class='ocrx_word' id='word_1_270' title='bbox 1128 2868 1188 2913; x_wconf 94' lang='lat' dir='ltr'><strong>ut</strong></span> <span class='ocrx_word' id='word_1_271' title='bbox 1218 2856 1445 2914; x_wconf 81' lang='lat' dir='ltr'><strong>&#39;civitates</strong></span> <span class='ocrx_word' id='word_1_272' title='bbox 1474 2867 1550 2915; x_wconf 90' lang='lat' dir='ltr'><strong>vel</strong></span> <span class='ocrx_word' id='word_1_273' title='bbox 1581 2883 1845 2930; x_wconf 88' lang='lat' dir='ltr'><strong>synagogas</strong></span> <span class='ocrx_word' id='word_1_274' title='bbox 1882 2866 1958 2914; x_wconf 91' lang='lat' dir='ltr'><strong>in-</strong></span> 
     </span>
     <span class='ocr_line' id='line_1_34' title="bbox 203 2945 1959 3012; baseline 0.002 -18"><span class='ocrx_word' id='word_1_275' title='bbox 203 2945 356 3010; x_wconf 85' lang='lat' dir='ltr'><strong>gressi</strong></span> <span class='ocrx_word' id='word_1_276' title='bbox 390 2951 519 3006; x_wconf 90' lang='lat' dir='ltr'><strong>sunt,</strong></span> <span class='ocrx_word' id='word_1_277' title='bbox 555 2947 757 2994; x_wconf 89' lang='lat' dir='ltr'><strong>verbum</strong></span> <span class='ocrx_word' id='word_1_278' title='bbox 792 2946 887 2995; x_wconf 88' lang='lat' dir='ltr'><strong>Dei</strong></span> <span class='ocrx_word' id='word_1_279' title='bbox 922 2947 1202 3011; x_wconf 78' lang='lat' dir='ltr'><strong>praedicare,</strong></span> <span class='ocrx_word' id='word_1_280' title='bbox 1239 2952 1289 2996; x_wconf 91' lang='lat' dir='ltr'><strong>et</strong></span> <span class='ocrx_word' id='word_1_281' title='bbox 1326 2965 1413 3012; x_wconf 91' lang='lat' dir='ltr'><strong>per</strong></span> <span class='ocrx_word' id='word_1_282' title='bbox 1449 2950 1612 2997; x_wconf 90' lang='lat' dir='ltr'><strong>omnia</strong></span> <span class='ocrx_word' id='word_1_283' title='bbox 1646 2949 1959 2998; x_wconf 88' lang='lat' dir='ltr'><strong>disseminare</strong></span> 
     </span>
     <span class='ocr_line' id='line_1_35' title="bbox 204 3029 1960 3095; baseline 0.001 -19"><span class='ocrx_word' id='word_1_284' title='bbox 204 3029 452 3077; x_wconf 87' lang='lat' dir='ltr'><strong>curabant.</strong></span> <span class='ocrx_word' id='word_1_285' title='bbox 524 3030 667 3091; x_wconf 77' lang='lat' dir='ltr'><strong>Quod</strong></span> <span class='ocrx_word' id='word_1_286' title='bbox 704 3029 851 3078; x_wconf 90' lang='lat' dir='ltr'><strong>etiam</strong></span> <span class='ocrx_word' id='word_1_287' title='bbox 879 3034 943 3090; x_wconf 90' lang='lat' dir='ltr'><strong>te,</strong></span> <span class='ocrx_word' id='word_1_288' title='bbox 977 3030 1344 3080; x_wconf 85' lang='lat' dir='ltr'><strong>dilectissimum</strong></span> <span class='ocrx_word' id='word_1_289' title='bbox 1377 3032 1500 3079; x_wconf 91' lang='lat' dir='ltr'><strong>mihi</strong></span> <span class='ocrx_word' id='word_1_290' title='bbox 1529 3035 1688 3095; x_wconf 88' lang='lat' dir='ltr'><strong>caput,</strong></span> <span class='ocrx_word' id='word_1_291' title='bbox 1721 3030 1960 3095; x_wconf 88' lang='lat' dir='ltr'><strong>sagaciter</strong></span> 
     </span>
     <span class='ocr_line' id='line_1_36' title="bbox 205 3111 1959 3178; baseline 0.001 -19"><span class='ocrx_word' id='word_1_292' title='bbox 205 3111 410 3176; x_wconf 88' lang='lat' dir='ltr'><strong>cupiam,</strong></span> <span class='ocrx_word' id='word_1_293' title='bbox 458 3111 735 3177; x_wconf 87' lang='lat' dir='ltr'><strong>ubicunque</strong></span> <span class='ocrx_word' id='word_1_294' title='bbox 775 3118 911 3177; x_wconf 88' lang='lat' dir='ltr'><strong>potes</strong></span> <span class='ocrx_word' id='word_1_295' title='bbox 957 3112 1172 3177; x_wconf 89' lang='lat' dir='ltr'><strong>implere.</strong></span> <span class='ocrx_word' id='word_1_296' title='bbox 1256 3114 1320 3163; x_wconf 88' lang='lat' dir='ltr'><strong>In</strong></span> <span class='ocrx_word' id='word_1_297' title='bbox 1361 3114 1452 3164; x_wconf 90' lang='lat' dir='ltr'><strong>hoc</strong></span> <span class='ocrx_word' id='word_1_298' title='bbox 1498 3130 1708 3178; x_wconf 90' lang='lat' dir='ltr'><strong>namque</strong></span> <span class='ocrx_word' id='word_1_299' title='bbox 1750 3112 1959 3161; x_wconf 91' lang='lat' dir='ltr'><strong>officium</strong></span> 
     </span>
    </p>
   </div>
   <div class='ocr_carea' id='block_1_3' title="bbox 781 3257 1377 3315">
    <p class='ocr_par' dir='ltr' id='par_1_4' title="bbox 781 3257 1377 3315">
     <span class='ocr_line' id='line_1_37' title="bbox 781 3257 1377 3315; baseline 0.007 -15"><span class='ocrx_word' id='word_1_300' title='bbox 781 3257 795 3282; x_wconf 82' lang='lat'>¹</span> <span class='ocrx_word' id='word_1_301' title='bbox 823 3257 955 3312; x_wconf 72' lang='lat' dir='ltr'><strong>dixit]</strong></span> <span class='ocrx_word' id='word_1_302' title='bbox 989 3271 1010 3299; x_wconf 90' lang='lat'><strong>2</strong></span> <span class='ocrx_word' id='word_1_303' title='bbox 1032 3259 1126 3303; x_wconf 82' lang='lat' dir='ltr'><strong>Cor.</strong></span> <span class='ocrx_word' id='word_1_304' title='bbox 1147 3259 1203 3301; x_wconf 86' lang='lat' dir='ltr'><strong>xi.</strong></span> <span class='ocrx_word' id='word_1_305' title='bbox 1228 3261 1290 3309; x_wconf 89' lang='lat'><strong>28,</strong></span> <span class='ocrx_word' id='word_1_306' title='bbox 1314 3272 1377 3315; x_wconf 88' lang='lat'><strong>29.</strong></span> 
     </span>
    </p>
   </div>
  </div>
 </body>
</html>
