2216 3554
190 188 309 239 CAP.
330 187 424 260 XL]
811 193 974 244 Gentis
1007 193 1046 241 A
1055 195 1296 256 rafim-um.-
1833 202 1892 247 31
1903 202 1925 245 1

188 341 243 371 ac
267 331 535 388 martyrum
560 324 742 374 Christi
766 326 827 374 ab
851 343 907 374 eo
930 342 981 375 se
1011 342 1209 389 sperans
1232 325 1458 388 accipere,
1483 329 1540 374 ut
1565 327 1680 375 dum
1704 327 1757 375 in
1788 334 1930 391 gente

188 407 267 454 cui
301 408 580 470 praedicaret
602 408 859 457 destructis
890 408 1034 456 idolis
1069 408 1289 456 ecclesias
1323 407 1618 468 institueret,
1642 409 1842 458 haberet
1875 412 1928 460 in

187 494 415 552 promptu
449 490 676 554 reliquias
710 494 984 539 sanctorum
1013 507 1130 554 quas
1154 490 1224 538 ibi
1254 490 1583 539 introduceret
1601 508 1615 552 3
1657 493 1928 557 quibusque

187 571 367 620 ibidem
413 572 658 636 depositiS‚
706 578 1050 636 consequenter
1096 572 1149 619 in
1207 588 1373 620 eorum
1430 571 1661 621 honorem
1720 592 1928 638 quorum

188 659 344 702 essent
369 654 480 714 illae,
504 654 694 718 singula
717 671 916 718 quaeque
939 655 1042 703 loca
1065 654 1322 702 dedicaret.
1394 653 1488 702 Sed
1512 660 1561 702 et
1585 655 1678 704 alia
1701 658 1929 720 perplura

187 752 293 798 quae
327 737 451 785 tanti
486 737 644 800 operis
678 736 926 800 negotium
960 736 1224 799 quaerebat,
1254 736 1331 784 vel
1366 736 1436 783 ibi
1472 736 1668 797 discere,
1703 739 1780 787 vel
1816 739 1927 787 inde

186 817 399 879 accipere
435 817 667 880 cupiebat.
739 817 804 866 In
845 817 1020 881 quibus
1067 817 1291 866 omnibus
1331 835 1439 866 cum
1481 818 1556 865 sui
1593 819 1695 867 voti
1735 836 1929 884 compos

187 905 310 948 esset
333 899 539 958 effectus,
559 890 626 948 'ad
647 900 1008 964 praedicandum
1031 900 1189 948 rediit.

255 981 366 1041 Quo
404 986 617 1044 tempore
653 981 826 1029 fratres
873 982 959 1045 qui
998 987 1137 1030 erant
1179 981 1231 1029 in
1272 981 1440 1030 Fresia
1480 984 1617 1031 verbi
1658 983 1929 1033 ministerio

187 1063 459 1126 mancipati,
476 1064 723 1127 elegerunt
740 1080 800 1111 ex
818 1081 905 1112 suo
925 1079 1123 1111 numero
1139 1064 1298 1112 virum
1318 1063 1588 1113 modestum
1672 1093 1845 1129 wilfrith

186 1146 399 1194 moribus
434 1152 482 1194 et
515 1150 819 1194 mansuetum
843 1146 986 1194 corde
1015 1145 1388 1194 Suidberctum¹
1414 1147 1496 1210 qui
1521 1147 1591 1196 eis
1681 1144 1835 1178 ordains

185 1228 490 1277 ordinaretur
524 1229 740 1287 antistes,
777 1245 923 1292 quem
957 1228 1254 1277 Brittaniam
1290 1228 1587 1278 destinatum
1644 1191 1878 1285 {iisstsildiigg

183 1311 245 1359 ad
306 1311 590 1374 petitionem
635 1328 801 1359 eorum
848 1310 1090 1359 ordinavit
1106 1311 1125 1337 ²
1171 1312 1587 1361 reverentissimus
1620 1290 1891 1381 ὡξίῇἒξίὲῗω,

185 1393 368 1440 Vilfrid
404 1393 667 1457 episcopus,
693 1393 778 1456 qui
809 1397 927 1441 tunc
950 1394 1076 1441 forte
1109 1393 1270 1456 patria
1304 1393 1503 1456 pulsus³
1537 1394 1589 1442 in
1673 1390 1842 1432 A·D·⁶9³’

184 1475 478 1523 Merciorum
501 1476 777 1540 regionibus
801 1476 1044 1523 exulabat.
1115 1476 1229 1524 Non
1254 1476 1381 1524 enim
1404 1493 1459 1524 eo
1484 1480 1700 1540 tempore
1722 1478 1929 1528 habebat

185 1557 464 1620 episcopum
513 1558 700 1617 Cantia,
747 1558 972 1606 defuncto
1032 1557 1228 1622 quidem
1275 1558 1538 1618 Theodoro,
1585 1561 1668 1607 sed
1725 1562 1927 1609 necdum

184 1639 468 1687 Berctualdo
504 1656 772 1688 successore
805 1642 922 1703 ejus,
947 1640 1032 1704 qui
1059 1644 1196 1688 trans
1231 1657 1362 1688 mare
1390 1640 1682 1690 ordinandus
1704 1642 1842 1704 ierat,
1866 1645 1928 1692 ad

183 1722 345 1769 sedem
372 1721 676 1785 episcopatus
700 1722 776 1770 sui
799 1739 1005 1771 reverso.

251 1802 350 1863 Qui
383 1803 609 1852 videlicet
644 1803 899 1853 Suidberct
934 1810 1127 1867 accepto
1160 1804 1451 1868 episcopatu,
1482 1805 1541 1853 de
1576 1805 1820 1855 Brittania
1853 1825 1926 1856 re-

180 1901 386 1948 gressus,
410 1902 507 1933 non
542 1886 696 1934 multo
725 1892 836 1950 post
871 1887 933 1934 ad
956 1891 1150 1949 gentem
1175 1887 1588 1935 Boructuarorum
1620 1929 1704 1965 who
1718 1931 1896 1972 preaches

180 1967 387 2027 secessit,
412 1985 468 2016 ac
491 1969 671 2017 multos
695 1986 860 2017 eorum
886 1969 1192 2032 praedicando
1221 1970 1282 2017 ad
1307 1969 1438 2017 viam
1463 1969 1586 2018 veri-
1692 1979 1734 2013 to
1754 1978 1821 2014 the
1851 2030 1858 2036 1

180 2050 297 2098 tatis
342 2051 584 2114 perduxit.
656 2051 750 2101 Sed
797 2051 1087 2116 expugnatis
1141 2068 1238 2100 non
1287 2052 1430 2115 longo
1477 2056 1588 2115 post
1637 2028 1872 2064 Boructuan.

180 2138 395 2197 tempore
432 2134 748 2183 Boructuaris
794 2152 824 2183 a
868 2142 1010 2198 gente
1050 2134 1383 2199 Antiquorum
1423 2134 1681 2194 Saxonum,
1720 2134 1925 2199 dispersi

181 2220 296 2263 sunt
342 2215 560 2278 quolibet
605 2217 658 2264 hi
696 2217 780 2280 qui
821 2218 1022 2267 verbum
1068 2222 1373 2280 receperant3
1425 2217 1525 2280 ipse
1571 2217 1770 2266 antistes
1816 2234 1925 2266 cum

181 2296 467 2359 quibusdam
492 2298 758 2362 Pippinum
781 2300 936 2363 petiit,
964 2299 1048 2363 qui
1072 2299 1407 2363 interpellante
1431 2299 1758 2362 Bliththrydae
1772 2301 1791 2327 ⁴
1814 2317 1924 2348 con-

174 2379 290 2442 juge
331 2395 429 2438 sua,
466 2380 600 2428 dedit
638 2380 682 2429 ei
723 2381 883 2430 locum
920 2381 1183 2430 mansionis
1217 2381 1269 2428 in
1310 2381 1469 2436 insula
1506 2382 1715 2446 quadam
1750 2381 1921 2441 Rheni,

181 2477 289 2523 quae
312 2460 480 2524 lingua
501 2478 667 2510 eorum
690 2469 890 2511 vocatur
915 2469 927 2489 ‘
943 2463 1006 2512 In
1031 2463 1196 2512 littore
1213 2463 1279 2510 ὅτ’
1313 2463 1367 2511 in
1391 2480 1486 2527 qua
1508 2464 1625 2528 ipse,
1651 2469 1922 2513 constructo

181 2542 466 2591 monasterio
503 2545 631 2607 quod
671 2544 902 2593 hactenus
939 2545 1149 2594 haeredes
1190 2546 1292 2609 ejus
1331 2546 1595 2609 possident,
1633 2546 1921 2611 aliquandiu

180 2624 642 2674 continentissimam
666 2626 815 2689 gessit
836 2627 1004 2686 vitam,
1030 2628 1196 2691 ibique
1220 2628 1348 2676 diem
1372 2628 1546 2677 clausit
1569 2629 1795 2678 ultimum
1809 2627 1841 2677 ⁶.

236 2719 249 2742 ¹
278 2719 582 2770 Suidberceum]
605 2720 681 2760 See
696 2720 760 2760 his
779 2720 864 2767 life,
877 2721 934 2773 by
949 2734 1025 2761 one
1134 2720 1150 2743 ⁴
1178 2721 1475 2775 Blitkthrydae]
1506 2723 1722 2764 Latinized
1740 2724 1845 2763 from
1871 2724 1923 2763 its

184 2774 463 2822 Marcellinus,
485 2775 529 2813 in
547 2775 701 2822 Suriua,
721 2775 765 2815 ii.
789 2787 838 2827 53
873 2775 949 2815 but
974 2776 1024 2817 cf.
1081 2775 1222 2815 Frank
1240 2778 1552 2829 pronunciation
1571 2779 1659 2819 into
1674 2779 1920 2827 plectrudis,

181 2829 328 2868 Mabil.
367 2829 465 2869 Act.
502 2829 574 2868 SS.
630 2829 812 2870 Benedd.
843 2830 902 2871 iii.
935 2843 954 2870 2
962 2842 1026 2882 39,
1081 2829 1163 2869 and
1182 2843 1227 2870 so
1248 2832 1411 2885 usually
1428 2833 1610 2873 written.

181 2884 317 2922 where
342 2883 405 2932 he,
426 2882 616 2923 followed
634 2884 691 2936 by
710 2884 858 2934 Smith,
880 2884 1024 2924 thinks
1133 2886 1149 2909 ⁶
1176 2885 1232 2926 In
1251 2885 1405 2940 littore]
1436 2888 1526 2928 The
1545 2888 1729 2928 German
1747 2901 1868 2928 name
1888 2888 1923 2926 is

180 2939 213 2977 it
238 2951 264 2977 a
282 2937 455 2990 forgery.
511 2939 667 2987 Sarius,
687 2938 728 2978 ii.
757 2950 818 2987 12,
844 2939 1023 2992 Wrongly
1079 2939 1243 2990 werde,
1280 2954 1373 2981 now
1419 2942 1714 2990 Kaiserwerth,
1750 2956 1802 2982 on
1849 2942 1921 2981 the

180 3006 274 3044 says
289 2993 382 3031 that
397 2991 653 3033 Swithberht
667 3006 750 3033 was
762 2993 1022 3034 consecrated
1079 2994 1229 3042 Rhino,
1270 2995 1402 3036 below
1440 2997 1631 3050 Cologne.
1702 2998 1800 3037 Act.
1849 2996 1920 3037 SS.

179 3048 234 3099 by
256 3047 479 3098 Ecgberht.
1083 3048 1261 3089 Benedd.
1281 3050 1339 3089 iii.
1364 3062 1453 3103 242.

237 3101 251 3122 ²
277 3100 508 3153 ordinavit]
543 3100 644 3140 This
663 3106 775 3141 must
794 3102 901 3143 have
919 3102 1026 3143 been
1135 3104 1151 3128 ⁸
1171 3104 1279 3144 diem
1294 3104 1445 3147 clausit
1459 3106 1666 3157 ultimum]
1689 3103 1923 3156 According

179 3157 223 3195 in
250 3166 334 3197 Aa).
357 3155 452 3208 693,
471 3155 534 3195 for
561 3155 800 3196 Berhtwald
828 3157 1026 3197 returned
1080 3162 1123 3198 to
1139 3171 1250 3199 some
1266 3159 1408 3199 ‘Short
1422 3161 1585 3200 Annals
1600 3161 1646 3199 of
1655 3160 1726 3199 the
1742 3156 1920 3198 Franks'

180 3211 225 3249 in
247 3220 332 3249 ΔΑ).
356 3210 450 3263 694.
1080 3212 1124 3253 in
1152 3213 1220 3253 Du
1247 3214 1420 3261 Ohesne,
1442 3215 1483 3255 ii.
1504 3214 1542 3263 6,
1564 3215 1615 3253 he
1643 3214 1738 3253 died
1764 3214 1807 3252 in
1838 3223 1920 3252 Μ).

233 3265 248 3286 ³
256 3266 420 3315 pulsus]
440 3264 502 3304 Cf.
515 3278 554 3317 p.
572 3276 664 3316 332,
679 3270 776 3305 note
786 3277 822 3318 3,
836 3263 1024 3318 A.D.691.
1084 3275 1175 3319 713.
1231 3268 1367 3309 Smith
1386 3269 1575 3309 however
1593 3268 1810 3308 concludes
1829 3267 1921 3307 that
