2216 3554
353 204 447 251 160
922 200 1149 250 Historia
1184 200 1518 249 Ecclesiastica
1861 198 1992 269 [LIB.
2015 217 2093 250 111.

346 337 452 380 erat
496 333 649 396 virgis
695 337 978 381 contextum
1031 350 1086 382 ac
1131 334 1258 381 foeno
1315 338 1511 392 tectum,
1563 332 1828 382 subitaneis
1886 334 2094 382 flammis

345 415 550 479 impleri.
620 415 762 476 Quod
812 432 923 463 cum
973 420 1173 478 repente
1225 416 1440 464 convivae
1497 421 1683 464 terrore
1741 417 1931 464 confusi
1984 433 2094 464 0011-

343 498 596 561 spicerent,
620 499 852 562 fugerunt
876 499 1018 558 foras,
1037 498 1110 546 nil
1134 498 1324 547 ardenti
1349 498 1526 557 domui,
1538 499 1837 562 jamjamque
1861 499 2092 561 periturae

341 581 566 643 prodesse
585 581 814 630 valentes.
876 580 1175 644 Consumpta
1194 598 1306 644 ergo
1331 581 1475 629 domo
1499 580 1723 640 flammis,
1743 584 1884 643 posta
1908 580 2092 627 solum-

343 662 483 710 modo
518 663 570 710 in
605 680 700 726 qua
732 662 892 725 pulvis
927 662 1009 711 ille
1044 663 1259 711 inclusus
1288 663 1542 726 pendebat,
1569 665 1678 710 tuta
1712 662 1773 710 ab
1808 663 2005 725 ignibus
2042 666 2093 710 et

341 744 523 793 intacta
571 745 816 794 remansit.
886 744 994 805 Qua
1045 745 1149 793 visa
1197 746 1393 804 virtute,
1441 745 1606 793 mirati
1660 750 1774 792 sunt
1825 744 1964 792 valde
1980 761 1992 803 ;
2042 750 2091 792 et

339 827 672 890 perquirentes
708 827 948 886 subtilius,
978 826 1267 875 invenerunt
1302 827 1416 890 quia
1451 828 1510 874 de
1545 826 1631 874 illo
1666 826 1769 874 1000
1806 826 2090 888 adsumptus

339 915 442 957 erat
477 909 638 973 pulvis
672 909 758 957 ubi
798 909 925 973 regis
962 908 1166 956 Osualdi
1201 909 1396 973 sanguis
1436 909 1598 957 fuerat
1634 909 1826 957 effusus.
1899 908 2090 969 Quibus

337 992 593 1055 patefactis
624 1010 679 1040 ac
709 990 970 1040 diffamatis
1002 991 1144 1055 longe
1174 992 1369 1055 lateque
1403 991 1662 1051 miraculis,
1692 991 1837 1039 multi
1870 1008 1957 1054 per
1989 991 2090 1039 dies

336 1076 497 1124 locum
528 1075 834 1139 frequentare
867 1073 1024 1134 illum,
1057 1078 1106 1122 et
1140 1074 1408 1122 sanitatum
1442 1074 1512 1122 ibi
1546 1074 1758 1138 gratiam
1794 1090 1964 1137 capere
1994 1072 2088 1122 sibi

336 1156 531 1221 suisque
555 1163 814 1221 coeperunt.

1064 1309 1211 1360 OAP.
1259 1309 1357 1359 XI.

391 1420 441 1461 Ut
456 1435 575 1475 super
594 1421 792 1474 reliquias
812 1422 898 1474 ejus
917 1420 990 1462 lux
1009 1421 1175 1462 caelestis
1194 1426 1280 1462 tota
1300 1426 1415 1461 noete
1433 1420 1588 1462 steterit
1601 1436 1619 1467 ,·
1651 1426 1688 1460 et
1707 1426 1752 1460 ut
1768 1433 1843 1472 per
1861 1433 1928 1460 eas
1947 1419 2032 1460 sint

1006 1490 1253 1531 doemoniaei
1273 1489 1420 1531 curati.

401 1589 564 1636 INTER
611 1606 719 1652 quae
763 1604 1076 1653 nequaquam
1122 1588 1316 1636 silentio
1362 1587 1752 1652 praetereundum
1802 1605 1924 1648 reor,
1967 1585 2085 1651 quid

331 1659 533 1720 virtutis
580 1689 634 1720 ac
670 1670 892 1719 miraculi
939 1671 1141 1720 caelestis
1182 1670 1332 1719 fuerit
1374 1677 1634 1731 ostensum,
1672 1688 1782 1719 cum
1829 1687 1936 1719 ossa
1982 1673 2084 1733 ejus

330 1755 543 1812 inventa,
581 1759 727 1817 atque
762 1755 825 1802 ad
861 1754 1108 1802 ecclesiam
1150 1754 1202 1801 in
1237 1771 1332 1818 qua
1373 1771 1502 1802 nunc
1537 1757 1809 1812 servantur,
1847 1754 2084 1801 translata

328 1842 454 1883 sunt.
528 1836 734 1884 Factum
781 1842 854 1885 est
905 1841 1070 1885 autem
1116 1837 1208 1885 hoc
1254 1854 1340 1899 per
1386 1836 1680 1884 industriam
1727 1835 1908 1898 reginae
1955 1836 2082 1882 Mer-

328 1918 513 1966 oiorum
561 1919 819 1982 Osthrydae
835 1919 865 1978 ¹,
903 1937 1010 1982 quae
1057 1924 1163 1967 erat
1209 1919 1310 1967 filia
1355 1918 1521 1966 fratris
1562 1919 1678 1982 ejus,
1714 1917 1768 1964 id
1810 1923 1883 1966 est
1925 1916 2081 1966 Osuiu
2136 1920 2141 1923 ’

329 2001 415 2064 qui
439 2007 549 2064 post
572 2001 716 2048 illum
739 2002 879 2064 regni
907 2003 1089 2064 apicem
1112 2001 1323 2059 tenebat,
1348 2006 1404 2049 ut
1432 2000 1484 2047 in
1509 1999 1821 2063 sequentibus
1851 1999 2078 2047 dicemus.

395 2084 487 2131 Est
515 2084 862 2131 monasterium
892 2083 1094 2132 nobile
1081 2101 1134 2131 111
1162 2083 1413 2162 provincia
1442 2082 1669 2141 Lindissi,
1703 2080 1898 2129 nomine
1933 2082 2080 2129 Bear-

401 2184 584 2220 Oswalds
667 2168 825 2215 daneu
841 2167 858 2194 ²
861 2155 1027 2236 ‚[quod
1051 2143 1218 2215 0οΉοω
1241 2165 1409 2229 regina
1441 2182 1550 2214 cum
1575 2163 1681 2212 viro
1713 2181 1801 2212 suo
1825 2164 2078 2212 AEdilredo

396 2244 596 2320 ffizffzo
668 2250 876 2298 multum
923 2219 1176 2314 diligebat)
1207 2231 1542 2324 venerabatur
1580 2230 1842 2302 excolebat
1883 2246 1935 2294 in
1982 2263 2078 2310 quo

401 2334 584 2375 Bardney.
662 2333 967 2381 desiderabat
1002 2330 1283 2380 honoranda
1323 2314 1490 2395 patrui
1527 2319 1603 2380 sui
1639 2345 1746 2378 ossa
1787 2320 1930 2378 100011
1979 2347 2114 2414 rQ

323 2430 526 2477 cumque
550 2414 758 2473 venisset
790 2397 1019 2463 (3011311111
1006 2430 1057 2466 111
1087 2432 1183 2479 quo
1216 2403 1385 2463 eadem
1417 2431 1523 2463 ossa
1536 2389 1864 2472 ducebantur,
1889 2412 1969 2460 inc
2005 2429 2075 2458 m-

321 2496 465 2544 bente
510 2474 727 2560 vespera,
770 2497 823 2545 in
869 2498 1230 2584 monasterium
1247 2499 1571 2590 sraefatum,
1582 2497 1843 2562 noluerunt
1890 2511 1945 2543 ea
1992 2494 2075 2557 qui

320 2584 460 2626 erant
500 2578 553 2625 in
590 2580 882 2643 monasterio
910 2580 1119 2628 libenter
1151 2568 1254 2628 exc1
1290 2597 1401 2628 ere:
1441 2597 1473 2644 q
1509 2597 1555 2655 la
1567 2571 1692 2631 etsi
1692 2581 1925 2627 sanctum
1962 2594 2078 2668 (3οΡ11

319 2666 569 2720 noverant,
595 2656 758 2710 tamen
791 2663 904 2726 quia
939 2663 1029 2711 de³
1061 2663 1158 2712 alia
1192 2663 1442 2727 provincia
1475 2680 1530 2711 or
1555 2679 1612 2711 us
1642 2662 1818 2720 fuerat,
1848 2664 1898 2708 et
1929 2641 2078 2723 super

372 2783 388 2807 ¹
421 2783 654 2836 osthrydae]
697 2786 895 2834 Ostrithe,
914 2786 964 2827 S.
990 2787 1167 2827 Chron.·
1157 2820 1167 2837 ,
1224 2785 1346 2828 wald’
1350 2801 1368 2827 s
1415 2787 1542 2827 bones
1587 2800 1696 2826 were
1741 2784 1935 2837 brought,
1977 2797 2071 2823 con·

319 2839 550 2884 Osthrithe‚
570 2840 610 2880 S.
631 2840 688 2880 V.
744 2841 856 2881 Wife
875 2842 921 2881 of
934 2842 1168 2890 AEthelred,
1223 2843 1367 2883 tained
1403 2843 1522 2882 three
1559 2840 1750 2880 hundred
1785 2840 1946 2887 monks,
1987 2838 2071 2878 and

317 2894 422 2946 king
446 2895 489 2933 of
515 2894 690 2942 Mea-cia,
718 2896 810 2935 who
835 2897 1059 2936 succeeded
1081 2909 1110 2936 A
1114 2909 1167 2938 ..D
1223 2898 1318 2937 that
1355 2898 1411 2937 its
1447 2897 1574 2936 abbot
1610 2909 1697 2935 was
1733 2894 1865 2934 called
1903 2894 1992 2932 lord
2030 2894 2077 2932 of

318 2949 414 3001 675.
453 2949 536 2988 She
557 2962 641 2989 was
660 2950 910 2990 murdered
899 2965 943 2990 111
963 2963 1005 2991 A.
1009 2963 1053 2992 D.
1074 2952 1167 3006 697,
1223 2953 1443 3006 Lindesey.
1500 2952 1546 2991 It
1567 2965 1653 2991 was
1675 2949 1891 3002 destroyed
1915 2949 1972 2999 by
1996 2948 2070 2987 the

317 3004 357 3044 S.
378 3004 531 3044 Chron.
1221 3008 1364 3047 Danes
1400 3009 1444 3046 in
1476 3017 1563 3045 ΑΛ).
1593 3007 1684 3056 870,
1714 3004 1795 3045 and
1831 3003 1984 3043 rebuilt
2015 3003 2068 3053 by

369 3058 387 3081 ²
414 3058 683 3111 Beardaneu]
726 3059 804 3100 See
828 3073 869 3112 p.
894 3062 986 3108 128,
1008 3065 1105 3101 note
1126 3074 1163 3113 3,
1219 3063 1386 3102 Gilbert
1430 3061 1482 3101 de
1519 3061 1634 3102 Gant
1675 3060 1720 3098 in
1756 3059 1830 3098 the
1875 3058 1979 3097 time
2025 3057 2073 3096 of

317 3113 530 3159 Florence,
557 3115 621 3156 M.
642 3115 700 3154 H.
725 3115 773 3156 B.
798 3129 837 3167 p.
868 3127 960 3167 540,
987 3117 1165 3157 ascribes
1220 3118 1410 3157 William
1428 3117 1490 3164 II,
1517 3118 1646 3155 under
1670 3115 1743 3154 the
1768 3126 1910 3152 names
1936 3112 1983 3151 of
2002 3112 2061 3152 St.

314 3168 388 3208 the
399 3169 646 3208 foundation
659 3170 703 3208 of
710 3169 746 3208 it
760 3173 804 3209 to
818 3170 1056 3222 Osthryth's
1067 3172 1162 3211 hus-
1218 3173 1345 3212 Peter
1369 3172 1453 3211 and
1478 3146 1540 3212 ’Sa
1560 3170 1681 3216 Paul,
1701 3169 1783 3209 and
1811 3167 1872 3208 St.
1898 3167 2065 3207 Oswald

314 3223 426 3262 band
446 3224 680 3264 AEthelred.
711 3224 755 3264 It
768 3238 851 3265 was
871 3225 959 3265 said
978 3226 1071 3265 that
1090 3227 1162 3266 the
1216 3227 1289 3267 the
1309 3230 1480 3292 martyr.
1537 3225 1722 3266 Monast.
1741 3222 1871 3274 Angl.
1892 3221 1920 3261 i.
1941 3220 1992 3260 62
1999 3234 2035 3272 3

312 3283 550 3331 monastery
581 3283 628 3320 at
660 3279 744 3319 this
781 3280 894 3327 time,
932 3280 1052 3320 when
1090 3282 1160 3321 Os-
1272 3282 1417 3335 δριμέα
1435 3282 1521 3322 de.
1577 3277 1832 3332 .acoeperat]
1882 3276 2064 3316 Observe
