2216 3554
140 183 260 233 CAP.
279 179 484 251 xxvm]
794 181 958 231 Gentis
991 180 1278 244 Anqlomvm.
1794 187 1892 233 205

800 496 942 547 CAP.
979 495 1222 544 XXVIII.

144 634 195 675 Ut
213 635 402 687 defuneto
425 635 558 681 Tuda,
582 634 743 687 Vilfrid
764 634 813 674 in
834 633 989 679 Gallia,
1009 634 1184 674 Geadda
1202 633 1319 685 apud
1341 632 1617 674 Occidentazes
1636 632 1829 698 Saxones,
1847 632 1894 673 in

427 705 640 757 provincia
656 700 1097 756 Norda‘nhymbrorum
1114 702 1401 743 sint‘ordinati
1420 702 1607 754 episcopi.

210 839 449 888 ῙΝΤΕΒΕΑ
465 855 549 886 rex
568 836 797 885 Alohfrid
813 837 830 864 ¹
853 836 987 885 misit
1001 836 1271 884 Vilfridum
1289 835 1628 899 presbyterum
1646 834 1708 882 ad
1727 851 1891 898 regem

144 923 430 981 Galliarum,
453 921 538 984 qui
570 937 681 968 eum
716 919 810 968 sibi
846 919 1042 982 suisque
1075 917 1343 967 consecrari
1374 918 1551 966 faceret
1636 926 1809 962 wilfrith

142 1006 433 1069 episcopum.
502 1002 576 1051 At
606 1003 688 1052 ille
720 1002 856 1051 misit
888 1018 998 1051 eum
1030 1002 1349 1050 ordinandum
1382 1001 1446 1049 ad
1473 998 1843 1064 Agilbereetum
1860 1000 1890 1060 ²,

142 1089 203 1135 de
239 1105 334 1151 quo
368 1103 513 1151 supra
544 1086 770 1145 diximus,
798 1084 884 1149 qui
907 1084 1077 1132 relicta
1101 1083 1360 1143 Brittania,
1387 1083 1641 1132 Parisiacae
1676 1083 1893 1132 civitatis

142 1170 298 1218 factus
328 1173 431 1217 erat
465 1168 744 1232 episcopus,
784 1172 833 1216 et
865 1172 1166 1215 consecratus
1190 1172 1263 1215 est
1286 1183 1462 1230 magno
1492 1183 1600 1214 cum
1624 1166 1807 1214 honore
1830 1168 1892 1215 ab

140 1251 260 1314 ipso,
286 1250 680 1300 convenientibus
702 1249 928 1314 plurimis
951 1248 1186 1313 episeopis
1215 1248 1268 1296 in
1291 1248 1400 1298 vieo
1424 1248 1556 1312 regio
1581 1249 1668 1312 qui
1691 1254 1894 1298 vocatur

141 1333 205 1381 In
233 1333 526 1397 Compendio
541 1334 572 1382 ³.
625 1330 753 1395 'Quo
785 1332 942 1382 adhuc
975 1332 1029 1379 in
1063 1330 1400 1379 transmarinis
1434 1331 1658 1395 partibus
1692 1338 1894 1397 propter

140 1415 491 1464 ordinationem
532 1416 825 1474 demorante,
862 1414 1082 1463 imitatus
1128 1413 1416 1462 industriam
1463 1412 1554 1461 filii
1595 1431 1683 1462 rex
1726 1413 1891 1475 Osuio,

139 1497 278 1546 misit
295 1498 519 1547 Cantiam
536 1499 700 1546 virum
723 1502 958 1556 sanctum,
977 1497 1251 1545 modestum
1274 1495 1505 1554 moribus,
1527 1496 1891 1560 Scripturarum

138 1580 346 1628 lectione
378 1581 668 1628 sufficienter
691 1580 998 1639 instructum,
1025 1583 1075 1627 et
1106 1596 1162 1627 ea
1194 1595 1301 1642 quae
1337 1578 1390 1625 in
1420 1578 1684 1642 Scripturis
1708 1579 1894 1643 agenda

140 1662 389 1721 didicerat,
406 1662 631 1725 operibus
650 1662 871 1710 sollerter
890 1667 1220 1725 exequentem,
1237 1661 1322 1724 qui
1339 1661 1659 1709 Eburacensis
1683 1661 1893 1709 eeclesiae

139 1745 447 1794 ordinaretur
472 1745 736 1808 episcopus.
808 1744 929 1792 Erat
958 1747 1122 1791 autem
1151 1743 1404 1807 presbyter
1426 1743 1659 1791 vocabulo
1685 1743 1891 1803 Oeadda,

137 1827 289 1875 frater
311 1827 687 1875 reverentissimi
721 1826 959 1875 antistitis
996 1824 1165 1884 Ceddi,
1197 1827 1333 1887 cujus
1370 1826 1547 1888 saepius
1603 1845 1680 1879 and
1694 1844 1844 1880 Oeadda

138 1910 458 1970 meminimus,
484 1914 532 1959 et
555 1910 702 1958 abbas
727 1908 1007 1957 monasterii
1040 1907 1173 1956 illius
1198 1908 1326 1971 quod
1350 1912 1552 1957 vocatur
1609 1895 1852 1930 consecrated

1615 1945 1727 1978 bisho
1754 1954 1772 1979 8
1786 1945 1828 1979 111

96 2012 109 2028 1
138 1992 470 2056 Laestingaeu.
559 1992 793 2056 Misitque
834 2008 920 2039 rex
962 2008 1070 2039 cum
1113 2007 1168 2038 eo
1208 1991 1544 2054 presbyterum
1599 1954 1835 2029 Northiium-

1058 2073 1069 2082 .
1635 2043 1803 2078 berland.

138 2091 282 2122 suum
316 2075 550 2123 vocabulo
591 2074 904 2123 Eadhaedum
918 2074 949 2133 ⁴,
988 2091 1073 2138 qui
1106 2078 1273 2136 postea
1311 2076 1545 2137 regnante
1627 2101 1817 2140 [A.1>.664‚

140 2156 388 2220 Ecgfrido,
437 2157 706 2222 Hrypensis
763 2157 972 2206 eeclesiae
1030 2156 1208 2220 praesul
1260 2155 1416 2204 factus
1463 2161 1549 2205 est.
1609 2149 1645 2184 S·
1661 2149 1815 2188 Chrom]

140 2239 324 2288 Verum
369 2241 445 2288 1111
487 2241 711 2290 Cantiam
753 2240 1103 2303 pervenientes,
1142 2238 1438 2286 invenerunt
1476 2238 1893 2301 arehiepiscopum

140 2299 410 2371 Deusdedit
429 2325 529 2386 jam
554 2324 787 2386 migrasse
810 2323 870 2370 de
894 2322 1083 2380 saeculo,
1110 2325 1160 2368 et
1183 2321 1388 2369 necdum
1413 2321 1564 2369 alium
1588 2338 1678 2384 pro
1703 2338 1758 2368 eo
1782 2337 1892 2369 con—

140 2405 371 2455 stitutum
407 2406 553 2454 fuisse
592 2406 882 2469 pontificem.
966 2403 1112 2453 Unde
1151 2403 1458 2453 diverterunt
1494 2405 1556 2452 ad
1593 2404 1892 2467 provinciam

142 2487 531 2536 Occidentalium
567 2488 828 2548 Saxonum,
853 2487 939 2536 ubi
963 2491 1068 2535 erat
1090 2486 1214 2537 Vini
1238 2486 1514 2550 episcopus:
1551 2486 1686 2534 etab
1710 2486 1794 2533 illo
1820 2479 1894 2534 est

142 2569 220 2618 vir
242 2571 473 2633 praefatus
510 2576 813 2619 consecratus
849 2568 1064 2627 antistes,
1099 2568 1335 2616 adsumtis
1369 2568 1421 2616 in
1459 2568 1741 2616 societatem
1765 2567 1891 2615 ordi-

142 2652 352 2700 nationis
381 2653 567 2701 duobus
599 2652 658 2701 de
692 2653 982 2700 Brettonum
1009 2655 1152 2714 gente
1183 2650 1434 2714 episcopis,
1460 2650 1544 2714 qui
1576 2649 1890 2698 Dominioum

141 2735 329 2798 paschae
355 2734 499 2794 diem,
524 2740 581 2782 ut
604 2735 776 2798 saepius
810 2733 994 2781 dictum
1031 2736 1106 2781 est
1120 2732 1152 2792 ⁶,
1177 2748 1312 2781 secus
1349 2749 1532 2781 morem
1556 2733 1839 2782 canonicum
1863 2749 1892 2779 a

143 2822 317 2880 quarta
340 2816 526 2865 decima
548 2833 700 2881 usque
724 2815 782 2864 ad
809 2815 1082 2863 vicesimam
1107 2815 1273 2863 lunam
1298 2815 1553 2864 celebrant.
1622 2815 1737 2862 Non
1762 2813 1890 2862 enim

1911 2703 1925 2733 ἱ

196 2969 210 2992 ¹
237 2983 307 3009 rex
326 2967 532 3021 Alchfrid]
564 2967 754 3007 Alhfrith
780 2967 827 3007 of
843 2966 984 3006 Deira.
1042 2967 1114 3007 the
1127 2966 1362 3007 confluence
1379 2967 1426 3007 of
1438 2967 1512 3007 the
1525 2968 1656 3006 Aisne
1677 2966 1760 3006 and
1780 2966 1889 3006 Oise.

142 3025 183 3066 S.
240 3026 303 3063 At
330 3024 414 3063 this
439 3025 540 3062 time
564 3023 616 3062 he
639 3022 844 3074 purposed
867 3026 911 3062 to
936 3035 988 3074 go
1042 3022 1119 3062 See
1137 3022 1246 3063 Gall.
1269 3023 1421 3062 Christ.
1445 3023 1502 3062 ix.
1523 3034 1616 3073 434.

142 3085 187 3119 to
225 3080 368 3127 Rome,
399 3079 478 3118 but
510 3091 594 3117 was
631 3078 803 3130 stopped
840 3077 896 3130 by
922 3077 987 3117 his
1095 3076 1111 3099 ⁴
1137 3077 1425 3130 Eadhaedam]
1452 3075 1759 3120 Eadaeth‚S,V.
1790 3075 1891 3114 Eat-

144 3135 280 3175 father
299 3134 446 3173 Oswio.
505 3133 618 3171 hist.
637 3133 795 3173 Abbat.
820 3145 855 3172 2.
1043 3131 1136 3178 hed,
1155 3132 1364 3172 Florence.
1422 3131 1499 3171 See
1519 3132 1573 3170 iv.
1599 3142 1660 3171 12.

196 3189 213 3212 ²
240 3187 555 3241 Aqilberectum]
586 3187 648 3227 Of.
669 3201 708 3240 p.
734 3198 823 3238 153.
1096 3187 1113 3211 ⁵
1139 3191 1186 3227 ut
1206 3189 1354 3240 saepius
1373 3186 1528 3228 dictum
1548 3184 1622 3236 est]
1653 3184 1730 3224 See
1748 3197 1788 3236 p.
1814 3195 1892 3237 194

198 3243 214 3268 ⁸
239 3244 298 3283 In
329 3242 591 3295 Compendio]
645 3243 904 3295 compiegne,
943 3245 989 3281 at
1042 3245 1138 3282 note
1157 3255 1198 3295 4.
