2216 3554
303 170 400 216 320
874 168 1100 216 Historia
1133 168 1470 217 Ecclesiastioa
1674 168 1692 175 '⁴
1847 167 1978 237 [LIB.
1993 186 2040 218 v.

301 299 448 363 loqui,
473 299 583 348 vide
607 305 665 349 ut
689 317 858 348 sanum
883 300 1066 364 sapias!
1142 305 1154 327 ‘
1170 300 1312 359 Non‚'
1338 301 1513 364 inquit,
1540 305 1551 326 ‘
1567 301 1769 361 insanio,
1793 302 1875 349 sed
1898 303 2044 365 pessi-

301 397 429 428 mam
455 381 575 428 mihi
599 381 847 430 scientiam
872 388 1029 430 certus
1054 399 1154 445 prae
1178 382 1328 430 oculis
1352 381 1534 430 habeo.’
1596 386 1607 408 ‘
1622 369 1687 430 Et
1706 381 1851 445 quid‚’
1871 383 2045 447 inquit,

303 463 420 511 ‘hoc
444 463 575 511 est‘l'
635 468 647 491 ‘
666 464 815 511 Paulo
843 462 985 522 ante,'
1010 464 1185 527 inquit,
1212 464 1543 512 ‘intraverunt
1575 464 1774 512 domum
1803 465 1927 513 hanc
1950 465 2046 512 duo

301 545 615 609 pulcherrimi
641 548 855 608 juvenes,
887 550 936 593 et
966 546 1249 594 resederunt
1283 547 1407 594 circa
1443 563 1532 606 me,
1566 563 1693 594 unus
1723 547 1785 594 ad
1816 553 1972 610 caput,
1998 551 2048 595 et

302 645 427 676 unus
464 629 527 676 ad
566 629 710 691 pedes
725 645 737 688 3
780 628 1083 691 protulitque
1129 646 1255 677 unus
1303 630 1519 677 libellum
1569 629 1922 692 perpulchrum,
1964 630 2047 677 sed

301 710 609 758 vehementer
633 710 892 768 modicum,
916 727 972 758 ac
1003 709 1125 757 mihi
1147 711 1210 758 ad
1237 711 1495 774 legendum
1519 711 1666 770 dedit,
1690 711 1742 759 in
1766 729 1861 775 quo
1887 711 2049 759 omnia

303 809 412 855 quae
435 809 652 856 unquam
675 792 801 839 bona
832 791 1052 851 feceram,
1077 791 1272 839 intuens
1305 792 1484 856 scripta
1516 793 1689 855 reperi,
1714 797 1763 841 et
1787 794 1888 841 haec
1912 797 2049 841 erant

302 874 511 922 nimium
542 890 696 937 pauca
728 878 776 921 et
808 872 1007 921 modica.
1078 874 1382 937 Receperunt
1411 876 1636 935 codicem,
1670 893 1826 940 neque
1862 876 2049 939 aliquid

302 957 427 1005 mihi
462 957 698 1004 dicebant.
769 955 899 1003 Tum
934 955 1098 1004 subito
1135 958 1416 1020 supervenit
1450 947 1689 1007 exercitus
1724 959 2050 1022 malignorum

302 1044 351 1087 et
392 1039 700 1087 horridorum
740 1038 883 1086 vultu
925 1038 1203 1101 spirituum,
1242 1040 1536 1105 domumque
1577 1042 1700 1090 hanc
1743 1046 1792 1090 et
1838 1042 2049 1090 exterius

302 1121 504 1179 obsedit,
540 1124 589 1168 et
629 1120 763 1168 intus
804 1119 1016 1168 maxima
1057 1138 1117 1169 ex
1158 1126 1296 1184 parte
1342 1123 1555 1172 residens
1592 1125 1825 1188 implevit.
1915 1124 2051 1172 Tunc

301 1205 384 1252 1116
420 1203 504 1267 qui
541 1206 590 1251 et
625 1202 916 1250 obscuritate
948 1204 1213 1252 tenebrosae
1241 1204 1379 1253 faciei
1410 1211 1459 1254 et
1491 1207 1706 1269 primatu
1741 1207 1867 1255 sedis
1898 1207 2051 1270 major

301 1304 404 1335 esse
435 1286 694 1334 videbatur
725 1302 906 1341 eorum,
947 1286 1197 1348 proferens
1230 1287 1438 1335 codicem
1475 1288 1725 1337 horrendae
1756 1288 1969 1349 visionis,
2001 1295 2050 1337 et

301 1368 652 1433 magnitudinis
680 1367 905 1426 enormis,
931 1373 980 1415 et
1014 1369 1241 1431 ponderis
1276 1386 1398 1432 pene
1428 1370 1766 1433 importabilis,
1784 1372 1930 1436 jussit
1963 1372 2051 1420 uni

302 1470 363 1501 ex
408 1450 698 1500 satellitibus
746 1449 848 1497 suis
896 1449 1018 1496 mihi
1058 1451 1119 1498 ad
1160 1451 1415 1513 legendum
1457 1453 1653 1501 deferre.
1742 1454 1899 1515 Quem
1940 1471 2051 1501 cum

300 1535 537 1599 legissem,
562 1532 728 1582 inveni
760 1531 922 1580 omnia
954 1532 1143 1593 scelera,
1169 1551 1268 1582 non
1299 1535 1457 1582 solum
1482 1552 1590 1598 quae
1624 1553 1766 1600 opere
1790 1537 1866 1584 vel
1889 1537 2050 1594 verbo,

301 1617 385 1666 sed
420 1617 566 1665 etiam
608 1632 716 1678 quae
761 1614 1046 1662 tenuissima
1087 1615 1377 1678 cogitatione
1423 1618 1630 1680 peccavi,
1668 1619 2051 1667 manifestissime

300 1700 353 1747 in
392 1716 447 1748 60
488 1698 673 1746 tetricis
720 1714 820 1745 esse
856 1697 1096 1760 descripta
1130 1698 1319 1747 litteris.
1393 1699 1695 1765 Dicebatque
1730 1702 1790 1749 ad
1824 1701 1932 1750 illos
1968 1701 2051 1764 qui

302 1782 423 1829 mihi
457 1780 744 1830 adsederant
774 1779 906 1827 viros
937 1780 1121 1827 albatos
1155 1784 1204 1828 et
1233 1781 1518 1844 praeclaros:
1562 1788 1588 1807 “
1606 1782 1735 1843 Quid
1762 1783 1838 1831 hic
1860 1783 2050 1842 sedetis,

301 1863 504 1912 scientes
550 1861 814 1911 certissime
870 1860 986 1924 quia
1042 1865 1206 1909 noster
1259 1867 1332 1910 est
1393 1863 1483 1911 iste
1500 1865 1517 1910 ‘l
1534 1862 1561 1933 'f
1647 1865 2050 1928 Responderunt:

303 1947 535 1997 “Verum
571 1945 761 1993 dicitis:
806 1944 1023 2007 accipite,
1063 1950 1112 1992 et
1147 1944 1200 1991 in
1236 1946 1482 1993 cumulum
1518 1947 1843 1996 damnationis
1877 1952 2049 1996 vestrae

301 2028 506 2077 ducite.”
593 2028 702 2088 Quo
749 2027 891 2083 dicto,
943 2026 1111 2074 statim
1151 2028 1525 2091 disparuerunt:
1570 2037 1914 2094 surgentesque
1955 2031 2050 2078 duo

301 2110 584 2175 nequissimi
620 2109 835 2173 spiritus,
860 2109 1088 2158 habentes
1120 2109 1172 2158 in
1204 2112 1430 2160 manibus
1458 2129 1688 2170 vomeres,
1713 2119 2052 2176 percusserunt

301 2210 392 2251 me,
417 2208 542 2240 unus
577 2192 630 2238 in
665 2191 834 2254 capite,
866 2195 915 2238 et
950 2191 1072 2239 alius
1108 2192 1160 2240 in
1194 2194 1347 2256 pede,
1384 2194 1468 2257 qui
1503 2194 1729 2243 videlicet
1764 2194 1904 2243 modo
1940 2211 2051 2242 cum

300 2291 474 2337 magno
507 2278 748 2323 tormento
779 2274 1002 2337 irrepunt
1034 2275 1085 2322 in
1118 2275 1350 2323 interiora
1384 2277 1598 2340 corporis
1629 2276 1739 2335 mei,
1763 2294 1971 2340 moxque
1997 2282 2051 2325 ut

300 2357 363 2406 ad
398 2374 447 2406 86
480 2356 687 2406 invicem
716 2357 1020 2419 perveniunt,
1047 2358 1237 2417 moriar,
1263 2363 1313 2406 et
1344 2359 1525 2422 paratis
1561 2359 1623 2407 ad
1653 2359 1941 2423 rapiendum
1974 2377 2050 2407 me

300 2439 611 2497 daemonibus,
636 2439 689 2486 in
711 2439 890 2487 inferni
914 2440 1122 2488 claustra
1144 2441 1426 2504 pertrahar.'

370 2523 450 2571 Sic
472 2522 759 2585 loquebatur
782 2521 927 2569 miser
959 2522 1232 2586 desperans,
1257 2530 1305 2571 et
1343 2540 1443 2571 non
1474 2523 1630 2571 multo
1661 2530 1773 2588 post
1794 2524 2050 2572 defunctus

300 2604 633 2668 poenitentiam
669 2621 815 2667 quam
850 2604 911 2652 ad
945 2605 1090 2652 breve
1129 2610 1326 2668 tempus
1363 2623 1475 2653 cum
1509 2606 1671 2654 fructu
1707 2607 1862 2655 veniae
1898 2607 2050 2654 facere

302 2687 587 2751 supersedit,
622 2687 674 2733 in
711 2690 946 2735 aeternum
981 2687 1083 2735 sine
1117 2688 1282 2736 fructu
1315 2688 1470 2751 poenis
1505 2688 1727 2736 subditus
1762 2689 1889 2737 facit.
1975 2689 2050 2735 De

301 2786 398 2833 quo
433 2772 623 2816 constat
659 2768 787 2830 quia,
823 2768 948 2817 sicut
989 2770 1159 2817 beatus
1199 2787 1326 2833 papa
1367 2770 1631 2832 Gregorius
1666 2771 1725 2818 de
1764 2770 2050 2834 quibusdam

301 2851 485 2910 scribit,
509 2867 606 2898 non
637 2867 725 2913 pro
759 2867 807 2898 se
842 2851 937 2899 ista
966 2851 1043 2899 cui
1072 2869 1169 2900 non
1193 2853 1416 2915 profuere
1431 2853 1463 2912 1,
1489 2852 1573 2901 sed
1605 2869 1694 2915 pro
1727 2853 1834 2901 aliis
1857 2852 2049 2910 viderit,

302 2934 388 2998 qui
429 2933 531 2998 ejus
576 2932 834 2981 interitum
876 2939 1228 2997 cognoscentes,
1271 2934 1463 2982 differre
1503 2939 1695 2998 tempus
1735 2935 2048 2998 poenitentiae,

301 3018 417 3064 dum
463 3019 616 3075 vacat,
656 3015 900 3074 timerent,
940 3034 1000 3064 ne
1046 3000 1311 3080 improviso
1352 3017 1524 3065 mortis
1565 3017 1768 3065 articulo
1813 3014 2049 3080 praeventi

301 3099 658 3163 impoenitentes
679 3097 908 3162 perirent.
980 3098 1124 3159 Quod
1146 3104 1309 3148 autem
1333 3100 1520 3148 codices
1544 3100 1759 3149 diversos
1790 3117 1877 3163 per
1899 3098 2050 3147 bonos

695 3220 711 3244 ¹
740 3221 808 3262 cui
826 3233 906 3261 non
924 3222 1128 3276 profuere]
1147 3223 1209 3264 Of.
1230 3223 1389 3264 Ecclus.
1409 3223 1567 3263 xxxvii.
1592 3234 1654 3277 19.
