<?xml version="1.0" encoding="UTF-8"?>
<!DOCTYPE html PUBLIC "-//W3C//DTD XHTML 1.0 Transitional//EN"
    "http://www.w3.org/TR/xhtml1/DTD/xhtml1-transitional.dtd">
<html xmlns="http://www.w3.org/1999/xhtml" xml:lang="en" lang="en">
 <head>
  <title>
</title>
<meta http-equiv="Content-Type" content="text/html;charset=utf-8" />
  <meta name='ocr-system' content='tesseract 3.04.00' />
  <meta name='ocr-capabilities' content='ocr_page ocr_carea ocr_par ocr_line ocrx_word'/>
</head>
<body>
  <div class='ocr_page' id='page_1' title='image "./historiaecclesia00bedeuoft_0319.png"; bbox 0 0 2216 3554; ppageno 0'>
   <div class='ocr_carea' id='block_1_1' title="bbox 175 162 1921 252">
    <p class='ocr_par' dir='ltr' id='par_1_1' title="bbox 175 162 1921 252">
     <span class='ocr_line' id='line_1_1' title="bbox 175 162 1921 252; baseline 0.001 -18"><span class='ocrx_word' id='word_1_1' title='bbox 175 162 297 234; x_wconf 77' lang='lat' dir='ltr'><strong>CAr.</strong></span> <span class='ocrx_word' id='word_1_2' title='bbox 316 181 485 252; x_wconf 77' lang='grc' dir='ltr'>ΧΧΧΙ.]</span> <span class='ocrx_word' id='word_1_3' title='bbox 806 183 981 232; x_wconf 51' lang='lat' dir='ltr'><strong>Gentis</strong></span> <span class='ocrx_word' id='word_1_4' title='bbox 1005 181 1287 245; x_wconf 70' lang='lat' dir='ltr'><strong>Anylo‘mm.</strong></span> <span class='ocrx_word' id='word_1_5' title='bbox 1824 190 1921 236; x_wconf 83' lang='lat'><strong>287</strong></span> 
     </span>
    </p>
   </div>
   <div class='ocr_carea' id='block_1_2' title="bbox 174 313 1924 791">
    <p class='ocr_par' dir='ltr' id='par_1_2' title="bbox 174 313 1924 791">
     <span class='ocr_line' id='line_1_2' title="bbox 177 313 1920 381; baseline 0.001 -16"><span class='ocrx_word' id='word_1_6' title='bbox 177 322 423 381; x_wconf 80' lang='lat' dir='ltr'><strong>ponenteS‚</strong></span> <span class='ocrx_word' id='word_1_7' title='bbox 449 317 775 379; x_wconf 75' lang='lat' dir='ltr'><strong>adposuerunt</strong></span> <span class='ocrx_word' id='word_1_8' title='bbox 798 315 1003 377; x_wconf 81' lang='lat' dir='ltr'><strong>desuper</strong></span> <span class='ocrx_word' id='word_1_9' title='bbox 1026 330 1183 362; x_wconf 89' lang='lat' dir='ltr'><strong>arcam</strong></span> <span class='ocrx_word' id='word_1_10' title='bbox 1209 313 1378 376; x_wconf 75' lang='lat' dir='ltr'><strong>inqua</strong></span> <span class='ocrx_word' id='word_1_11' title='bbox 1402 314 1682 378; x_wconf 85' lang='lat' dir='ltr'><strong>incorrupta</strong></span> <span class='ocrx_word' id='word_1_12' title='bbox 1707 316 1920 380; x_wconf 87' lang='lat' dir='ltr'><strong>ejusdem</strong></span> 
     </span>
     <span class='ocr_line' id='line_1_3' title="bbox 174 396 1921 463; baseline 0.001 -16"><span class='ocrx_word' id='word_1_13' title='bbox 174 399 327 463; x_wconf 89' lang='lat' dir='ltr'><strong>patris</strong></span> <span class='ocrx_word' id='word_1_14' title='bbox 352 401 566 447; x_wconf 89' lang='lat' dir='ltr'><strong>membra</strong></span> <span class='ocrx_word' id='word_1_15' title='bbox 589 399 890 446; x_wconf 77' lang='lat' dir='ltr'>locaverant:</span> <span class='ocrx_word' id='word_1_16' title='bbox 939 396 992 443; x_wconf 90' lang='lat' dir='ltr'><strong>in</strong></span> <span class='ocrx_word' id='word_1_17' title='bbox 1029 413 1125 459; x_wconf 87' lang='lat' dir='ltr'><strong>quo</strong></span> <span class='ocrx_word' id='word_1_18' title='bbox 1160 396 1307 444; x_wconf 84' lang='lat' dir='ltr'><strong>etiam</strong></span> <span class='ocrx_word' id='word_1_19' title='bbox 1342 396 1446 443; x_wconf 91' lang='lat' dir='ltr'><strong>loco</strong></span> <span class='ocrx_word' id='word_1_20' title='bbox 1483 397 1620 459; x_wconf 83' lang='lat' dir='ltr'><strong>signa</strong></span> <span class='ocrx_word' id='word_1_21' title='bbox 1656 399 1921 448; x_wconf 83' lang='lat' dir='ltr'><strong>sanitatum</strong></span> 
     </span>
     <span class='ocr_line' id='line_1_4' title="bbox 176 476 1923 544; baseline 0.001 -15"><span class='ocrx_word' id='word_1_22' title='bbox 176 482 430 544; x_wconf 77' lang='lat' dir='ltr'>aliquoties</span> <span class='ocrx_word' id='word_1_23' title='bbox 453 482 591 538; x_wconf 86' lang='lat' dir='ltr'><strong>facta,</strong></span> <span class='ocrx_word' id='word_1_24' title='bbox 617 476 814 528; x_wconf 67' lang='lat' dir='ltr'><strong>meritis</strong></span> <span class='ocrx_word' id='word_1_25' title='bbox 837 480 1090 527; x_wconf 91' lang='lat' dir='ltr'><strong>amborum</strong></span> <span class='ocrx_word' id='word_1_26' title='bbox 1123 478 1457 526; x_wconf 87' lang='lat' dir='ltr'><strong>testimonium</strong></span> <span class='ocrx_word' id='word_1_27' title='bbox 1481 478 1657 538; x_wconf 87' lang='lat' dir='ltr'><strong>ferunt,</strong></span> <span class='ocrx_word' id='word_1_28' title='bbox 1683 497 1711 528; x_wconf 91' lang='lat' dir='ltr'><strong>e</strong></span> <span class='ocrx_word' id='word_1_29' title='bbox 1746 483 1923 544; x_wconf 88' lang='lat' dir='ltr'><strong>quibus</strong></span> 
     </span>
     <span class='ocr_line' id='line_1_5' title="bbox 175 560 1924 627; baseline 0.001 -16"><span class='ocrx_word' id='word_1_30' title='bbox 175 564 338 627; x_wconf 88' lang='lat' dir='ltr'><strong>aliqua</strong></span> <span class='ocrx_word' id='word_1_31' title='bbox 361 564 412 611; x_wconf 92' lang='lat' dir='ltr'><strong>in</strong></span> <span class='ocrx_word' id='word_1_32' title='bbox 436 564 560 611; x_wconf 88' lang='lat' dir='ltr'><strong>libro</strong></span> <span class='ocrx_word' id='word_1_33' title='bbox 585 562 713 611; x_wconf 77' lang='lat' dir='ltr'><strong>Vitae</strong></span> <span class='ocrx_word' id='word_1_34' title='bbox 737 561 868 609; x_wconf 86' lang='lat' dir='ltr'><strong>illius</strong></span> <span class='ocrx_word' id='word_1_35' title='bbox 903 560 1020 609; x_wconf 91' lang='lat' dir='ltr'><strong>olim</strong></span> <span class='ocrx_word' id='word_1_36' title='bbox 1054 560 1299 609; x_wconf 85' lang='lat' dir='ltr'><strong>memoriae</strong></span> <span class='ocrx_word' id='word_1_37' title='bbox 1335 562 1684 610; x_wconf 75' lang='lat' dir='ltr'><strong>mandavimus.</strong></span> <span class='ocrx_word' id='word_1_38' title='bbox 1756 563 1851 612; x_wconf 79' lang='lat' dir='ltr'><strong>Sed</strong></span> <span class='ocrx_word' id='word_1_39' title='bbox 1875 571 1924 612; x_wconf 87' lang='lat' dir='ltr'><strong>et</strong></span> 
     </span>
     <span class='ocr_line' id='line_1_6' title="bbox 177 643 1923 710; baseline 0.002 -18"><span class='ocrx_word' id='word_1_40' title='bbox 177 646 229 693; x_wconf 92' lang='lat' dir='ltr'><strong>in</strong></span> <span class='ocrx_word' id='word_1_41' title='bbox 253 646 342 694; x_wconf 89' lang='lat' dir='ltr'><strong>hac</strong></span> <span class='ocrx_word' id='word_1_42' title='bbox 366 645 587 694; x_wconf 75' lang='lat' dir='ltr'>Historia</span> <span class='ocrx_word' id='word_1_43' title='bbox 611 645 831 708; x_wconf 78' lang='lat' dir='ltr'><strong>quaedam</strong></span> <span class='ocrx_word' id='word_1_44' title='bbox 855 661 963 707; x_wconf 85' lang='lat' dir='ltr'><strong>quae</strong></span> <span class='ocrx_word' id='word_1_45' title='bbox 998 660 1085 691; x_wconf 90' lang='lat' dir='ltr'><strong>nos</strong></span> <span class='ocrx_word' id='word_1_46' title='bbox 1120 643 1486 707; x_wconf 74' lang='lat' dir='ltr'><strong>nuper-audisse</strong></span> <span class='ocrx_word' id='word_1_47' title='bbox 1515 645 1734 708; x_wconf 86' lang='lat' dir='ltr'><strong>contigit,</strong></span> <span class='ocrx_word' id='word_1_48' title='bbox 1759 662 1923 710; x_wconf 80' lang='lat' dir='ltr'><strong>super-</strong></span> 
     </span>
     <span class='ocr_line' id='line_1_7' title="bbox 177 725 977 791; baseline -0.001 -16"><span class='ocrx_word' id='word_1_49' title='bbox 177 728 381 791; x_wconf 75' lang='lat' dir='ltr'><strong>adJ&#39;icere</strong></span> <span class='ocrx_word' id='word_1_50' title='bbox 405 727 713 777; x_wconf 85' lang='lat' dir='ltr'><strong>commodum</strong></span> <span class='ocrx_word' id='word_1_51' title='bbox 732 725 977 774; x_wconf 82' lang='lat' dir='ltr'><strong>duximus.</strong></span> 
     </span>
    </p>
   </div>
   <div class='ocr_carea' id='block_1_3' title="bbox 1002 792 1025 805">
    <p class='ocr_par' dir='ltr' id='par_1_3' title="bbox 1002 792 1025 805">
     <span class='ocr_line' id='line_1_8' title="bbox 1002 792 1025 805; baseline 0 -4"><span class='ocrx_word' id='word_1_52' title='bbox 1002 792 1025 805; x_wconf 53' lang='lat' dir='ltr'><strong>‚r</strong></span> 
     </span>
    </p>
   </div>
   <div class='ocr_carea' id='block_1_4' title="bbox 871 955 1279 1006">
    <p class='ocr_par' dir='ltr' id='par_1_4' title="bbox 871 955 1279 1006">
     <span class='ocr_line' id='line_1_9' title="bbox 871 955 1279 1006; baseline -0.002 -1"><span class='ocrx_word' id='word_1_53' title='bbox 871 955 1017 1006; x_wconf 81' lang='lat' dir='ltr'><strong>GAP.</strong></span> <span class='ocrx_word' id='word_1_54' title='bbox 1056 955 1279 1004; x_wconf 43' lang='lat' dir='ltr'><strong>XXXI&amp;</strong></span> 
     </span>
    </p>
   </div>
   <div class='ocr_carea' id='block_1_5' title="bbox 479 1093 1627 1148">
    <p class='ocr_par' dir='ltr' id='par_1_5' title="bbox 479 1093 1627 1148">
     <span class='ocr_line' id='line_1_10' title="bbox 479 1093 1627 1148; baseline 0.002 -12"><span class='ocrx_word' id='word_1_55' title='bbox 479 1095 530 1137; x_wconf 76' lang='lat' dir='ltr'><strong>Ut</strong></span> <span class='ocrx_word' id='word_1_56' title='bbox 551 1096 722 1148; x_wconf 74' lang='lat' dir='ltr'><strong>quidam</strong></span> <span class='ocrx_word' id='word_1_57' title='bbox 741 1095 799 1137; x_wconf 82' lang='lat' dir='ltr'><strong>ad</strong></span> <span class='ocrx_word' id='word_1_58' title='bbox 819 1094 997 1136; x_wconf 80' lang='lat' dir='ltr'><strong>tumbam</strong></span> <span class='ocrx_word' id='word_1_59' title='bbox 1016 1095 1099 1147; x_wconf 76' lang='lat' dir='ltr'><strong>ejus</strong></span> <span class='ocrx_word' id='word_1_60' title='bbox 1117 1094 1171 1135; x_wconf 78' lang='lat' dir='ltr'><strong>sit</strong></span> <span class='ocrx_word' id='word_1_61' title='bbox 1192 1108 1218 1134; x_wconf 85' lang='lat' dir='ltr'><strong>a</strong></span> <span class='ocrx_word' id='word_1_62' title='bbox 1230 1093 1426 1148; x_wconf 65' lang='lat' dir='ltr'><strong>paralysi</strong></span> <span class='ocrx_word' id='word_1_63' title='bbox 1443 1095 1627 1138; x_wconf 63' lang='lat' dir='ltr'><strong>sanatas.</strong></span> 
     </span>
    </p>
   </div>
   <div class='ocr_carea' id='block_1_6' title="bbox 174 1200 1931 3075">
    <p class='ocr_par' dir='ltr' id='par_1_6' title="bbox 174 1200 1931 3075">
     <span class='ocr_line' id='line_1_11' title="bbox 247 1200 1924 1269; baseline 0.001 -18"><span class='ocrx_word' id='word_1_64' title='bbox 247 1202 393 1251; x_wconf 76' lang='lat' dir='ltr'><strong>ERAT</strong></span> <span class='ocrx_word' id='word_1_65' title='bbox 417 1202 469 1249; x_wconf 89' lang='lat' dir='ltr'><strong>in</strong></span> <span class='ocrx_word' id='word_1_66' title='bbox 493 1203 662 1251; x_wconf 87' lang='lat' dir='ltr'><strong>eodem</strong></span> <span class='ocrx_word' id='word_1_67' title='bbox 685 1200 976 1250; x_wconf 84' lang='lat' dir='ltr'><strong>monasterio</strong></span> <span class='ocrx_word' id='word_1_68' title='bbox 1001 1201 1149 1249; x_wconf 86' lang='lat' dir='ltr'><strong>frater</strong></span> <span class='ocrx_word' id='word_1_69' title='bbox 1168 1200 1380 1264; x_wconf 88' lang='lat' dir='ltr'><strong>quidam,</strong></span> <span class='ocrx_word' id='word_1_70' title='bbox 1398 1202 1593 1251; x_wconf 89' lang='lat' dir='ltr'><strong>nomine</strong></span> <span class='ocrx_word' id='word_1_71' title='bbox 1612 1203 1924 1269; x_wconf 79' lang='lat' dir='ltr'><strong>Badudegn2,</strong></span> 
     </span>
     <span class='ocr_line' id='line_1_12' title="bbox 177 1283 1884 1363; baseline -0.001 -30"><span class='ocrx_word' id='word_1_72' title='bbox 177 1291 395 1349; x_wconf 83' lang='lat' dir='ltr'><strong>tempore</strong></span> <span class='ocrx_word' id='word_1_73' title='bbox 426 1303 522 1332; x_wconf 91' lang='lat' dir='ltr'><strong>non</strong></span> <span class='ocrx_word' id='word_1_74' title='bbox 550 1302 706 1348; x_wconf 89' lang='lat' dir='ltr'><strong>pauco</strong></span> <span class='ocrx_word' id='word_1_75' title='bbox 731 1284 977 1348; x_wconf 90' lang='lat' dir='ltr'><strong>hospitum</strong></span> <span class='ocrx_word' id='word_1_76' title='bbox 1005 1283 1275 1332; x_wconf 82' lang='lat' dir='ltr'><strong>ministerio</strong></span> <span class='ocrx_word' id='word_1_77' title='bbox 1300 1284 1603 1345; x_wconf 65' lang='lat' dir='ltr'><strong>deserviens,</strong></span> <span class='ocrx_word' id='word_1_78' title='bbox 1628 1327 1828 1363; x_wconf 71' lang='lat' dir='ltr'><strong>Amirwcle</strong></span> <span class='ocrx_word' id='word_1_79' title='bbox 1843 1330 1884 1363; x_wconf 77' lang='lat' dir='ltr'><strong>at</strong></span> 
     </span>
     <span class='ocr_line' id='line_1_13' title="bbox 177 1366 1878 1432; baseline -0.001 -17"><span class='ocrx_word' id='word_1_80' title='bbox 177 1368 262 1432; x_wconf 92' lang='lat' dir='ltr'><strong>qui</strong></span> <span class='ocrx_word' id='word_1_81' title='bbox 297 1385 426 1415; x_wconf 87' lang='lat' dir='ltr'><strong>nune</strong></span> <span class='ocrx_word' id='word_1_82' title='bbox 461 1384 615 1431; x_wconf 86' lang='lat' dir='ltr'><strong>usque</strong></span> <span class='ocrx_word' id='word_1_83' title='bbox 657 1371 891 1431; x_wconf 79' lang='lat' dir='ltr'><strong>superest,</strong></span> <span class='ocrx_word' id='word_1_84' title='bbox 927 1366 1267 1414; x_wconf 88' lang='lat' dir='ltr'><strong>testimonium</strong></span> <span class='ocrx_word' id='word_1_85' title='bbox 1301 1366 1482 1414; x_wconf 89' lang='lat' dir='ltr'><strong>habens</strong></span> <span class='ocrx_word' id='word_1_86' title='bbox 1524 1367 1585 1414; x_wconf 87' lang='lat' dir='ltr'><strong>ab</strong></span> <span class='ocrx_word' id='word_1_87' title='bbox 1629 1376 1878 1414; x_wconf 71' lang='lat' dir='ltr'><strong>Cuthberht’s</strong></span> 
     </span>
     <span class='ocr_line' id='line_1_14' title="bbox 177 1428 1814 1512; baseline -0.001 -15"><span class='ocrx_word' id='word_1_88' title='bbox 177 1449 413 1498; x_wconf 87' lang='lat' dir='ltr'><strong>universis</strong></span> <span class='ocrx_word' id='word_1_89' title='bbox 481 1448 715 1496; x_wconf 88' lang='lat' dir='ltr'><strong>fratribus</strong></span> <span class='ocrx_word' id='word_1_90' title='bbox 786 1449 1065 1512; x_wconf 84' lang='lat' dir='ltr'><strong>cunctisque</strong></span> <span class='ocrx_word' id='word_1_91' title='bbox 1134 1447 1584 1511; x_wconf 89' lang='lat' dir='ltr'><strong>supervenientibus</strong></span> <span class='ocrx_word' id='word_1_92' title='bbox 1696 1428 1814 1462; x_wconf 81' lang='lat' dir='ltr'><strong>tomb.</strong></span> 
     </span>
     <span class='ocr_line' id='line_1_15' title="bbox 177 1530 1926 1595; baseline 0 -16"><span class='ocrx_word' id='word_1_93' title='bbox 177 1532 461 1595; x_wconf 78' lang='lat' dir='ltr'><strong>hospitibus,</strong></span> <span class='ocrx_word' id='word_1_94' title='bbox 488 1533 618 1595; x_wconf 90' lang='lat' dir='ltr'><strong>quod</strong></span> <span class='ocrx_word' id='word_1_95' title='bbox 653 1532 730 1579; x_wconf 91' lang='lat' dir='ltr'><strong>vir</strong></span> <span class='ocrx_word' id='word_1_96' title='bbox 764 1538 888 1580; x_wconf 90' lang='lat' dir='ltr'><strong>esset</strong></span> <span class='ocrx_word' id='word_1_97' title='bbox 922 1532 1089 1580; x_wconf 86' lang='lat' dir='ltr'><strong>multae</strong></span> <span class='ocrx_word' id='word_1_98' title='bbox 1124 1531 1320 1595; x_wconf 87' lang='lat' dir='ltr'><strong>pietatis</strong></span> <span class='ocrx_word' id='word_1_99' title='bbox 1356 1548 1411 1578; x_wconf 89' lang='lat' dir='ltr'><strong>ac</strong></span> <span class='ocrx_word' id='word_1_100' title='bbox 1446 1530 1712 1594; x_wconf 85' lang='lat' dir='ltr'><strong>religionis,</strong></span> <span class='ocrx_word' id='word_1_101' title='bbox 1740 1530 1926 1594; x_wconf 88' lang='lat' dir='ltr'><strong>injunc-</strong></span> 
     </span>
     <span class='ocr_line' id='line_1_16' title="bbox 177 1612 1928 1678; baseline -0.001 -15"><span class='ocrx_word' id='word_1_102' title='bbox 177 1622 325 1678; x_wconf 89' lang='lat' dir='ltr'><strong>toque</strong></span> <span class='ocrx_word' id='word_1_103' title='bbox 350 1615 442 1663; x_wconf 85' lang='lat' dir='ltr'><strong>sibi</strong></span> <span class='ocrx_word' id='word_1_104' title='bbox 461 1615 612 1662; x_wconf 90' lang='lat' dir='ltr'><strong>officio</strong></span> <span class='ocrx_word' id='word_1_105' title='bbox 638 1632 855 1678; x_wconf 87' lang='lat' dir='ltr'><strong>supernae</strong></span> <span class='ocrx_word' id='word_1_106' title='bbox 879 1619 1073 1662; x_wconf 86' lang='lat' dir='ltr'><strong>tantum</strong></span> <span class='ocrx_word' id='word_1_107' title='bbox 1096 1613 1329 1662; x_wconf 87' lang='lat' dir='ltr'><strong>mercedis</strong></span> <span class='ocrx_word' id='word_1_108' title='bbox 1353 1613 1511 1675; x_wconf 87' lang='lat' dir='ltr'><strong>gratia</strong></span> <span class='ocrx_word' id='word_1_109' title='bbox 1527 1612 1771 1662; x_wconf 87' lang='lat' dir='ltr'><strong>subditus.</strong></span> <span class='ocrx_word' id='word_1_110' title='bbox 1829 1615 1928 1662; x_wconf 89' lang='lat' dir='ltr'><strong>Hic</strong></span> 
     </span>
     <span class='ocr_line' id='line_1_17' title="bbox 178 1696 1925 1761; baseline 0.001 -16"><span class='ocrx_word' id='word_1_111' title='bbox 178 1714 300 1745; x_wconf 74' lang='lat' dir='ltr'><strong>cumv</strong></span> <span class='ocrx_word' id='word_1_112' title='bbox 323 1698 528 1760; x_wconf 88' lang='lat' dir='ltr'><strong>quadam</strong></span> <span class='ocrx_word' id='word_1_113' title='bbox 564 1698 642 1745; x_wconf 90' lang='lat' dir='ltr'><strong>die</strong></span> <span class='ocrx_word' id='word_1_114' title='bbox 675 1698 808 1745; x_wconf 89' lang='lat' dir='ltr'><strong>lenas</strong></span> <span class='ocrx_word' id='word_1_115' title='bbox 844 1697 944 1745; x_wconf 93' lang='lat' dir='ltr'><strong>sive</strong></span> <span class='ocrx_word' id='word_1_116' title='bbox 980 1714 1095 1761; x_wconf 85' lang='lat' dir='ltr'><strong>saga</strong></span> <span class='ocrx_word' id='word_1_117' title='bbox 1129 1697 1305 1761; x_wconf 91' lang='lat' dir='ltr'><strong>quibus</strong></span> <span class='ocrx_word' id='word_1_118' title='bbox 1340 1697 1392 1743; x_wconf 89' lang='lat' dir='ltr'><strong>in</strong></span> <span class='ocrx_word' id='word_1_119' title='bbox 1427 1696 1663 1759; x_wconf 89' lang='lat' dir='ltr'><strong>hospitale</strong></span> <span class='ocrx_word' id='word_1_120' title='bbox 1687 1698 1925 1757; x_wconf 88' lang='lat' dir='ltr'><strong>utebatur,</strong></span> 
     </span>
     <span class='ocr_line' id='line_1_18' title="bbox 178 1778 1927 1841; baseline 0.001 -15"><span class='ocrx_word' id='word_1_121' title='bbox 178 1778 231 1826; x_wconf 90' lang='lat' dir='ltr'><strong>in</strong></span> <span class='ocrx_word' id='word_1_122' title='bbox 254 1779 378 1827; x_wconf 89' lang='lat' dir='ltr'><strong>mari</strong></span> <span class='ocrx_word' id='word_1_123' title='bbox 401 1780 619 1839; x_wconf 84' lang='lat' dir='ltr'><strong>lavasset,</strong></span> <span class='ocrx_word' id='word_1_124' title='bbox 645 1780 836 1828; x_wconf 89' lang='lat' dir='ltr'><strong>rediens</strong></span> <span class='ocrx_word' id='word_1_125' title='bbox 873 1780 1072 1827; x_wconf 89' lang='lat' dir='ltr'><strong>domum</strong></span> <span class='ocrx_word' id='word_1_126' title='bbox 1097 1779 1351 1841; x_wconf 90' lang='lat' dir='ltr'><strong>repentina</strong></span> <span class='ocrx_word' id='word_1_127' title='bbox 1376 1778 1532 1825; x_wconf 91' lang='lat' dir='ltr'><strong>medio</strong></span> <span class='ocrx_word' id='word_1_128' title='bbox 1559 1778 1732 1826; x_wconf 83' lang='lat' dir='ltr'><strong>itinere</strong></span> <span class='ocrx_word' id='word_1_129' title='bbox 1755 1780 1927 1828; x_wconf 88' lang='lat' dir='ltr'><strong>moles-</strong></span> 
     </span>
     <span class='ocr_line' id='line_1_19' title="bbox 178 1860 1929 1924; baseline 0 -16"><span class='ocrx_word' id='word_1_130' title='bbox 178 1861 249 1909; x_wconf 85' lang='lat' dir='ltr'><strong>tia</strong></span> <span class='ocrx_word' id='word_1_131' title='bbox 283 1867 440 1910; x_wconf 90' lang='lat' dir='ltr'><strong>tactus</strong></span> <span class='ocrx_word' id='word_1_132' title='bbox 475 1866 560 1921; x_wconf 89' lang='lat' dir='ltr'><strong>est,</strong></span> <span class='ocrx_word' id='word_1_133' title='bbox 587 1863 657 1910; x_wconf 88' lang='lat' dir='ltr'><strong>ita</strong></span> <span class='ocrx_word' id='word_1_134' title='bbox 691 1867 749 1911; x_wconf 86' lang='lat' dir='ltr'><strong>ut</strong></span> <span class='ocrx_word' id='word_1_135' title='bbox 783 1878 1008 1910; x_wconf 89' lang='lat' dir='ltr'><strong>corruens</strong></span> <span class='ocrx_word' id='word_1_136' title='bbox 1044 1861 1095 1908; x_wconf 94' lang='lat' dir='ltr'><strong>in</strong></span> <span class='ocrx_word' id='word_1_137' title='bbox 1132 1867 1313 1909; x_wconf 90' lang='lat' dir='ltr'><strong>terram</strong></span> <span class='ocrx_word' id='word_1_138' title='bbox 1348 1864 1397 1908; x_wconf 92' lang='lat' dir='ltr'><strong>et</strong></span> <span class='ocrx_word' id='word_1_139' title='bbox 1432 1860 1714 1924; x_wconf 85' lang='lat' dir='ltr'><strong>aliquandiu</strong></span> <span class='ocrx_word' id='word_1_140' title='bbox 1748 1877 1929 1924; x_wconf 91' lang='lat' dir='ltr'><strong>pronus</strong></span> 
     </span>
     <span class='ocr_line' id='line_1_20' title="bbox 174 1942 1927 2007; baseline 0 -17"><span class='ocrx_word' id='word_1_141' title='bbox 174 1945 350 2006; x_wconf 85' lang='lat' dir='ltr'><strong>jacens,</strong></span> <span class='ocrx_word' id='word_1_142' title='bbox 386 1944 472 1993; x_wconf 84' lang='lat' dir='ltr'><strong>vix</strong></span> <span class='ocrx_word' id='word_1_143' title='bbox 511 1943 703 1993; x_wconf 90' lang='lat' dir='ltr'><strong>tandem</strong></span> <span class='ocrx_word' id='word_1_144' title='bbox 745 1947 1014 2007; x_wconf 86' lang='lat' dir='ltr'><strong>resurgeret</strong></span> <span class='ocrx_word' id='word_1_145' title='bbox 1031 1960 1043 2004; x_wconf 87' lang='lat'>;</span> <span class='ocrx_word' id='word_1_146' title='bbox 1092 1960 1344 2007; x_wconf 86' lang='lat' dir='ltr'><strong>resurgens</strong></span> <span class='ocrx_word' id='word_1_147' title='bbox 1392 1947 1555 1992; x_wconf 86' lang='lat' dir='ltr'><strong>autem</strong></span> <span class='ocrx_word' id='word_1_148' title='bbox 1596 1942 1746 1991; x_wconf 85' lang='lat' dir='ltr'><strong>sensit</strong></span> <span class='ocrx_word' id='word_1_149' title='bbox 1787 1943 1927 1991; x_wconf 86' lang='lat' dir='ltr'><strong>dimi-</strong></span> 
     </span>
     <span class='ocr_line' id='line_1_21' title="bbox 180 2024 1929 2091; baseline -0.001 -18"><span class='ocrx_word' id='word_1_150' title='bbox 180 2026 311 2073; x_wconf 87' lang='lat' dir='ltr'><strong>diam</strong></span> <span class='ocrx_word' id='word_1_151' title='bbox 353 2027 566 2090; x_wconf 86' lang='lat' dir='ltr'><strong>corporis</strong></span> <span class='ocrx_word' id='word_1_152' title='bbox 609 2028 684 2075; x_wconf 90' lang='lat' dir='ltr'><strong>sui</strong></span> <span class='ocrx_word' id='word_1_153' title='bbox 725 2031 913 2091; x_wconf 86' lang='lat' dir='ltr'><strong>partem</strong></span> <span class='ocrx_word' id='word_1_154' title='bbox 954 2043 982 2073; x_wconf 90' lang='lat' dir='ltr'><strong>a</strong></span> <span class='ocrx_word' id='word_1_155' title='bbox 1024 2025 1179 2089; x_wconf 85' lang='lat' dir='ltr'><strong>capite</strong></span> <span class='ocrx_word' id='word_1_156' title='bbox 1214 2042 1368 2089; x_wconf 84' lang='lat' dir='ltr'><strong>usque</strong></span> <span class='ocrx_word' id='word_1_157' title='bbox 1410 2024 1471 2072; x_wconf 86' lang='lat' dir='ltr'><strong>ad</strong></span> <span class='ocrx_word' id='word_1_158' title='bbox 1511 2025 1655 2087; x_wconf 88' lang='lat' dir='ltr'><strong>pedes</strong></span> <span class='ocrx_word' id='word_1_159' title='bbox 1695 2026 1929 2088; x_wconf 88' lang='lat' dir='ltr'><strong>paralysis</strong></span> 
     </span>
     <span class='ocr_line' id='line_1_22' title="bbox 180 2107 1931 2173; baseline 0 -18"><span class='ocrx_word' id='word_1_160' title='bbox 180 2108 411 2171; x_wconf 89' lang='lat' dir='ltr'><strong>languore</strong></span> <span class='ocrx_word' id='word_1_161' title='bbox 448 2110 752 2173; x_wconf 86' lang='lat' dir='ltr'><strong>depressam:</strong></span> <span class='ocrx_word' id='word_1_162' title='bbox 800 2114 850 2157; x_wconf 87' lang='lat' dir='ltr'><strong>et</strong></span> <span class='ocrx_word' id='word_1_163' title='bbox 895 2108 1108 2156; x_wconf 85' lang='lat' dir='ltr'><strong>maximo</strong></span> <span class='ocrx_word' id='word_1_164' title='bbox 1156 2124 1266 2155; x_wconf 88' lang='lat' dir='ltr'><strong>cum</strong></span> <span class='ocrx_word' id='word_1_165' title='bbox 1314 2107 1474 2155; x_wconf 91' lang='lat' dir='ltr'><strong>labore</strong></span> <span class='ocrx_word' id='word_1_166' title='bbox 1510 2107 1680 2155; x_wconf 86' lang='lat' dir='ltr'><strong>baculo</strong></span> <span class='ocrx_word' id='word_1_167' title='bbox 1718 2107 1931 2156; x_wconf 86' lang='lat' dir='ltr'><strong>innitens</strong></span> 
     </span>
     <span class='ocr_line' id='line_1_23' title="bbox 180 2189 1929 2255; baseline 0 -18"><span class='ocrx_word' id='word_1_168' title='bbox 180 2191 379 2238; x_wconf 90' lang='lat' dir='ltr'><strong>domum</strong></span> <span class='ocrx_word' id='word_1_169' title='bbox 413 2192 649 2255; x_wconf 85' lang='lat' dir='ltr'><strong>pervenit.</strong></span> <span class='ocrx_word' id='word_1_170' title='bbox 722 2192 977 2241; x_wconf 81' lang='lat' dir='ltr'><strong>Crescebat</strong></span> <span class='ocrx_word' id='word_1_171' title='bbox 1012 2191 1217 2239; x_wconf 55' lang='lat' dir='ltr'><strong>morbus&lt;</strong></span> <span class='ocrx_word' id='word_1_172' title='bbox 1245 2189 1500 2253; x_wconf 85' lang='lat' dir='ltr'><strong>paulatim,</strong></span> <span class='ocrx_word' id='word_1_173' title='bbox 1528 2193 1576 2238; x_wconf 91' lang='lat' dir='ltr'><strong>et</strong></span> <span class='ocrx_word' id='word_1_174' title='bbox 1605 2195 1742 2238; x_wconf 90' lang='lat' dir='ltr'><strong>nocte</strong></span> <span class='ocrx_word' id='word_1_175' title='bbox 1767 2208 1929 2254; x_wconf 90' lang='lat' dir='ltr'><strong>super-</strong></span> 
     </span>
     <span class='ocr_line' id='line_1_24' title="bbox 180 2272 1930 2337; baseline 0.001 -16"><span class='ocrx_word' id='word_1_176' title='bbox 180 2273 404 2321; x_wconf 89' lang='lat' dir='ltr'><strong>veniente</strong></span> <span class='ocrx_word' id='word_1_177' title='bbox 438 2275 632 2337; x_wconf 86' lang='lat' dir='ltr'><strong>gravior</strong></span> <span class='ocrx_word' id='word_1_178' title='bbox 656 2275 851 2323; x_wconf 83' lang='lat' dir='ltr'><strong>effectus</strong></span> <span class='ocrx_word' id='word_1_179' title='bbox 887 2278 974 2332; x_wconf 90' lang='lat' dir='ltr'><strong>est,</strong></span> <span class='ocrx_word' id='word_1_180' title='bbox 998 2274 1070 2322; x_wconf 84' lang='lat' dir='ltr'><strong>ita</strong></span> <span class='ocrx_word' id='word_1_181' title='bbox 1100 2280 1156 2321; x_wconf 91' lang='lat' dir='ltr'><strong>ut</strong></span> <span class='ocrx_word' id='word_1_182' title='bbox 1181 2272 1259 2321; x_wconf 88' lang='lat' dir='ltr'><strong>die</strong></span> <span class='ocrx_word' id='word_1_183' title='bbox 1284 2273 1513 2321; x_wconf 88' lang='lat' dir='ltr'><strong>redeunte</strong></span> <span class='ocrx_word' id='word_1_184' title='bbox 1537 2273 1619 2320; x_wconf 85' lang='lat' dir='ltr'><strong>vix</strong></span> <span class='ocrx_word' id='word_1_185' title='bbox 1643 2273 1746 2336; x_wconf 90' lang='lat' dir='ltr'><strong>ipse</strong></span> <span class='ocrx_word' id='word_1_186' title='bbox 1769 2290 1856 2337; x_wconf 91' lang='lat' dir='ltr'><strong>per</strong></span> <span class='ocrx_word' id='word_1_187' title='bbox 1880 2292 1930 2322; x_wconf 89' lang='lat' dir='ltr'><strong>se</strong></span> 
     </span>
     <span class='ocr_line' id='line_1_25' title="bbox 182 2354 1930 2417; baseline 0.001 -14"><span class='ocrx_word' id='word_1_188' title='bbox 182 2371 439 2417; x_wconf 85' lang='lat' dir='ltr'><strong>exsurgere</strong></span> <span class='ocrx_word' id='word_1_189' title='bbox 474 2363 559 2404; x_wconf 89' lang='lat' dir='ltr'><strong>aut</strong></span> <span class='ocrx_word' id='word_1_190' title='bbox 586 2356 806 2404; x_wconf 85' lang='lat' dir='ltr'><strong>incedere</strong></span> <span class='ocrx_word' id='word_1_191' title='bbox 830 2357 1027 2404; x_wconf 85' lang='lat' dir='ltr'><strong>valeret.</strong></span> <span class='ocrx_word' id='word_1_192' title='bbox 1099 2355 1207 2415; x_wconf 79' lang='lat' dir='ltr'><strong>Quo</strong></span> <span class='ocrx_word' id='word_1_193' title='bbox 1242 2354 1439 2403; x_wconf 88' lang='lat' dir='ltr'><strong>affectus</strong></span> <span class='ocrx_word' id='word_1_194' title='bbox 1474 2354 1791 2415; x_wconf 86' lang='lat' dir='ltr'><strong>incommodo,</strong></span> <span class='ocrx_word' id='word_1_195' title='bbox 1817 2373 1930 2404; x_wconf 89' lang='lat' dir='ltr'><strong>con-</strong></span> 
     </span>
     <span class='ocr_line' id='line_1_26' title="bbox 182 2438 1930 2503; baseline 0.001 -17"><span class='ocrx_word' id='word_1_196' title='bbox 182 2438 315 2500; x_wconf 89' lang='lat' dir='ltr'><strong>cepit</strong></span> <span class='ocrx_word' id='word_1_197' title='bbox 338 2438 602 2486; x_wconf 87' lang='lat' dir='ltr'><strong>utillimum</strong></span> <span class='ocrx_word' id='word_1_198' title='bbox 626 2446 785 2487; x_wconf 88' lang='lat' dir='ltr'><strong>mente</strong></span> <span class='ocrx_word' id='word_1_199' title='bbox 818 2438 1088 2498; x_wconf 87' lang='lat' dir='ltr'><strong>consilium,</strong></span> <span class='ocrx_word' id='word_1_200' title='bbox 1113 2444 1169 2485; x_wconf 93' lang='lat' dir='ltr'><strong>ut</strong></span> <span class='ocrx_word' id='word_1_201' title='bbox 1204 2438 1266 2484; x_wconf 88' lang='lat' dir='ltr'><strong>ad</strong></span> <span class='ocrx_word' id='word_1_202' title='bbox 1290 2438 1537 2486; x_wconf 88' lang='lat' dir='ltr'><strong>ecclesiam</strong></span> <span class='ocrx_word' id='word_1_203' title='bbox 1561 2456 1755 2503; x_wconf 88' lang='lat' dir='ltr'><strong>quoquo</strong></span> <span class='ocrx_word' id='word_1_204' title='bbox 1787 2441 1930 2488; x_wconf 92' lang='lat' dir='ltr'><strong>modo</strong></span> 
     </span>
     <span class='ocr_line' id='line_1_27' title="bbox 183 2520 1931 2585; baseline 0.001 -18"><span class='ocrx_word' id='word_1_205' title='bbox 183 2527 346 2583; x_wconf 90' lang='lat' dir='ltr'><strong>posset</strong></span> <span class='ocrx_word' id='word_1_206' title='bbox 392 2521 691 2582; x_wconf 87' lang='lat' dir='ltr'><strong>perveniens,</strong></span> <span class='ocrx_word' id='word_1_207' title='bbox 730 2521 942 2570; x_wconf 52' lang='lat' dir='ltr'><strong>intraret*</strong></span> <span class='ocrx_word' id='word_1_208' title='bbox 982 2520 1043 2568; x_wconf 87' lang='lat' dir='ltr'><strong>ad</strong></span> <span class='ocrx_word' id='word_1_209' title='bbox 1090 2521 1309 2569; x_wconf 88' lang='lat' dir='ltr'><strong>tumbam</strong></span> <span class='ocrx_word' id='word_1_210' title='bbox 1355 2521 1730 2569; x_wconf 78' lang='lat' dir='ltr'><strong>reverentissimi</strong></span> <span class='ocrx_word' id='word_1_211' title='bbox 1776 2522 1931 2585; x_wconf 87' lang='lat' dir='ltr'><strong>patris</strong></span> 
     </span>
     <span class='ocr_line' id='line_1_28' title="bbox 185 2602 1930 2668; baseline 0.002 -18"><span class='ocrx_word' id='word_1_212' title='bbox 185 2602 465 2660; x_wconf 83' lang='lat' dir='ltr'><strong>Cudbercti‚</strong></span> <span class='ocrx_word' id='word_1_213' title='bbox 508 2603 672 2668; x_wconf 87' lang='lat' dir='ltr'><strong>ibique</strong></span> <span class='ocrx_word' id='word_1_214' title='bbox 713 2603 915 2666; x_wconf 88' lang='lat' dir='ltr'><strong>genibus</strong></span> <span class='ocrx_word' id='word_1_215' title='bbox 957 2602 1097 2651; x_wconf 84' lang='lat' dir='ltr'><strong>flexis</strong></span> <span class='ocrx_word' id='word_1_216' title='bbox 1147 2603 1349 2666; x_wconf 85' lang='lat' dir='ltr'><strong>supplex</strong></span> <span class='ocrx_word' id='word_1_217' title='bbox 1398 2619 1653 2666; x_wconf 87' lang='lat' dir='ltr'><strong>supernam</strong></span> <span class='ocrx_word' id='word_1_218' title='bbox 1699 2604 1930 2667; x_wconf 87' lang='lat' dir='ltr'><strong>pietatem</strong></span> 
     </span>
     <span class='ocr_line' id='line_1_29' title="bbox 185 2684 1930 2748; baseline 0.003 -18"><span class='ocrx_word' id='word_1_219' title='bbox 185 2688 388 2747; x_wconf 83' lang='lat' dir='ltr'><strong>rogaret,</strong></span> <span class='ocrx_word' id='word_1_220' title='bbox 415 2687 471 2731; x_wconf 90' lang='lat' dir='ltr'><strong>ut</strong></span> <span class='ocrx_word' id='word_1_221' title='bbox 494 2684 572 2732; x_wconf 91' lang='lat' dir='ltr'><strong>vel</strong></span> <span class='ocrx_word' id='word_1_222' title='bbox 601 2685 660 2731; x_wconf 87' lang='lat' dir='ltr'><strong>ab</strong></span> <span class='ocrx_word' id='word_1_223' title='bbox 684 2685 1015 2748; x_wconf 86' lang='lat' dir='ltr'><strong>hujuscemodi</strong></span> <span class='ocrx_word' id='word_1_224' title='bbox 1048 2685 1293 2748; x_wconf 84' lang='lat' dir='ltr'><strong>languore,</strong></span> <span class='ocrx_word' id='word_1_225' title='bbox 1319 2684 1360 2732; x_wconf 91' lang='lat' dir='ltr'><strong>si</strong></span> <span class='ocrx_word' id='word_1_226' title='bbox 1392 2684 1482 2733; x_wconf 89' lang='lat' dir='ltr'><strong>hoc</strong></span> <span class='ocrx_word' id='word_1_227' title='bbox 1516 2685 1608 2734; x_wconf 88' lang='lat' dir='ltr'><strong>sibi</strong></span> <span class='ocrx_word' id='word_1_228' title='bbox 1640 2686 1758 2734; x_wconf 91' lang='lat' dir='ltr'><strong>utile</strong></span> <span class='ocrx_word' id='word_1_229' title='bbox 1793 2691 1930 2747; x_wconf 89' lang='lat' dir='ltr'><strong>esset,</strong></span> 
     </span>
     <span class='ocr_line' id='line_1_30' title="bbox 184 2765 1931 2832; baseline 0.003 -20"><span class='ocrx_word' id='word_1_230' title='bbox 184 2766 471 2813; x_wconf 84' lang='lat' dir='ltr'><strong>liberaretur</strong></span> <span class='ocrx_word' id='word_1_231' title='bbox 486 2782 498 2826; x_wconf 90' lang='lat'>;</span> <span class='ocrx_word' id='word_1_232' title='bbox 536 2767 614 2814; x_wconf 90' lang='lat' dir='ltr'><strong>vel</strong></span> <span class='ocrx_word' id='word_1_233' title='bbox 644 2765 684 2814; x_wconf 85' lang='lat' dir='ltr'><strong>si</strong></span> <span class='ocrx_word' id='word_1_234' title='bbox 714 2784 762 2814; x_wconf 86' lang='lat' dir='ltr'><strong>se</strong></span> <span class='ocrx_word' id='word_1_235' title='bbox 786 2767 873 2816; x_wconf 87' lang='lat' dir='ltr'><strong>tali</strong></span> <span class='ocrx_word' id='word_1_236' title='bbox 903 2766 1124 2815; x_wconf 86' lang='lat' dir='ltr'><strong>molestia</strong></span> <span class='ocrx_word' id='word_1_237' title='bbox 1159 2766 1344 2815; x_wconf 87' lang='lat' dir='ltr'><strong>diutius</strong></span> <span class='ocrx_word' id='word_1_238' title='bbox 1379 2767 1603 2831; x_wconf 84' lang='lat' dir='ltr'><strong>castigari</strong></span> <span class='ocrx_word' id='word_1_239' title='bbox 1627 2768 1792 2817; x_wconf 90' lang='lat' dir='ltr'><strong>divina</strong></span> <span class='ocrx_word' id='word_1_240' title='bbox 1819 2787 1931 2832; x_wconf 87' lang='lat' dir='ltr'><strong>pro-</strong></span> 
     </span>
     <span class='ocr_line' id='line_1_31' title="bbox 184 2846 1930 2914; baseline 0.002 -19"><span class='ocrx_word' id='word_1_241' title='bbox 184 2848 379 2896; x_wconf 89' lang='lat' dir='ltr'><strong>vidente</strong></span> <span class='ocrx_word' id='word_1_242' title='bbox 419 2846 576 2912; x_wconf 86' lang='lat' dir='ltr'><strong>gratia</strong></span> <span class='ocrx_word' id='word_1_243' title='bbox 617 2853 875 2911; x_wconf 88' lang='lat' dir='ltr'><strong>oporteret,</strong></span> <span class='ocrx_word' id='word_1_244' title='bbox 912 2849 1154 2912; x_wconf 84' lang='lat' dir='ltr'><strong>patienter</strong></span> <span class='ocrx_word' id='word_1_245' title='bbox 1195 2848 1407 2898; x_wconf 93' lang='lat' dir='ltr'><strong>dolorem</strong></span> <span class='ocrx_word' id='word_1_246' title='bbox 1448 2866 1502 2898; x_wconf 87' lang='lat' dir='ltr'><strong>ac</strong></span> <span class='ocrx_word' id='word_1_247' title='bbox 1542 2850 1730 2914; x_wconf 87' lang='lat' dir='ltr'><strong>placida</strong></span> <span class='ocrx_word' id='word_1_248' title='bbox 1771 2856 1930 2898; x_wconf 78' lang='lat' dir='ltr'><strong>mente</strong></span> 
     </span>
     <span class='ocr_line' id='line_1_32' title="bbox 185 2930 1931 2996; baseline 0 -18"><span class='ocrx_word' id='word_1_249' title='bbox 185 2930 445 2978; x_wconf 88' lang='lat' dir='ltr'><strong>sustineret</strong></span> <span class='ocrx_word' id='word_1_250' title='bbox 500 2930 718 2978; x_wconf 88' lang='lat' dir='ltr'><strong>inlatum.</strong></span> <span class='ocrx_word' id='word_1_251' title='bbox 806 2930 946 2979; x_wconf 82' lang='lat' dir='ltr'><strong>Fecit</strong></span> <span class='ocrx_word' id='word_1_252' title='bbox 1004 2930 1157 2994; x_wconf 91' lang='lat' dir='ltr'><strong>igitur</strong></span> <span class='ocrx_word' id='word_1_253' title='bbox 1203 2936 1260 2979; x_wconf 88' lang='lat' dir='ltr'><strong>ut</strong></span> <span class='ocrx_word' id='word_1_254' title='bbox 1311 2932 1472 2980; x_wconf 88' lang='lat' dir='ltr'><strong>animo</strong></span> <span class='ocrx_word' id='word_1_255' title='bbox 1520 2932 1832 2996; x_wconf 86' lang='lat' dir='ltr'><strong>disposuerat,</strong></span> <span class='ocrx_word' id='word_1_256' title='bbox 1883 2935 1931 2979; x_wconf 87' lang='lat' dir='ltr'><strong>et</strong></span> 
     </span>
     <span class='ocr_line' id='line_1_33' title="bbox 185 3012 1930 3075; baseline 0 -16"><span class='ocrx_word' id='word_1_257' title='bbox 185 3012 448 3060; x_wconf 84' lang='lat' dir='ltr'><strong>imbecilles</strong></span> <span class='ocrx_word' id='word_1_258' title='bbox 482 3017 618 3060; x_wconf 87' lang='lat' dir='ltr'><strong>artus</strong></span> <span class='ocrx_word' id='word_1_259' title='bbox 653 3012 824 3060; x_wconf 87' lang='lat' dir='ltr'><strong>baculo</strong></span> <span class='ocrx_word' id='word_1_260' title='bbox 860 3018 1136 3061; x_wconf 85' lang='lat' dir='ltr'><strong>sustentans</strong></span> <span class='ocrx_word' id='word_1_261' title='bbox 1170 3013 1374 3063; x_wconf 85' lang='lat' dir='ltr'><strong>intravit</strong></span> <span class='ocrx_word' id='word_1_262' title='bbox 1408 3014 1683 3073; x_wconf 90' lang='lat' dir='ltr'><strong>ecclesiam;</strong></span> <span class='ocrx_word' id='word_1_263' title='bbox 1732 3029 1786 3060; x_wconf 90' lang='lat' dir='ltr'><strong>ac</strong></span> <span class='ocrx_word' id='word_1_264' title='bbox 1822 3029 1930 3075; x_wconf 89' lang='lat' dir='ltr'><strong>pro-</strong></span> 
     </span>
    </p>
   </div>
   <div class='ocr_carea' id='block_1_7' title="bbox 243 3119 1930 3176">
    <p class='ocr_par' dir='ltr' id='par_1_7' title="bbox 243 3119 1930 3176">
     <span class='ocr_line' id='line_1_34' title="bbox 243 3119 1930 3176; baseline -0.002 -15"><span class='ocrx_word' id='word_1_265' title='bbox 243 3120 255 3143; x_wconf 91' lang='lat'>¹</span> <span class='ocrx_word' id='word_1_266' title='bbox 285 3122 388 3161; x_wconf 74' lang='lat' dir='ltr'><strong>CAP.</strong></span> <span class='ocrx_word' id='word_1_267' title='bbox 421 3120 613 3172; x_wconf 88' lang='grc' dir='ltr'>ΧΧΧΙ.]</span> <span class='ocrx_word' id='word_1_268' title='bbox 654 3121 754 3161; x_wconf 84' lang='lat' dir='ltr'><strong>This</strong></span> <span class='ocrx_word' id='word_1_269' title='bbox 790 3120 962 3175; x_wconf 82' lang='lat' dir='ltr'><strong>chapter</strong></span> <span class='ocrx_word' id='word_1_270' title='bbox 997 3121 1033 3162; x_wconf 80' lang='lat' dir='ltr'><strong>is</strong></span> <span class='ocrx_word' id='word_1_271' title='bbox 1088 3122 1279 3162; x_wconf 81' lang='lat' dir='ltr'><strong>‘Beadu’</strong></span> <span class='ocrx_word' id='word_1_272' title='bbox 1314 3122 1350 3162; x_wconf 86' lang='lat' dir='ltr'><strong>is</strong></span> <span class='ocrx_word' id='word_1_273' title='bbox 1383 3137 1409 3163; x_wconf 87' lang='lat' dir='ltr'><strong>a</strong></span> <span class='ocrx_word' id='word_1_274' title='bbox 1439 3123 1570 3176; x_wconf 83' lang='lat' dir='ltr'><strong>prefix</strong></span> <span class='ocrx_word' id='word_1_275' title='bbox 1598 3121 1796 3171; x_wconf 85' lang='lat' dir='ltr'><strong>denoting</strong></span> <span class='ocrx_word' id='word_1_276' title='bbox 1830 3119 1930 3158; x_wconf 88' lang='lat' dir='ltr'><strong>‘mi-</strong></span> 
     </span>
    </p>
   </div>
   <div class='ocr_carea' id='block_1_8' title="bbox 187 3175 1932 3284">
    <p class='ocr_par' dir='ltr' id='par_1_8' title="bbox 187 3175 1932 3284">
     <span class='ocr_line' id='line_1_35' title="bbox 187 3175 1932 3230; baseline -0.003 -13"><span class='ocrx_word' id='word_1_277' title='bbox 187 3177 286 3229; x_wconf 89' lang='lat' dir='ltr'><strong>only</strong></span> <span class='ocrx_word' id='word_1_278' title='bbox 307 3176 434 3214; x_wconf 82' lang='lat' dir='ltr'><strong>found</strong></span> <span class='ocrx_word' id='word_1_279' title='bbox 453 3176 498 3214; x_wconf 89' lang='lat' dir='ltr'><strong>in</strong></span> <span class='ocrx_word' id='word_1_280' title='bbox 516 3175 601 3215; x_wconf 81' lang='lat' dir='ltr'><strong>this</strong></span> <span class='ocrx_word' id='word_1_281' title='bbox 623 3176 747 3217; x_wconf 87' lang='lat' dir='ltr'><strong>work.</strong></span> <span class='ocrx_word' id='word_1_282' title='bbox 1087 3177 1240 3230; x_wconf 80' lang='lat' dir='ltr'><strong>litary,’</strong></span> <span class='ocrx_word' id='word_1_283' title='bbox 1287 3178 1371 3219; x_wconf 87' lang='lat' dir='ltr'><strong>and</strong></span> <span class='ocrx_word' id='word_1_284' title='bbox 1430 3179 1605 3230; x_wconf 85' lang='lat' dir='ltr'><strong>‘thegn&#39;</strong></span> <span class='ocrx_word' id='word_1_285' title='bbox 1661 3187 1803 3215; x_wconf 83' lang='lat' dir='ltr'><strong>means</strong></span> <span class='ocrx_word' id='word_1_286' title='bbox 1850 3187 1932 3213; x_wconf 87' lang='lat' dir='ltr'><strong>ser-</strong></span> 
     </span>
     <span class='ocr_line' id='line_1_36' title="bbox 242 3230 1202 3284; baseline 0.003 -14"><span class='ocrx_word' id='word_1_287' title='bbox 242 3231 259 3254; x_wconf 81' lang='lat'><em>2</em></span> <span class='ocrx_word' id='word_1_288' title='bbox 287 3230 536 3284; x_wconf 72' lang='lat' dir='ltr'><strong>Badmleyn]</strong></span> <span class='ocrx_word' id='word_1_289' title='bbox 577 3230 860 3284; x_wconf 78' lang='lat' dir='ltr'><strong>Beadotheng,</strong></span> <span class='ocrx_word' id='word_1_290' title='bbox 901 3231 943 3274; x_wconf 84' lang='lat' dir='ltr'><strong>S.</strong></span> <span class='ocrx_word' id='word_1_291' title='bbox 977 3230 1032 3272; x_wconf 90' lang='lat' dir='ltr'><strong>V.</strong></span> <span class='ocrx_word' id='word_1_292' title='bbox 1088 3236 1202 3273; x_wconf 80' lang='lat' dir='ltr'><strong>vant.</strong></span> 
     </span>
    </p>
   </div>
  </div>
 </body>
</html>
