2216 3554
295 157 390 204 130
866 153 1094 202 Historia
1128 153 1465 203 Ecclesiastica
1827 154 1961 224 [ΠΒ.
1987 172 2046 206 11.

290 301 570 335 conversam
605 301 707 334 esse
741 285 930 345 didicit,
969 286 1102 334 misit
1137 285 1295 335 eidem
1331 285 1537 333 Paulino
1573 285 1790 348 pallium,
1827 286 1959 335 misit
1996 293 2046 336 et

344 415 468 458 Apall
488 417 573 451 sent
630 368 736 431 regi
774 366 988 416 AEduino
1030 368 1194 416 literas
1242 366 1612 424 exhortatorias,
1655 371 1857 430 paterna
1905 369 2045 417 illum

339 466 381 500 to
397 465 578 500 Paulinus
632 451 831 500 caritate
865 451 1142 510 accendens,
1167 455 1224 499 ut
1247 450 1298 497 in
1323 450 1416 498 fide
1440 449 1662 498 veritatis
1687 467 1831 513 quam
1854 469 2047 515 accepe-

336 515 433 550 from
449 515 580 552 Rome.
631 537 757 593 rant,
780 532 1036 596 persistere
1061 549 1249 596 semper
1275 549 1330 580 ac
1354 532 1583 594 proficere
1607 538 1846 583 curarent.
1916 534 2046 595 Qua-

288 631 398 662 rum
422 615 646 664 videlicet
669 616 922 664 literarum
946 615 1038 664 iste
1063 620 1136 663 est
1159 615 1278 662 ordo
1304 631 1315 662 t

360 701 372 724 ‘
390 698 600 747 Domino
625 697 1028 747 excellentissimo
1052 703 1196 761 atque
1228 696 1670 761 praecellentissimo
1704 697 1805 745 filio
1830 697 2045 746 AEduino

372 793 543 835 A.1>.634.
627 781 732 844 regi
756 779 1041 843 Anglorum,
1061 778 1311 828 Honorius
1335 779 1587 843 episcopus
1609 797 1774 828 servus
1795 797 2045 829 servorum

287 864 398 923 Dei,
434 865 654 913 salutem.
742 863 823 910 Ita
869 861 1258 910 Christianitatis
1303 866 1479 909 vestrae
1516 861 1773 924 integritas
1809 862 1934 911 circa
1969 863 2046 911 sui

287 946 553 995 conditoris
604 945 791 994 cultum
837 943 951 992 fidei
993 947 1067 992 est
1101 944 1272 991 ardore
1307 960 1545 1003 succensa,
1582 948 1639 992 ut
1673 944 1814 1008 longe
1849 945 2045 1009 lateque

286 1029 599 1092 resplendeat,
627 1033 675 1077 et
711 1027 764 1075 in
799 1026 931 1074 omni
966 1025 1149 1073 mundo
1185 1025 1477 1074 adnunciata
1510 1025 1661 1074 vestri
1696 1027 1852 1090 operis
1876 1027 2044 1075 multi-

284 1111 477 1174 pliciter
511 1111 689 1158 referat
723 1109 951 1157 fructum.
1027 1108 1108 1156 Sic
1144 1108 1273 1155 enim
1309 1124 1395 1156 vos
1431 1125 1570 1171 reges
1605 1125 1707 1157 esse
1742 1109 2042 1173 cognoscitiS,

285 1193 402 1242 dum
455 1192 643 1255 Regem
693 1196 743 1240 et
791 1191 1069 1240 Creatorem
1118 1196 1337 1238 vestrum
1387 1191 1658 1238 orthodoxa
1702 1192 2044 1254 praedicatione

285 1274 456 1334 edocti,
483 1274 644 1322 Deum
668 1274 942 1322 venerando
975 1272 1186 1332 creditis,
1210 1272 1366 1335 eique,
1390 1273 1520 1335 quod
1543 1273 1754 1321 humana
1781 1275 1910 1323 valet
1933 1293 2043 1324 con-

285 1357 419 1416 ditio,
471 1356 648 1404 mentis
699 1362 872 1405 vestrae
926 1355 1159 1404 sinceram
1219 1354 1526 1402 devotionem
1579 1355 1840 1404 exsolvitis.
1913 1358 2044 1419 Quid

284 1438 414 1486 enim
437 1438 542 1486 Deo
567 1443 734 1486 nostro
758 1437 890 1486 aliud
915 1437 1085 1485 offerre
1111 1436 1393 1496 valebimus,
1419 1436 1514 1484 nisi
1538 1441 1595 1485 ut
1618 1437 1669 1484 in
1693 1438 1832 1486 bonis
1856 1440 2044 1488 actibus

283 1520 610 1583 persistentes,
630 1521 887 1584 ipsumque
905 1524 1153 1568 auctorem
1176 1518 1379 1566 humani
1401 1520 1593 1582 generis
1612 1519 1907 1581 confitentes,
1932 1539 2043 1570 eum

282 1603 453 1663 colere,
473 1603 613 1666 eique
636 1609 750 1651 vota
774 1608 939 1650 nostra
961 1601 1162 1650 reddere
1187 1601 1505 1650 festinemus?
1574 1602 1641 1650 Et
1659 1602 1782 1662 ideo,
1807 1604 2042 1653 excellen-

281 1685 465 1734 tissime
480 1685 563 1744 fili,
583 1690 786 1749 paterna
803 1701 889 1733 vos
909 1685 1110 1732 caritate
1136 1700 1233 1748 qua
1252 1684 1495 1742 convenit,
1517 1683 1845 1744 exhortamur,
1871 1692 1927 1735 ut
1951 1687 2043 1737 hoc

281 1769 409 1832 quod
432 1784 519 1816 vos
541 1767 710 1816 divina
732 1766 1060 1815 misericordia
1084 1767 1145 1815 ad
1169 1783 1307 1815 suam
1325 1766 1530 1829 gratiam
1549 1784 1719 1816 vocare
1737 1768 1937 1831 dignata
1952 1773 2040 1828 est,

284 1851 490 1899 sollicita
540 1850 811 1898 intentione
848 1854 898 1898 et
932 1849 1150 1897 adsiduis
1200 1849 1497 1897 orationibus
1533 1866 1722 1897 servare
1759 1851 2038 1900 omnimodo

281 1933 549 1993 festinetis3
587 1937 644 1981 ut
679 1933 764 1997 qui
800 1950 886 1981 vos
923 1933 974 1979 in
1010 1930 1240 1995 praesenti
1275 1932 1451 1979 saeculo
1481 1949 1542 1979 ex
1566 1932 1698 1979 omni
1723 1949 1879 1981 errore
1903 1935 2040 1983 abso-

282 2016 410 2063 lutos
459 2016 521 2064 ad
569 2015 869 2078 agnitionem
910 2015 985 2062 sui
1032 2014 1244 2062 nominis
1285 2018 1361 2062 est
1402 2014 1633 2077 dignatus
1668 2015 1944 2078 perducere,
1991 2021 2041 2066 et

281 2098 484 2146 caelestis
507 2097 678 2161 patriae
703 2097 840 2146 vobis
864 2102 1107 2160 praeparet
1130 2096 1444 2145 mansionem.
1514 2096 1852 2145 Praedicatoris
1887 2098 2040 2163 igitur

281 2181 432 2230 vestri
484 2180 671 2228 domini
723 2179 820 2228 mei
871 2179 1147 2243 apostolicae
1201 2179 1443 2228 memoriae
1493 2178 1716 2243 Gregorii
1764 2179 2041 2244 frequenter

280 2264 484 2312 lectione
503 2263 520 2290 ¹
545 2262 781 2326 occupati,
800 2279 900 2326 prae
926 2262 1076 2310 oculis
1101 2261 1324 2310 affectum
1349 2261 1580 2311 doctrinae
1599 2261 1767 2324 ipsiuS,
1788 2279 1931 2326 quem
1949 2280 2039 2327 pro

283 2346 453 2394 vestris
502 2346 752 2394 animabus
802 2345 1012 2392 libenter
1061 2345 1291 2403 exercuit,
1334 2343 1594 2393 habetote:
1650 2351 1889 2408 quatenus
1936 2345 2040 2410 eJus

281 2427 451 2486 oratio,
488 2432 537 2476 et
573 2444 774 2490 regnum
814 2430 1030 2474 vestrum
1075 2427 1408 2490 populumque
1448 2431 1637 2491 augeat,
1675 2432 1725 2475 et
1758 2444 1846 2476 vos
1881 2428 2038 2477 omni-

279 2509 468 2574 potenti
517 2509 623 2557 Deo
671 2509 1123 2572 inreprehensibiles
1172 2513 1501 2573 repraesentet.
1589 2509 1664 2558 Ea
1710 2527 1825 2558 vero
1866 2527 1975 2575 quae
2008 2529 2039 2561 a

280 2593 419 2642 nobis
443 2609 530 2656 pro
554 2591 729 2640 vestris
754 2592 1082 2640 sacerdotibus
1114 2592 1384 2640 ordinanda
1418 2591 1663 2655 sperastis,
1688 2591 1790 2640 haec
1812 2610 1900 2656 pro
1923 2592 2037 2642 fidei

280 2681 456 2725 vestrae
492 2673 782 2732 sinceritate,
807 2691 916 2738 quae
951 2674 1091 2722 nobis
1126 2675 1415 2723 multimoda
1443 2674 1676 2723 relatione
1708 2691 1794 2738 per
1828 2692 2035 2739 praesen-

279 2758 407 2807 tium
440 2756 700 2821 portitores
735 2757 1042 2805 laudabiliter
1087 2757 1331 2805 insinuata
1377 2762 1464 2816 est,
1501 2756 1720 2821 gratuito
1753 2758 1917 2807 animo
1950 2760 2034 2807 ad-

282 2840 497 2889 tribuere
520 2839 620 2886 ulla
644 2839 747 2887 sine
770 2838 1003 2887 dilatione
1026 2839 1350 2903 praevidemus
1366 2855 1379 2900 ;
1418 2845 1468 2888 et
1499 2840 1594 2887 duo
1623 2839 1770 2903 pallia
1792 2844 2035 2907 utrorum-

282 2939 376 2987 que
400 2920 892 2985 metropolitanorum,
918 2921 970 2968 id
994 2927 1080 2981 est,
1107 2921 1330 2970 Honorio
1363 2927 1411 2970 et
1448 2922 1649 2970 Paulino
1674 2921 1951 2980 direximus,
1976 2925 2035 2971 ut

282 3005 401 3052 dum
424 3003 534 3068 quis
556 3020 725 3052 eorum
749 3002 808 3051 de
831 3002 920 3052 hoc
945 3004 1118 3051 saeculo
1142 3005 1204 3052 ad
1239 3007 1484 3053 auctorem
1520 3021 1664 3053 suum
1698 3004 1847 3052 fuerit
1880 3019 2033 3053 arces-

337 3112 351 3135 ¹
391 3111 574 3165 lectione]
646 3111 883 3164 Gregorius’
942 3112 1129 3164 writings
1183 3113 1287 3153 time
1346 3126 1458 3154 some
1505 3126 1615 3153 were
1661 3112 1833 3153 ordered
1883 3116 1928 3153 to
1979 3113 2032 3153 be

283 3181 389 3207 were
432 3167 558 3206 much
604 3166 706 3206 used
751 3166 1007 3217 throughout
1056 3168 1130 3206 the
1186 3167 1371 3221 publicly
1399 3168 1501 3209 read
1539 3181 1594 3208 on
1624 3168 1757 3221 vigila.
1813 3167 1920 3221 Epp.
1954 3167 2027 3208 xii.

283 3222 476 3262 Western
494 3222 675 3262 Ghureh.
731 3221 850 3261 Even
878 3222 924 3260 in
942 3221 1012 3260 -his
1039 3221 1130 3261 life·
1190 3234 1254 3274 24.
