2216 3554
107 166 226 216 CAP.
242 163 338 235 1x‚]
728 167 895 217 Gentis
932 166 1208 229 Anylorum.
1750 174 1844 220 109

105 299 256 346 fratre
291 299 395 363 ejus
428 298 712 366 AEodbafflo,
743 298 837 362 qui
873 302 989 345 tunc
1022 314 1173 360 regno
1212 296 1588 346 Cantuariorum
1622 306 1844 362 praeerat,

102 385 316 442 peteret:
354 397 634 444 responsum
659 385 744 439 est,
771 397 869 427 non
897 396 998 427 esse
1029 380 1220 428 licitum
1255 378 1584 428 Christianam
1608 381 1846 444 virginem

102 478 291 524 pagano
323 463 373 510 in
402 463 652 526 conjugem
676 461 795 521 dari,
820 478 881 510 ne
913 461 1032 509 fides
1065 465 1115 510 et
1147 465 1442 509 sacramenta
1471 462 1677 511 coelestis
1700 464 1846 527 Regis

103 545 350 594 consortio
383 545 751 609 profanarentur
774 544 903 607 regis
939 544 1023 607 qui
1055 543 1159 592 veri
1196 543 1289 592 Dei
1314 544 1471 594 cultus
1490 550 1619 593 esset
1649 562 1846 608 prorsus

102 626 313 689 ignarus.
385 628 504 688 Quae
533 644 644 674 cum
668 626 880 674 AEduino
905 627 1051 674 verba
1079 626 1245 674 nuncii
1272 627 1520 686 referrent,
1546 627 1771 690 promisit
1796 645 1846 676 se

100 709 171 756 nil
195 710 481 757 omnimodis
505 702 799 757 contrarium
827 709 1117 757 Christianae
1148 709 1259 757 fidei
1293 726 1440 773 quam
1471 709 1610 773 virgo
1643 710 1842 768 colebat,

100 807 200 839 esse
241 793 511 840 facturum:
555 791 675 854 quin
709 791 872 854 potius
906 792 1254 855 permissurum
1290 795 1346 840 ut
1380 792 1524 840 fidem
1563 793 1845 856 cultumque

99 891 198 922 suae
240 874 487 939 religionis
532 891 641 922 cum
682 874 907 922 omnibus
953 874 1039 939 qui
1086 891 1245 924 secum
1279 875 1542 934 venissent,
1579 875 1701 924 viris
1742 876 1844 924 sive

98 957 305 1016 feminis,
348 956 672 1005 sacerdotibus
710 973 795 1004 seu
834 957 1084 1017 ministris,
1122 974 1256 1006 more
1292 957 1571 1007 Christiano
1612 963 1841 1007 servaret.

98 1040 271 1103 Neque
293 1038 547 1102 abnegavit
572 1055 621 1087 se
639 1038 784 1087 etiam
804 1040 1004 1088 eandem
1028 1040 1307 1088 subiturum
1330 1058 1431 1089 esse
1453 1040 1736 1104 religionem
1752 1058 1764 1101 ;
1802 1042 1844 1089 si

96 1126 259 1169 tamen
283 1122 554 1171 examinata
587 1139 617 1171 a
651 1122 972 1186 prudentibus
1009 1122 1218 1171 sanctior
1248 1140 1304 1172 ac
1335 1123 1441 1172 Deo
1465 1123 1660 1188 dignior
1681 1131 1843 1187 posset

95 1204 318 1254 inveniri.

164 1287 338 1350 Itaque
375 1287 684 1351 promittitur
716 1287 871 1352 virgo,
909 1291 1058 1353 atque
1093 1288 1308 1337 AEduino
1349 1288 1580 1348 mittitur,
1617 1292 1666 1337 et
1701 1291 1843 1352 juxta

95 1371 223 1434 quod
259 1370 547 1433 dispositum
583 1370 755 1430 fuerat,
795 1371 1050 1419 ordinatur
1086 1372 1337 1435 episcopus
1377 1372 1454 1419 vir
1494 1371 1600 1419 Deo
1637 1372 1842 1420 dilectus

95 1452 357 1500 Paulinus¹
404 1453 487 1517 qui
534 1471 642 1502 cum
690 1454 774 1502 illa
813 1454 1013 1514 veniret,
1054 1471 1257 1518 eamque
1290 1460 1339 1502 et
1376 1454 1575 1502 comites
1616 1456 1734 1516 ejus,
1781 1472 1842 1503 ne

91 1549 386 1595 paganorum
419 1540 617 1598 possent
647 1536 872 1584 societate
903 1536 1072 1600 pollui,
1106 1536 1391 1599 quotidiana
1426 1536 1760 1584 exhortatione
1792 1543 1842 1586 et

90 1622 500 1663 sacramentorum
525 1617 788 1665 caelestium
812 1618 1130 1666 celebratione
1154 1617 1474 1666 confirmaret.

159 1698 425 1746 Ordinatus
448 1704 521 1746 est
545 1703 708 1747 autem
729 1700 957 1748 Paulinus
982 1701 1234 1764 episcopus
1253 1718 1281 1748 a
1299 1701 1331 1748 J
1334 1706 1443 1748 usto
1468 1700 1838 1765 archiepiscopo,

90 1780 179 1827 sub
202 1780 280 1827 die
296 1782 312 1807 ²
341 1781 623 1830 duodecima
653 1782 970 1830 kalendarum
997 1783 1346 1846 Augustarum,
1371 1800 1497 1832 anno
1575 1815 1757 1851 Paulinus

87 1862 148 1910 ab
207 1862 536 1911 incarnatione
600 1864 800 1911 Domini
860 1865 1205 1913 sexcentesimo
1268 1865 1493 1914 vicesimo
1547 1867 1790 1957 θῖἳξῧξῗὲἳᾶ

88 1945 258 2008 quinto
277 1961 287 1993 ε
327 1950 377 1992 et
398 1945 467 1993 sic
490 1963 602 1994 cum
620 1947 825 2009 praefata
843 1947 1031 2009 virgine
1050 1948 1112 1995 ad
1136 1964 1299 2012 regem
1322 1948 1495 1995 AEdui-
1518 1963 1634 2004 York,
1652 1965 1745 2007 July
1765 1976 1818 2006 21,

87 2043 204 2075 num
223 2027 360 2091 quasi
379 2045 535 2077 comes
555 2029 739 2092 copulae
765 2029 972 2078 carnalis
996 2029 1206 2078 advenit.
1279 2030 1374 2078 Sed
1398 2030 1499 2094 ipse
1583 2016 1758 2055 A'D'625‘

86 2109 246 2173 potius
273 2115 377 2159 toto
412 2111 574 2160 animo
610 2112 880 2173 intendens,
905 2118 962 2161 ut
996 2117 1192 2178 gentem
1225 2129 1372 2176 quam
1405 2114 1588 2174 adibat,
1614 2115 1676 2162 ad
1708 2117 1840 2180 agni-

85 2192 266 2240 tionem
313 2193 536 2243 veritatis
586 2195 838 2255 advocans,
881 2196 1027 2259 juxta
1075 2195 1276 2243 vocem³
1323 2197 1545 2259 apostoli,
1593 2197 1681 2245 uni
1734 2199 1840 2247 viro

85 2290 258 2338 sponso
291 2275 530 2340 virginem
566 2281 746 2326 castam
781 2277 1033 2326 exhiberet
1068 2277 1282 2327 Christo,
1372 2278 1596 2343 Cumque
1635 2280 1688 2328 i1‘1
1728 2299 1840 2345 pro-

85 2356 292 2406 vinciam
310 2358 535 2419 venisset,
554 2359 792 2409 laboravit
811 2355 1039 2421 multum,
1057 2365 1115 2409 ut
1135 2364 1185 2409 et
1209 2377 1290 2408 eos
1310 2361 1392 2424 qui
1412 2378 1575 2409 secum
1591 2368 1839 2422 venerant,

84 2456 144 2487 ne
175 2456 204 2488 a
232 2439 326 2489 fide
350 2441 621 2502 deficerent,
647 2442 861 2491 Domino
890 2444 1152 2507 adjuvante
1177 2443 1459 2503 contineret,
1487 2450 1535 2493 et
1567 2446 1770 2509 aliquos,
1799 2448 1840 2494 si

84 2521 206 2571 forte
228 2528 402 2586 posset,
427 2526 485 2573 de
509 2526 708 2590 paganis
733 2526 795 2573 ad
818 2526 933 2573 fidei
958 2526 1166 2590 gratiam
1191 2526 1497 2590 praedicando
1522 2534 1837 2578 converteret.

85 2605 180 2654 Sed
202 2605 325 2655 sicut
348 2609 596 2671 apostolus
619 2609 688 2657 ait
701 2606 735 2669 4,
756 2610 978 2673 quamvis
1003 2610 1158 2658 multo
1176 2615 1391 2673 tempore
1415 2611 1499 2659 illo
1518 2612 1769 2662 laborante
1787 2615 1839 2661 in

83 2721 178 2748 man
206 2709 314 2755 Zeiz,
334 2711 416 2750 and
443 2711 510 2751 old
529 2712 662 2751 Norse
680 2713 822 2760 Teitr;
850 2712 932 2752 and
1043 2711 1058 2735 ¹
1078 2713 1299 2766 Paulinus]
1331 2714 1432 2756 Sent
1452 2715 1556 2755 from
1575 2716 1718 2762 Rome,
1738 2718 1839 2757 with

83 2764 200 2803 these
246 2765 469 2817 adjectives
517 2767 665 2807 denote
707 2766 930 2817 “hilaris,”
987 2768 1126 2808 others
1193 2771 1520 2823 accompanying
1574 2772 1837 2819 Laurentius,

83 2818 364 2870 “jucundus‚’'
386 2821 640 2861 “eximius.'’
696 2822 801 2861 'rate
819 2826 931 2861 must
987 2833 1074 2865 A.D,
1105 2822 1198 2872 601,
1234 2837 1274 2876 p.
1311 2831 1375 2876 71.
1433 2825 1550 2866 Thus
1587 2827 1639 2866 he
1672 2841 1756 2866 was
1794 2828 1838 2866 in

83 2873 282 2913 therefore
306 2875 358 2913 be
383 2876 621 2915 considered
638 2889 683 2915 as
709 2890 735 2916 a
757 2880 865 2915 term
890 2876 936 2915 of
986 2878 1106 2918 Kent
1141 2883 1186 2918 at
1222 2880 1295 2918 the
1337 2879 1441 2920 time
1482 2882 1598 2921 when
1636 2881 1838 2921 Redwald

81 2929 348 2968 endearment
376 2930 499 2981 given
527 2931 584 2982 by
612 2931 686 2970 her
714 2931 860 2983 family
887 2935 932 2971 to
986 2946 1070 2972 was
1092 2933 1286 2986 baptized
1310 2934 1440 2980 there,
1462 2949 1500 2987 p.
1523 2935 1611 2983 126,
1632 2936 1715 2974 and
1740 2950 1837 2986 may

82 2982 154 3022 the
188 2983 314 3035 lady!
372 2982 566 3028 Kembse.
603 2985 806 3026 Arehaeol.
841 2986 929 3027 Soc.
985 2987 1092 3027 have
1117 2988 1235 3037 been,
1271 3002 1316 3029 as
1342 2989 1482 3036 Hook,
1505 2991 1532 3030 i.
1560 3002 1649 3036 100,
1677 2990 1836 3029 invited

87 3037 203 3089 1845,
230 3052 271 3090 p.
298 3050 365 3090 95.
422 3039 492 3078 He
523 3045 712 3091 suggests
741 3045 806 3079 too
835 3040 930 3080 that
985 3046 1030 3082 to
1049 3043 1121 3082 the
1141 3043 1437 3096 East-Angles.

82 3090 200 3138 Tate,
225 3106 271 3132 or
300 3094 372 3132 the
395 3094 596 3133 Teutonic
621 3094 796 3145 goddess
819 3095 930 3142 Ziza,
1038 3096 1055 3120 ²
1074 3098 1143 3138 die
1163 3127 1173 3137 .
1196 3128 1206 3138 .
1228 3130 1237 3138 .
1259 3100 1418 3152 quinto]
1487 3099 1518 3138 J
1524 3099 1595 3150 uly
1641 3110 1703 3146 21,
1748 3109 1834 3138 ΑΒ.

81 3158 179 3199 may
192 3147 300 3186 have
312 3148 417 3187 been
436 3148 507 3187 the
520 3162 632 3188 same
646 3149 749 3188 with
764 3150 930 3197 Nauna,
987 3150 1037 3192 62
1044 3164 1081 3204 5.

83 3199 156 3240 the
192 3202 288 3242 wife
326 3203 371 3241 of
402 3203 542 3244 Baldr.
599 3203 852 3256 Anglo-Sax.
886 3205 931 3245 in
1039 3208 1054 3230 ³
1073 3207 1221 3260 vocem]
1248 3221 1266 3247 2
1290 3208 1383 3248 Cor.
1404 3208 1460 3247 xi.
1484 3219 1519 3246 2.

85 3254 206 3307 Engl.
226 3257 251 3296 i.
276 3256 368 3308 368.
916 3303 920 3307 ,
1039 3261 1054 3284 4
1072 3263 1153 3317 ait]
1177 3263 1242 3303 Ib.
1263 3263 1318 3303 iv.
1339 3276 1378 3315 4.
