2216 3554
136 205 255 255 CAP.
282 204 423 274 xnn]

785 207 950 256 Gentis
986 206 1268 269 Anqzorum.
1788 213 1883 258 123

133 337 244 385 licet
280 345 462 402 quanto
499 337 763 387 studiosius
797 338 850 385 in
886 354 940 385 eo
976 337 1111 385 cultu
1145 337 1402 385 verit-atem
1434 338 1721 401 quaerebam,
1746 345 1885 388 tanto

134 420 296 468 minus
331 421 651 485 inveniebam.
722 421 868 468 Nunc
903 423 1068 468 autem
1102 425 1267 482 aperte
1295 419 1537 483 profiteor,
1562 421 1676 484 quia
1695 411 1762 468 'in
1796 422 1886 470 hac

134 503 475 564 praedicatione
498 503 679 551 veritas
702 503 851 551 claret
884 502 984 560 illa,
1009 518 1117 565 quae
1149 502 1289 549 nobis
1313 502 1444 561 vitae,
1469 503 1640 550 salutis
1664 507 1713 551 et
1736 504 1886 551 beati-

132 585 320 633 tudinis
354 590 547 634 aeternae
586 586 711 633 dona
745 585 875 633 valet
915 584 1144 632 tribuere.
1238 584 1384 633 Unde
1430 601 1650 648 suggero,
1689 602 1792 643 rex,
1829 590 1887 633 ut

134 668 317 729 templa
352 673 402 716 et
434 668 609 716 altaria
645 685 752 731 quae
794 668 896 715 sine
931 667 1094 715 fructu
1120 666 1364 715 'utilitatis
1404 667 1715 726 sacravimus,
1753 668 1887 716 ocius

133 749 428 798 anathemati
451 756 500 798 et
530 750 636 814 igni
665 749 1033 798 contradamus.'
1105 750 1236 811 Quid
1269 750 1411 813 plura
1428 750 1691 813 24praebuit
1726 750 1886 814 palam

134 832 389 880 adsensum
435 833 784 896 evangelizanti
829 833 973 881 beato
1035 832 1245 881 Paulino
1297 849 1398 892 rex,
1447 838 1497 880 et
1542 833 1886 881 abrenunciata

133 914 374 975 idolatria,
411 914 556 963 fidem
598 932 649 963 se
695 915 880 964 Christi
926 916 1168 978 suscipere
1213 916 1458 964 confessus
1504 921 1592 965 est.
1664 915 1886 979 Cumque

135 1012 163 1042 a
210 996 411 1059 praefato
455 997 684 1060 pontifice
731 1015 975 1046 sacrorum
1018 1014 1215 1046 suorum
1261 1004 1511 1061 quaereret,
1551 998 1660 1061 quis
1695 1015 1802 1046 aras
1837 1003 1886 1046 et

134 1078 278 1126 fana¹
312 1079 555 1127 idolorum
595 1098 705 1129 cum
747 1081 899 1144 septis
946 1081 1126 1144 quibus
1171 1087 1310 1129 erant
1351 1081 1659 1142 circumdata,
1699 1081 1887 1145 primus

136 1161 389 1222 profanare
430 1162 625 1211 deberet
640 1179 654 1223 ;
692 1162 776 1211 ille
809 1163 1092 1226 respondit:
1131 1163 1282 1226 ‘Ega
1368 1163 1489 1224 Quis
1523 1163 1651 1211 enim
1687 1181 1742 1212 ea
1777 1180 1886 1227 quae

134 1260 223 1306 per
256 1244 515 1294 stultitiam
550 1245 690 1306 colui,
722 1263 852 1294 nunc
886 1245 949 1294 ad
982 1245 1256 1309 exemplum
1292 1246 1508 1293 omnium
1542 1246 1705 1309 aptius
1740 1263 1886 1310 quam

135 1324 238 1387 ipse
283 1343 371 1389 per
416 1327 701 1391 sapientiam
748 1328 868 1377 mihi
914 1345 943 1376 a
990 1328 1096 1376 Deo
1141 1345 1256 1376 vero
1301 1328 1530 1376 donatam
1575 1329 1822 1378 destruam
1839 1330 1857 1376 2
1874 1330 1886 1348 '

136 1407 410 1472 Statimque
427 1411 611 1473 abjecta
629 1411 970 1474 superstitione
987 1410 1232 1470 vanitatis,
1252 1411 1443 1474 rogavit
1461 1411 1553 1459 sibi
1570 1427 1732 1474 regem
1749 1429 1887 1460 arma

136 1490 252 1539 dare
297 1498 346 1540 et
392 1509 569 1556 equum
616 1494 931 1553 emissarium,
979 1510 1123 1557 quem
1163 1495 1436 1553 ascendens,
1484 1493 1546 1542 ad
1598 1526 1840 1562 hntanation

136 1573 266 1622 idola
300 1575 591 1624 destruenda
615 1577 813 1626 veniret.
886 1577 1003 1625 Non
1031 1576 1162 1624 enim
1192 1576 1395 1625 lIcuerat
1429 1593 1547 1640 pon·
1621 1578 1819 1668 te‘iixsslllgat

136 1655 317 1704 tificem
341 1673 585 1705 sacrorum
609 1659 686 1707 vel
710 1676 843 1707 arma
875 1659 1017 1717 ferre,
1042 1660 1119 1707 vel
1143 1665 1319 1722 praeter
1341 1659 1392 1706 in
1425 1676 1548 1722 equa
1613 1675 1824 1711 Goodman-

136 1738 366 1801 equitare.
435 1740 700 1789 Accinctus
724 1758 837 1804 ergo
861 1741 1022 1805 gladio
1045 1741 1230 1804 accepit
1260 1741 1470 1789 lanceam
1494 1741 1546 1788 in
1662 1725 1763 1759 ham.

136 1838 298 1880 manu,
323 1826 373 1869 et
396 1823 657 1870 ascendens
680 1823 983 1871 emissarium
1008 1823 1146 1886 regiS,
1173 1824 1405 1886 pergebat
1437 1824 1497 1872 ad
1528 1824 1671 1873 idola.
1742 1825 1887 1886 Quod

135 1903 372 1966 aspiciens
418 1904 605 1968 vulgus,
654 1906 927 1954 aestimabat
968 1922 1080 1954 eum
1119 1906 1344 1954 insanire.
1414 1907 1517 1956 Nec
1559 1907 1750 1955 distulit
1789 1907 1888 1966 ille,

138 2003 251 2033 mox
282 1992 338 2034 ut
362 1988 618 2051 propiabat
641 1989 702 2036 ad
727 1989 908 2045 fanum,
934 1989 1189 2052 profanare
1213 1989 1346 2048 illud,
1373 1989 1549 2052 injecta
1572 1990 1623 2036 in
1647 2006 1702 2037 eo
1725 1989 1889 2038 lancea

137 2085 283 2131 quam
307 2071 528 2118 tenebat:
567 2070 872 2135 multumque
896 2071 1089 2135 gavisus
1113 2072 1172 2120 de
1195 2072 1442 2136 agnitione
1465 2072 1568 2120 veri
1592 2072 1687 2120 Dei
1715 2072 1887 2130 cultus,

132 2151 278 2212 jussit
313 2152 453 2200 sociis
478 2153 726 2202 destruere
754 2171 808 2202 ac
844 2154 1131 2202 succendere
1166 2154 1332 2202 fanum
1357 2172 1467 2203 cum
1490 2154 1715 2203 omnibus
1740 2155 1889 2217 septis

137 2232 253 2281 suis.
314 2233 602 2282 Ostenditur
626 2240 788 2284 autem
812 2236 946 2284 locus
977 2236 1060 2284 ille
1090 2237 1335 2300 quondam
1357 2236 1598 2285 idolorum
1622 2255 1719 2286 non
1746 2238 1888 2301 longe

139 2315 201 2362 ab
216 2315 440 2364 Eburaco
456 2317 516 2364 ad
533 2317 797 2376 Orientem,
815 2318 944 2366 ultra
963 2335 1152 2366 amnem
1173 2319 1602 2380 Doruventionem,
1623 2326 1672 2368 et
1687 2328 1890 2368 vocatur

139 2397 281 2445 hodie
320 2397 841 2462 Godmunddingaham
855 2402 886 2460 ²,
930 2401 1016 2449 ubi
1062 2401 1283 2464 pontifex
1324 2401 1428 2464 ipse
1472 2402 1738 2466 inspirante
1784 2402 1889 2451 Deo

139 2496 252 2528 vero
288 2481 466 2543 polluit
502 2497 556 2529 ac
591 2482 836 2532 destruxit
870 2499 950 2531 eas
985 2499 1102 2547 quas
1136 2483 1240 2547 ipse
1274 2491 1547 2533 sacraverat
1582 2502 1689 2534 aras
1702 2486 1732 2533 ³.

196 2667 210 2690 ¹
231 2669 346 2720 fana
375 2699 385 2709 .
405 2699 414 2709 .
437 2698 447 2709 .
472 2669 749 2722 circumdata]
782 2637 872 2710 The
901 2670 987 2710 Ad-

1042 2674 1115 2710 ton
1133 2671 1250 2711 itself
1261 2671 1297 2711 is
1323 2671 1525 2724 probably
1543 2685 1570 2712 a
1587 2673 1827 2726 corruption
1846 2672 1895 2711 of

142 2723 296 2762 ditions
333 2727 378 2762 to
406 2723 590 2763 eamden
627 2729 758 2764 assert
791 2725 885 2764 that
916 2726 988 2764 the

1042 2726 1245 2778 Wig-ton,
1267 2728 1279 2747 ‘
1290 2726 1529 2772 idol-town‚’
1546 2728 1630 2767 and
1659 2741 1703 2766 so
1723 2741 1819 2780 may
1837 2727 1889 2766 be

142 2778 280 2817 Saxon
298 2778 472 2829 temples
491 2792 598 2818 were
615 2784 691 2818 not
709 2779 895 2825 covered,
911 2780 989 2819 but

143 2846 251 2871 were
288 2833 386 2883 only
418 2833 547 2872 altars
587 2834 657 2883 (cf.
693 2839 702 2855 ⁶
718 2832 905 2885 wigbed,’
943 2848 990 2873 or

144 2885 378 2931 ‘weosodu‚'
409 2887 451 2927 S.
472 2887 545 2938 V.)
587 2888 843 2928 surrounded
886 2888 989 2928 with

144 2956 170 2982 a
199 2942 331 2993 hedge
349 2945 393 2981 to
420 2941 567 2981 defend
585 2943 699 2982 them
718 2942 822 2982 from
848 2944 988 2983 cattle.

144 2997 342 3041 eamden,
361 2996 418 3035 iii.
441 3008 532 3046 315.

199 3050 215 3073 ²
245 3050 712 3104 Godmumldinyaham]
729 3051 990 3104 ‘Protecting

146 3106 266 3145 home
281 3107 326 3145 of
332 3106 403 3145 the
414 3105 541 3158 god-1,9
559 3118 649 3145 now
661 3106 985 3156 Goodmanham,

145 3174 246 3200 near
274 3160 447 3199 Market
469 3160 700 3212 Weighton.
759 3161 840 3200 For
866 3174 893 3200 a
919 3161 986 3201 de-

145 3215 341 3267 scription
369 3215 416 3254 of
437 3214 508 3254 the
537 3218 703 3266 present
730 3215 891 3267 village,
921 3229 989 3256 see

147 3268 357 3322 Murray's
374 3269 617 3315 Yorkshire,
632 3282 671 3321 p.
692 3281 781 3320 131.
819 3270 990 3324 Weigh-

1043 2780 1116 2819 the
1134 2794 1246 2820 same
1259 2781 1364 2820 with
1383 2782 1457 2821 the
1471 2782 1634 2821 Roman
1649 2781 1889 2834 Delgovitia

1046 2835 1454 2888 (‘delgwe,’Kymric
1465 2837 1526 2876 for
1536 2837 1724 2889 images),
1740 2836 1887 2880 which,

1044 2889 1247 2930 Antonin.
1264 2903 1302 2942 p.
1316 2904 1385 2930 xx.
1399 2891 1591 2936 M.H.B.,
1604 2905 1688 2931 was
1704 2891 1887 2930 thirteen

1042 2944 1159 2984 miles
1174 2945 1278 2984 from
1293 2945 1550 2985 Doruventio
1567 2945 1787 2998 (Auldby),
1803 2944 1886 2981 and

1043 2999 1312 3053 twenty-four
1327 2999 1434 3040 from
1455 3000 1587 3048 York,
1610 3013 1661 3039 on
1690 2999 1762 3038 the
1784 2997 1886 3036 road

1043 3056 1088 3092 to
1116 3054 1359 3095 Praetorium
1384 3055 1710 3107 (Patrington2).
1766 3052 1885 3091 Cam-

1041 3107 1135 3156 den,
1155 3109 1214 3150 iii.
1236 3121 1329 3159 312,
1349 3121 1441 3159 313.

1096 3163 1112 3186 ³
1139 3177 1241 3216 quas
1282 3164 1366 3215 ipse
1403 3165 1632 3205 sacraverat
1663 3159 1781 3212 aras]
1820 3159 1886 3199 Cf.

1044 3217 1158 3271 Virg.
1178 3218 1277 3259 AEn.
1297 3218 1341 3258 ii.
1365 3229 1456 3271 502.
