2216 3554
216 168 337 217 CAP.
364 163 498 234 XXI]
855 160 1019 210 Gentis
1052 159 1340 222 Anylorum.
1867 160 1962 204 343

214 301 467 363 episcopus
501 297 635 346 Acca
676 300 893 344 cantator
925 299 1032 341 erat
1071 291 1404 355 peritissimus,
1444 289 1683 353 quomodo
1726 291 1873 338 etiam
1910 292 1961 338 in

215 383 392 430 litteris
416 381 595 430 sanctis
619 378 937 435 doctissimus,
963 381 1011 423 et
1040 375 1092 421 in
1117 373 1363 421 catholicae
1388 372 1501 419 fidei
1525 372 1817 419 confessione
1842 379 1964 421 cast-

215 465 422 523 issimus,
447 465 500 511 in
535 460 865 511 ecclesiasticae
902 475 1092 522 quoque
1116 455 1441 503 institutionis
1473 455 1652 518 regulis
1688 455 1962 503 sollertissi-

214 564 323 594 mus
359 547 612 595 exstiterat
626 561 639 605 ;
689 547 739 592 et
774 541 1041 605 usquedum
1075 539 1279 603 praemia
1314 538 1407 601 piae
1442 536 1712 585 devotionis
1748 537 1963 600 accipiat,

215 631 420 678 existere
447 646 544 676 non
568 625 758 675 desistit
779 643 789 672 :
832 629 1002 687 utpote
1027 622 1112 687 qui
1135 639 1163 669 a
1193 621 1404 684 pueritia
1435 620 1487 668 in
1513 620 1639 669 clero
1675 619 1964 667 sanctissimi

214 729 269 760 ac
294 713 398 760 Deo
421 709 582 759 dilecti
607 709 734 757 Bosa
747 705 780 767 ¹,
807 706 1120 754 Eboracensis
1144 704 1369 768 episcopi,
1395 702 1612 751 nutritus
1636 711 1782 765 atque
1807 702 1965 749 erudi-

215 799 295 842 tus
325 800 424 853 est3
461 792 633 841 deinde
668 790 730 839 ad
753 788 1025 839 Vilfri-dum
1050 788 1330 850 episcopum
1366 802 1449 850 spe
1485 785 1697 833 melioris
1731 784 1965 848 propositi

215 877 486 934 adveniens,
529 890 720 923 omnem
767 872 820 919 in
867 871 967 934 ejus
1017 869 1246 933 obsequio
1293 885 1444 932 usque
1491 868 1553 916 ad
1599 867 1783 916 obitum
1833 866 1966 913 illius

215 958 428 1023 explevit
461 961 681 1007 aetatcm:
726 971 838 1003 cum
874 970 971 1017 quo
1007 953 1155 1002 etiam
1180 952 1417 1000 Romam2
1441 951 1656 1010 veniens,
1683 950 1838 998 multa
1865 949 1965 996 illic

216 1058 323 1104 quae
357 1042 407 1089 in
449 1040 606 1104 patria
646 1037 931 1102 nequiverat
973 1035 1182 1084 ecclesiae
1223 1039 1400 1082 sanctae
1442 1033 1682 1082 institutis
1718 1032 1858 1081 utilia
1895 1032 1967 1079 di-

216 1124 348 1172 dicit.

929 1302 1076 1353 OAP.
1114 1301 1249 1350 XXI.

274 1431 324 1470 Ut
338 1430 526 1482 O'eolfrid
544 1429 669 1470 abbas
688 1429 778 1481 reqi
799 1427 1012 1468 Pictorum
1034 1425 1272 1466 architectos
1300 1423 1484 1470 ecclesiae,
1504 1423 1629 1465 simul
1648 1429 1684 1467 et
1703 1425 1914 1479 epistolam

602 1499 653 1540 de
673 1498 868 1540 catholico
887 1497 1053 1549 pascha,
1071 1496 1132 1535 vel
1151 1495 1201 1535 de
1221 1499 1392 1535 tonsura
1412 1495 1585 1535 miserit.

284 1612 359 1659 Eo
383 1595 601 1675 tempore
624 1611 810 1661 Naiton
826 1610 843 1636 ³
866 1626 952 1657 rex
976 1608 1245 1664 Pictorum,
1270 1606 1356 1670 qui
1385 1607 1804 1669 septemtrionales
1829 1610 1968 1660 Brit-

217 1694 361 1742 taniae
389 1694 555 1758 plagas
579 1693 868 1752 inhabitant,
892 1691 1167 1740 admonitus
1199 1689 1621 1737 ecclesiasticarum
1694 1712 1794 1752 μᾶ),
1812 1714 1899 1754 710.]

1672 1761 1824 1803 Naiton‚
1837 1763 1930 1806 king

1682 1815 1722 1845 of
1734 1811 1918 1853 Pictland‚

218 1859 382 1919 errori,
402 1876 497 1922 quo
522 1864 716 1907 eatenus
742 1859 795 1906 111
819 1857 1152 1906 observatione
1175 1855 1391 1919 paschae*
1409 1872 1517 1903 cum
1541 1872 1628 1903 sua
1685 1862 1860 1903 enquires
1874 1863 1915 1897 01‘

217 1946 361 2004 gente
385 1942 655 2000 tenebatur,
683 1946 732 1989 et
757 1958 806 1989 se
832 1957 1036 2004 suosque
1061 1955 1226 1987 omnes
1250 1939 1311 1985 ad
1336 1938 1627 1985 catholicum
1677 1911 1920 1996 Afffsssstaggffi

218 2023 487 2072 Dominicae
522 2024 886 2072 resurrectionis
922 2028 1114 2085 tempus
1150 2021 1488 2076 celebrandum
1522 2037 1630 2084 per·
1665 2010 1929 2102 piffitiggchiil

219 2106 376 2154 duxit.
436 2106 577 2166 Quod
596 2112 651 2154 ut
670 2106 862 2154 facilius
887 2111 935 2153 et
960 2104 1131 2166 majori
1150 2102 1438 2151 auctoritate
1461 2102 1632 2164 perfic-
1716 2111 1881 2147 tonsure,

219 2195 335 2246 eret,
371 2188 599 2251 quaesivit
639 2188 877 2236 auxilium
921 2188 980 2235 de
1023 2191 1165 2250 gente
1200 2185 1490 2248 Anglorum,
1527 2201 1647 2248 quos
1683 2182 1970 2245 jamdudum

220 2272 282 2318 ad
317 2272 592 2334 exemplum
629 2275 804 2319 sanctae
830 2271 1056 2318 Romanae
1091 2273 1143 2317 et
1178 2268 1452 2331 apostolicae
1489 2266 1696 2315 ecclesiae
1731 2282 1866 2313 suam
1896 2282 1971 2312 re-

220 2353 452 2416 ligionem
497 2353 763 2402 instituisse
810 2352 1050 2415 cognovit.
1122 2350 1374 2414 Siquidem
1422 2349 1556 2397 misit
1603 2347 1861 2412 legatarios
1908 2347 1969 2394 ad

221 2437 379 2484 virum
403 2436 722 2484 venerabilem
760 2435 1056 2485 Oeolfridum
1072 2434 1104 2492 ⁵,
1140 2433 1365 2482 abbatem
1401 2431 1682 2479 monasterii
1717 2431 1970 2478 beatorum

220 2519 549 2582 apostolorum
575 2518 706 2567 Petri
742 2524 792 2566 et
818 2517 970 2576 Pauli,
997 2516 1129 2580 quod
1161 2520 1234 2563 est
1269 2515 1332 2562 ad
1355 2514 1534 2562 ostium
1558 2512 1701 2562 Viuri
1725 2513 1896 2572 amnis,
1923 2520 1972 2561 et

217 2605 360 2665 juxta
382 2619 572 2649 amnem
595 2601 785 2660 Tinam,
811 2601 864 2648 111
899 2601 1002 2648 loco
1031 2598 1115 2662 qui
1138 2601 1342 2645 vocatur
1369 2597 1430 2644 In
1455 2595 1680 2659 Gyruum
1695 2593 1726 2656 ⁶,
1753 2596 1831 2644 cui
1866 2596 1971 2658 ipse

222 2689 332 2748 post
355 2684 684 2740 Benedictum‚
709 2684 767 2731 de
792 2699 886 2746 quo
912 2680 1088 2745 supra⁷
1112 2680 1340 2739 diximus,
1366 2678 1709 2743 gloriosissime
1740 2679 1937 2742 praefuit
1956 2696 1969 2737 ;

222 2766 472 2830 postulans
490 2772 546 2814 ut
571 2764 922 2814 exhortatorias
947 2764 1037 2813 sibi
1058 2763 1247 2811 litteras
1271 2762 1503 2822 mitteret,
1523 2761 1698 2825 quibus
1723 2760 1973 2825 potentius

223 2850 475 2898 confutare
496 2852 659 2912 posset
683 2865 762 2896 eos
787 2847 870 2912 qui
895 2846 1070 2911 pascha
1094 2862 1191 2893 non
1216 2861 1302 2893 suo
1327 2851 1547 2908 tempore
1573 2844 1825 2892 observare
1848 2859 1973 2905 prae-

216 1777 459 1841 frequenti
502 1775 817 1824 meditatione
864 1775 1224 1838 scripturarum,
1265 1772 1630 1821 abrenunciavit

280 2959 290 2980 ¹
321 2958 448 3009 Bosa]
491 2958 567 2998 See
597 2971 636 3009 p.
678 2968 767 3009 239.
823 2956 922 2996 And
960 2955 1070 2996 Bosa
1178 2951 1194 2974 ⁴
1221 2956 1270 2995 in
1297 2953 1570 2995 observatione
1594 2951 1772 3007 paschae]
1828 2951 1904 2990 See
1932 2962 1973 3000 p.

223 3014 427 3066 probably
436 3013 574 3052 learnt
585 3012 899 3057 from-Iacobum
915 3025 955 3063 p.
977 3022 1065 3062 135.
1129 3021 1219 3062 194,
1238 3013 1335 3050 note
1354 3023 1394 3063 4.

280 3068 296 3091 ²
322 3067 515 3119 Romam]
546 3068 622 3107 See
640 3081 679 3119 p.
704 3078 796 3119 339.
1183 3064 1198 3087 ⁶
1227 3065 1501 3117 ceolfridum]
1521 3064 1597 3104 See
1612 3062 1726 3103 Hist.
1742 3059 1972 3105 Abbatum,

279 3124 294 3146 ³
322 3121 500 3174 Naiton]
556 3123 597 3161 A
654 3135 842 3161 common
892 3120 1069 3173 Kymric
1125 3119 1269 3166 below,
1288 3134 1328 3172 p.
1354 3119 1447 3170 376.

225 3192 359 3219 name.
416 3177 478 3218 Cf.
509 3177 703 3216 Nechtan
733 3177 776 3215 in
810 3175 1068 3216 Nechtanes-
1179 3173 1195 3197 ⁶
1223 3175 1280 3215 In
1303 3175 1504 3227 Gyruum]
1528 3174 1558 3213 J
1562 3185 1693 3212 arrow
1707 3171 1752 3209 in
1768 3169 1973 3209 Durham.

226 3247 349 3281 mare,
370 3233 515 3273 Natan
532 3232 577 3272 in
596 3232 638 3272 N
642 3231 846 3272 atanleod.
1177 3228 1193 3253 ⁷
1220 3231 1368 3284 supra]
1391 3230 1467 3270 See
1486 3243 1553 3281 pp.
1579 3240 1597 3266 2
1604 3238 1667 3278 50,
1691 3236 1781 3277 333.
