2216 3554
310 160 406 204 340
888 156 1114 206 Historia
1146 157 1484 207 Ecclesiastioa
1856 157 1988 227 [LIB.
2007 177 2060 211 v.

309 287 648 349 consedissent,
673 305 727 337 ac
763 289 823 337 de
857 290 1080 353 supernis
1110 289 1306 352 judiciis
1340 289 1535 353 trepidi,
1569 290 1731 354 aliqua
1766 292 2060 342 confabulari

308 370 593 434 coepissent:
642 371 789 435 jussit
833 372 1054 436 pontifex
1102 377 1302 421 caeteros
1350 373 1412 420 ad
1459 372 1629 420 horam
1678 373 1854 437 egredi,
1904 377 1953 423 et
1998 376 2061 423 ad

306 450 472 501 Accan
511 453 849 518 presbyterum
890 455 960 503 ita
997 454 1130 518 loqui
1167 471 1367 502 exorsus
1406 457 1511 502 est:
1563 449 1727 503 ‘'Visio
1762 455 1884 504 mihi
1918 458 2062 505 modo

306 535 557 583 tremenda
602 537 842 600 apparuit,
884 553 1029 600 quam
1076 540 1125 584 te
1172 537 1340 585 audire
1386 554 1440 585 ac
1490 536 1684 585 silentio
1731 543 1894 601 tegere
1934 539 2060 596 volo,

307 618 458 666 donec
494 618 641 667 sciam
673 619 791 682 quid
824 619 884 668 de
918 636 996 667 me
1026 618 1131 667 fieri
1155 619 1276 668 velit
1307 619 1454 667 Deus·
1524 618 1738 669 Adstitit
1773 621 1904 668 enim
1939 621 2061 668 mihi

248 697 252 700 ’
308 699 506 762 quidam
544 701 748 749 candido
784 702 1044 764 praeclarus
1084 701 1269 760 habitu,
1306 701 1469 750 dicens
1511 718 1561 749 se
1603 702 1925 752 Michahelem
1960 721 2061 752 esse

306 783 681 847 archangelum:
741 788 791 831 et
827 785 888 832 ob
929 783 1034 841 hoc,
1075 783 1252 847 inquit,
1289 784 1462 832 missus
1501 800 1609 832 sum
1650 789 1707 833 ut
1742 791 1792 833 te
1838 803 1868 834 a
1904 790 2061 834 morte

304 882 555 914 revocem:
605 866 806 914 donavit
844 866 973 914 enim
1015 865 1109 914 tibi
1146 866 1384 915 Dominus
1419 866 1571 915 vitam
1612 883 1701 931 per
1735 868 1972 918 orationes
2007 887 2062 917 ae

304 949 542 1012 lacrymas
566 947 911 1011 discipulorum
934 965 990 996 ac
1014 949 1222 998 fratrum
1245 954 1459 1010 tuorum,
1485 955 1533 998 et
1562 967 1649 1014 per
1671 949 2061 999 intercessionem

305 1032 460 1080 beatae
502 1047 599 1079 suae
639 1031 887 1093 genitricis
928 1049 1211 1096 semperque
1247 1032 1451 1095 virginis
1494 1032 1678 1083 Mariae.
1752 1033 2062 1098 Quapropter

302 1113 413 1161 dico
448 1113 555 1173 tibi,
580 1113 696 1176 quia
730 1114 875 1162 modo
904 1114 1100 1178 quidem
1135 1115 1195 1163 ab
1231 1114 1514 1164 infirmitate
1537 1115 1629 1164 hac
1664 1116 1908 1165 sanaberis
1922 1133 1935 1176 ;
1979 1116 2061 1164 sed

304 1200 502 1258 paratus
525 1201 642 1255 esto,
669 1196 784 1260 quia
806 1202 916 1260 post
942 1196 1313 1260 quadriennium
1337 1203 1599 1257 revertens,
1623 1198 1831 1247 visitabo
1854 1204 1933 1254 te;
1976 1215 2061 1263 pa-

303 1277 452 1325 triam
475 1294 590 1326 vero
614 1278 913 1342 perveniens,
940 1280 1207 1328 maximam
1230 1280 1587 1343 possessionum
1611 1285 1807 1329 tuarum
1831 1297 1941 1344 quae
1967 1281 2059 1329 tibi

303 1360 475 1409 ablatae
511 1366 624 1408 sunt
658 1361 933 1424 portionem
963 1362 1182 1425 recipies,
1207 1366 1356 1426 atque
1387 1362 1440 1410 in
1474 1379 1591 1426 pace
1618 1362 1886 1426 tranquilla
1907 1363 2060 1412 vitam

305 1443 619 1492 terminabis!
690 1443 954 1494 Convaluit
1001 1445 1156 1508 igitur
1197 1445 1463 1509 episeopus,
1512 1446 1695 1494 cunctis
1740 1446 2062 1510 gaudentibus

308 1543 362 1574 ac
386 1526 492 1575 Deo
515 1512 697 1590 gratias
721 1528 991 1592 agentibus,
1017 1534 1268 1593 coeptoque
1292 1528 1466 1577 itinere
1491 1528 1784 1577 Brittaniam
1807 1529 1943 1578 venit
1956 1529 1986 1578 ¹.

378 1609 539 1657 Lectis
581 1616 745 1658 autem
786 1610 1004 1674 epistolis
1044 1628 1163 1674 quas
1210 1611 1272 1660 ab
1309 1612 1576 1675 apostolico
1616 1628 1741 1675 papa
1786 1612 2058 1671 advexerat,

306 1689 570 1740 Berctuald
602 1692 1004 1757 archiepiscopus,
1031 1700 1080 1743 et
1104 1693 1325 1743 AEdilred
1349 1695 1591 1757 quondam
1621 1710 1721 1753 rex,
1747 1694 1864 1743 tunc
1895 1700 2058 1743 autem

305 1774 466 1833 abbaS,
504 1774 820 1825 libentissime
872 1777 1126 1826 faverunt:
1185 1777 1269 1841 qui
1314 1777 1539 1826 videlicet
1585 1776 1806 1824 AEdilred
1851 1776 2058 1825 accitum

306 1856 367 1904 ad
404 1873 453 1905 se
477 1857 774 1907 Coinredum
804 1877 947 1924 quem
982 1877 1071 1924 pro
1108 1877 1158 1909 se
1193 1876 1354 1924 regem
1377 1861 1569 1917 fecerat,
1595 1859 1805 1908 amicum
1837 1859 2057 1923 episcopo

302 1939 410 1987 fieri
435 1941 593 2003 petiit,
619 1946 668 1990 et
698 1942 997 2005 impetravit.
1072 1943 1168 1991 Sed
1193 1941 1393 1991 Aldfrid
1426 1943 1945 2006 Nordanhymbrorum
1972 1960 2058 1991 rex

306 2039 419 2070 eum
454 2023 694 2087 suscipere
729 2025 983 2074 contemsit
998 2025 1028 2084 ²,
1054 2042 1142 2073 nec
1176 2025 1319 2089 longo
1354 2029 1574 2089 tempore
1610 2025 1880 2088 superfuit:
1929 2025 2057 2074 unde

306 2105 490 2154 factum
525 2113 599 2155 est
639 2113 696 2155 ut
735 2114 968 2173 regnante
1007 2108 1191 2158 Osredo
1228 2109 1328 2157 filio
1370 2111 1485 2172 ejus,
1522 2125 1637 2156 mox
1679 2107 1861 2171 synodo
1875 2105 1893 2132 ³
1932 2107 2058 2156 facta

380 2223 533 2258 attends
547 2234 571 2259 a
640 2192 781 2252 juxta
828 2190 1032 2239 fluvium
1079 2191 1128 2238 N
1130 2190 1228 2251 idd,
1278 2196 1389 2254 post
1447 2190 1753 2254 aliquantum
1803 2189 2057 2254 utriusque

344 2273 532 2358 831110ὲί,ἵέ
545 2274 612 2309 the
648 2273 800 2336 partis
851 2273 1145 2334 conflictum,
1192 2275 1390 2322 tandem
1437 2273 1623 2322 cunctis
1669 2272 1956 2332 faventibus,
2006 2273 2056 2320 in

460 2334 472 2357 ¹
521 2349 530 2365 '
648 2356 961 2419 praesulatum
1010 2356 1075 2405 sit
1131 2373 1230 2405 suae
1247 2358 1265 2383 ⁴
1311 2362 1531 2420 receptus
1578 2357 1801 2406 ecclesiae.
1879 2356 2056 2420 Sicque

309 2440 516 2496 quatuor
550 2437 703 2498 annis,
739 2439 791 2486 id
826 2443 912 2500 est,
948 2456 1102 2503 usque
1137 2439 1200 2487 ad
1235 2437 1365 2487 diem
1399 2439 1562 2487 obitus
1597 2439 1689 2498 sui,
1725 2440 1876 2489 vitam
1910 2439 2056 2488 duxit

363 2563 440 2598 and
456 2563 535 2598 dies
549 2565 590 2599 at
645 2520 697 2568 in
731 2539 861 2585 pace.
931 2521 1235 2571 Defunctus⁶
1258 2526 1331 2571 est
1366 2527 1526 2570 autem
1550 2521 1602 2570 in
1636 2521 1932 2571 monasterio
1967 2539 2054 2570 suo

398 2614 559 2649 Oundle.
648 2605 776 2667 quod
811 2604 1017 2653 habebat
1051 2605 1103 2652 in
1137 2604 1388 2668 provincia
1412 2604 1660 2653 Undalum
1695 2605 1787 2653 sub
1819 2605 2054 2669 regimine

387 2677 472 2705 *ω’
487 2678 561 2712 7⁰9·
647 2682 890 2731 Cudualdi
927 2682 1144 2743 abbatis;
1192 2690 1242 2732 et
1279 2683 1551 2732 ministerio
1591 2685 1799 2732 fratrum
1839 2685 2054 2748 perlatus

359 2790 371 2813 ¹
399 2791 525 2844 venit]
558 2791 733 2842 Haedde,
757 2802 821 2845 55.
1259 2794 1276 2819 ⁸
1303 2794 1550 2848 Defunctus]
1595 2794 1772 2841 Haedde,
1807 2793 1875 2835 62.
1930 2795 2055 2848 April

360 2846 377 2868 ²
403 2847 626 2900 contemsit]
655 2848 829 2894 Haedde,
851 2848 915 2900 56.
1210 2861 1286 2901 243
1340 2863 1409 2890 see
1454 2851 1527 2890 the
1583 2850 1876 2903 Martyrology
1921 2850 2052 2890 called

358 2901 374 2925 ³
401 2902 568 2955 synodo]
596 2902 770 2950 Haedde,
794 2905 859 2954 58.
1207 2902 1370 2951 Beda's,
1402 2905 1485 2944 and
1515 2919 1541 2945 a
1578 2905 1729 2945 Missal
1764 2904 1812 2944 of
1838 2905 2053 2956 Jumibges

359 2956 376 2979 ⁴
402 2959 500 3009 suae]
529 2957 618 2997 Not
642 2957 689 2996 of
707 2958 841 3006 York,
870 2959 948 2998 but
973 2959 1019 2998 of
1038 2959 1154 2998 Hex-
1207 2959 1362 3011 quoted
1379 2960 1437 3012 by
1451 2960 1672 3001 Mabillon.
1716 2960 1807 3000 Oct.
1830 2971 1876 2999 12
1896 2959 2052 3011 (which

305 3012 431 3061 ham3
469 3012 594 3052 while
626 3012 782 3065 Bishop
813 3014 930 3053 John
962 3015 1010 3054 of
1036 3014 1150 3055 Hex-
1207 3027 1320 3054 some
1355 3015 1478 3055 make
1515 3015 1587 3056 the
1625 3015 1709 3068 day
1737 3015 1785 3054 of
1807 3014 1872 3054 his
1903 3014 2049 3064 death)

303 3068 403 3106 ham
422 3081 506 3107 was
524 3067 753 3107 translated
779 3071 822 3107 to
842 3069 973 3116 York,
995 3083 1035 3122 p.
1059 3081 1150 3122 292,
1206 3083 1291 3109 was
1321 3070 1393 3110 the
1424 3070 1530 3110 feast
1556 3070 1600 3110 of
1627 3070 1693 3109 his
1720 3069 1968 3109 translation
1995 3069 2051 3121 by

302 3125 401 3161 note
438 3133 474 3162 2.
532 3122 623 3161 The
659 3127 895 3176 monastery
928 3124 977 3162 of
1010 3124 1149 3176 Ripon
1205 3124 1424 3165 Lanfranc.
1480 3126 1566 3164 For
1594 3124 1658 3164 his
1690 3124 1763 3164 life
1794 3125 1839 3164 in
1869 3123 2046 3176 general,

301 3190 386 3216 was
405 3177 491 3218 also
509 3177 696 3230 assigned
717 3181 761 3217 to
778 3177 880 3219 him.
926 3179 1145 3222 Malmesb.
1202 3193 1270 3219 see
1298 3177 1467 3220 Raine's
1500 3180 1617 3220 Fasti
1650 3180 1938 3226 Ebormenoes,
1978 3192 2048 3230 pp.

303 3231 418 3273 Gest.
439 3232 581 3272 Pontt.
603 3232 662 3273 ιιι.
689 3231 780 3286 269.
1203 3234 1352 3286 55-83.
1413 3235 1520 3274 ‘His
1544 3234 1615 3274 life
1635 3249 1720 3275 was
1742 3234 1827 3274 like
1850 3247 1906 3274 an
1923 3233 2047 3286 April
