2216 3554
339 163 435 209 352
936 156 1161 205 Historia
1195 155 1534 204 Ecclesiastica
1874 151 2008 221 [LIB.
2029 170 2077 203 v.

337 290 634 354 sequentiam
669 292 887 354 spectant
914 262 1088 338 eodem
1119 304 1214 352 quo
1247 287 1385 351 prius
1418 286 1586 334 ordine
1621 290 1890 334 recurrunt.
1961 286 2078 334 Ideo

337 377 499 420 autem
551 373 750 421 circulos
804 372 993 420 eosdem
1041 375 1312 435 temporum
1363 368 1651 417 instantium
1701 368 1838 416 vobis
1885 367 2079 416 mittere

338 455 707 519 supersedimus,
734 454 848 518 quia
871 455 930 502 de
952 454 1137 502 ratione
1160 457 1353 501 tantum
1377 451 1607 514 temporis
1631 449 1870 513 paschalis
1902 449 2080 497 instrui

339 543 621 600 quaerente8‚
642 537 772 600 ipsos
795 535 931 585 vobis
954 536 1155 584 circulos
1179 535 1366 598 paschae
1384 533 1642 582 catholicos
1665 531 1911 580 abundare
1933 531 2077 595 prob-

341 618 469 667 astis.

410 705 422 725 ‘
437 700 619 749 Verum
642 700 717 748 his
741 701 800 748 de
825 700 1001 762 pascha
1031 698 1280 758 succincte,
1306 704 1363 746 ut
1397 697 1602 761 petistis,
1628 697 1929 760 strictimque
1953 715 2081 745 com-

340 782 629 841 memoratis,
654 787 902 830 tonsuram
917 782 933 808 1
962 797 1166 843 quoque,
1192 779 1251 827 de
1276 796 1370 843 qua
1394 779 1577 842 pariter
1602 779 1739 826 vobis
1762 779 1952 827 litteras
1975 779 2082 827 fieri

340 864 576 924 voluistis,
601 865 768 912 hortor
798 868 856 911 ut
887 862 1250 911 ecclesiasticam
1282 866 1331 909 et
1365 861 1651 910 Christianae
1685 861 1796 908 fidei
1822 878 2082 924 congruam

341 947 516 995 habere
549 946 736 994 curetis.
807 946 876 993 Et
904 945 1098 1008 quidem
1132 944 1310 992 scimus
1342 943 1455 1006 quia
1486 961 1642 1007 neque
1678 943 1882 1007 apostoli
1919 961 2083 991 omnes

343 1046 440 1077 uno
464 1028 724 1091 eodemque
757 1032 870 1075 sunt
901 1027 1043 1075 modo
1067 1026 1271 1080 adtonsi,
1296 1042 1450 1089 neque
1478 1042 1607 1073 nunc
1632 1026 1827 1074 ecclesia
1851 1026 2085 1074 catholica

345 1107 469 1155 sicut
493 1124 590 1154 una
613 1106 706 1154 fide
739 1123 820 1169 spe
845 1113 893 1154 et
925 1106 1125 1154 caritate
1158 1106 1212 1153 in
1246 1106 1404 1153 Deum
1436 1105 1686 1164 consentit,
1712 1105 1782 1153 ita
1816 1107 1963 1153 etiam
1989 1124 2086 1155 una

344 1194 489 1252 atque
520 1189 795 1236 indissimili
818 1193 976 1237 totum
1004 1206 1091 1252 per
1122 1189 1286 1236 orbem
1309 1193 1522 1235 tonsurae
1552 1186 1645 1234 sibi
1669 1188 1823 1235 forma
1847 1189 2085 1251 congruit.

347 1272 570 1334 Denique
610 1275 666 1318 ut
705 1271 965 1334 superiora,
1004 1271 1056 1318 id
1096 1276 1182 1328 est,
1224 1269 1607 1333 patriarcharum
1652 1275 1871 1333 tempora
1911 1273 2087 1335 respic-

346 1353 517 1411 iamus,
555 1353 587 1400 J
589 1354 648 1400 ob
690 1354 934 1417 exemplar
974 1353 1234 1416 patientiae,
1271 1353 1387 1400 dum
1424 1351 1679 1415 ingruente
1714 1353 2085 1402 tribulationum

347 1435 551 1484 articulo
574 1441 718 1499 caput
741 1436 954 1484 totondit
966 1437 998 1495 2,
1025 1435 1250 1499 probavit
1274 1435 1442 1499 utique
1466 1434 1581 1498 quia
1603 1441 1819 1498 tempore
1843 1435 2090 1484 felicitatis

348 1517 546 1581 capillos
570 1517 758 1566 nutrire
777 1523 1100 1565 consueverat.
1144 1516 1219 1565 At
1236 1517 1274 1566 J
1276 1517 1437 1581 oseph,
1458 1523 1506 1565 et
1523 1517 1625 1580 ipse
1643 1517 1893 1576 castitatis,
1914 1517 2093 1565 humil-

348 1600 496 1659 itatis,
529 1599 725 1663 pietatis
761 1605 1136 1663 caeterarumque
1170 1599 1413 1648 virtutum
1446 1606 1672 1648 executor
1702 1617 1757 1648 ac
1792 1601 1959 1648 doctor
1991 1599 2091 1647 exi-

350 1682 492 1741 mius,
531 1699 642 1730 cum
683 1681 877 1730 servitio
919 1681 1246 1742 absolvendus,
1287 1683 1539 1730 attonsus³
1575 1699 1675 1730 esse
1716 1682 1921 1745 legitur:
1957 1685 2092 1744 patet

351 1765 568 1828 profecto
604 1764 719 1828 quia
759 1770 975 1828 tempore
1015 1764 1277 1823 servitutis,
1314 1765 1518 1812 intonsis
1565 1765 1616 1812 in
1655 1781 1841 1812 carcere
1877 1763 2092 1812 crinibus

352 1863 544 1894 manere
568 1847 763 1895 solebat.
817 1847 938 1894 Ecce
961 1849 1165 1909 uterque
1186 1846 1263 1894 vir
1288 1846 1383 1894 Dei
1406 1847 1648 1894 diversum
1672 1847 1732 1895 ab
1756 1846 1905 1894 altero
1928 1845 2094 1893 vultus

352 1929 575 1977 habitum
609 1929 723 1977 foris
757 1929 1171 1991 praemonstrabat,
1204 1945 1412 1992 quorum
1443 1934 1605 1977 tamen
1637 1930 1771 1977 intus
1803 1927 2095 1976 conscientia

353 2011 405 2058 in
440 2011 584 2074 parili
607 2010 845 2058 virtutum
868 2011 960 2058 sibi
992 2011 1151 2074 gratia
1182 2012 1509 2059 concordabat.
1581 2012 1782 2068 Verum,
1809 2011 1900 2059 etsi
1928 2010 2094 2074 profit-

355 2093 424 2140 eri
448 2093 586 2140 nobis
609 2093 818 2141 liberum
842 2100 927 2152 est,
949 2093 1062 2156 quia
1085 2097 1293 2142 tonsurae
1311 2093 1568 2142 discrimen
1596 2111 1692 2141 non
1716 2098 1899 2152 noceat,
1921 2092 2097 2156 quibus

355 2191 478 2238 pura
501 2175 551 2222 in
571 2174 731 2222 Deum
749 2174 881 2234 fides,
903 2180 952 2223 et
976 2176 1149 2223 caritas
1169 2175 1221 2222 in
1240 2175 1514 2238 proximum
1537 2175 1722 2224 sincera
1745 2180 1818 2224 est
1837 2192 1850 2234 3
1888 2175 2098 2223 maxime

357 2274 466 2305 cum
490 2274 736 2321 nunquam
762 2258 981 2322 patribus
1000 2258 1244 2307 catholicis
1268 2258 1391 2306 sicut
1410 2259 1468 2306 de
1486 2258 1674 2322 paschae
1694 2259 1766 2306 vel
1787 2258 1899 2306 fidei
1919 2257 2098 2305 divers-

356 2340 476 2387 itate
505 2340 769 2398 conflictus,
799 2339 870 2387 ita
902 2340 1048 2387 etiam
1083 2340 1142 2387 de
1175 2346 1388 2388 tonsurae
1411 2341 1681 2389 differentia
1715 2341 1907 2404 legatur
1936 2340 2099 2403 aliqua

357 2421 503 2469 fuisse
533 2421 855 2470 controversia
870 2439 883 2482 ;
920 2422 1050 2470 inter
1073 2439 1236 2471 omnes
1267 2427 1432 2471 tamen
1457 2440 1575 2486 quas
1598 2423 1675 2471 vel
1706 2423 1759 2470 in
1787 2422 1996 2482 ecclesia,
2021 2422 2100 2470 vel

357 2503 410 2551 in
433 2503 656 2552 universo
688 2504 938 2552 hominum
972 2521 1145 2568 genere
1176 2505 1442 2568 reperimus
1474 2511 1709 2564 tonsuras,
1735 2505 1920 2553 nullam
1945 2505 2099 2568 magis

358 2586 647 2649 sequendam
689 2585 826 2633 nobis
866 2587 1343 2650 amplectendamque
1371 2588 1486 2651 jure
1521 2587 1742 2646 dixerim,
1779 2604 1835 2635 ea
1869 2604 2014 2650 quam
2049 2588 2100 2634 in

359 2668 514 2732 capite
538 2684 625 2715 suo
648 2667 869 2730 gestabat
892 2668 986 2727 ille,
1013 2669 1091 2717 cui
1120 2686 1169 2717 se
1201 2669 1448 2718 confitenti
1472 2669 1712 2718 Dominus
1736 2669 1807 2717 ait
1821 2671 1865 2718 ⁴:
1905 2675 1933 2695 “
1949 2670 2026 2717 Tu
2051 2687 2101 2718 es

358 2750 549 2809 Petrus,
586 2755 634 2797 et
681 2765 826 2812 super
863 2749 985 2798 hanc
1025 2757 1213 2813 petram
1253 2750 1500 2800 aedificabo
1537 2751 1800 2800 Ecclesiam
1839 2768 2009 2810 meam,
2053 2756 2101 2799 et

360 2837 515 2895 portae
556 2830 734 2879 inferni
779 2848 875 2878 non
912 2834 1241 2895 praevalebunt
1287 2834 1516 2883 adversus
1556 2851 1690 2892 eam;
1741 2841 1790 2882 et
1836 2835 1931 2882 tibi
1978 2835 2100 2882 dabo

362 2915 518 2963 claves
542 2912 679 2977 regni
703 2912 969 2961 caelorum.”
1040 2915 1240 2963 Nullam
1265 2914 1416 2979 magis
1440 2915 1810 2964 abominandam
1829 2916 2101 2964 detestand-

362 3014 535 3060 amque
576 2995 748 3044 merito
789 2996 973 3044 cunctis
1014 2997 1236 3046 fidelibus
1278 2997 1576 3057 crediderim,
1617 3015 1673 3046 ea
1714 3015 1860 3062 quam
1896 2998 2101 3046 habebat

417 3091 432 3114 1
462 3090 690 3142 tonsuram]
738 3090 804 3131 On
832 3090 916 3130 this
947 3091 1077 3131 whole
1108 3092 1202 3131 sub-
1312 3091 1329 3114 ²
1356 3093 1551 3145 totondit]
1573 3094 1604 3134 J
1606 3093 1659 3132 ob
1678 3094 1705 3133 i.
1728 3106 1792 3134 20.

363 3148 461 3199 ieet,
483 3160 549 3185 see
570 3146 722 3192 Usher,
749 3159 790 3198 p.
821 3154 916 3198 477,
935 3146 1018 3186 and
1037 3145 1206 3186 smith's
1316 3148 1331 3171 ³
1359 3148 1559 3200 attonsus]
1594 3147 1764 3187 Genesis
1787 3148 1859 3187 xli.
1887 3159 1948 3197 14.

363 3204 476 3254 App.
493 3201 574 3240 No.
599 3201 656 3242 iX.
675 3201 716 3241 b.
801 3258 803 3261 y
1316 3201 1332 3225 ⁴
1359 3203 1440 3253 ait]
1469 3203 1531 3243 St.
1551 3202 1757 3242 Matthew
1778 3203 1861 3242 xvi.
1881 3203 1942 3248 18,
1967 3214 2030 3254 19.
