2216 3554
154 186 274 235 CM».
295 183 427 254 nv]
785 183 950 233 Gentis
982 181 1269 246 Anqlmm.
1296 188 1297 191 ’
1806 186 1902 231 167

151 323 225 367 est
237 337 267 366 a
282 319 388 368 vico
403 317 720 367 Cataractone
735 315 899 363 decem
914 314 1065 362 ferme
1080 312 1295 360 millibus
1309 328 1542 375 passuum
1558 316 1729 360 contra
1744 314 1905 362 solsti-
1940 319 1955 365 Ι

150 402 318 449 tialem
352 417 571 449 occasum
594 404 831 447 secretus:
867 395 1166 457 divertitque
1195 394 1299 456 ipse
1323 411 1433 441 cum
1459 410 1558 441 uno
1607 426 1732 461 Oswio
1746 437 1849 461 mur-

150 488 345 531 tantum
368 483 524 530 milite
547 480 641 529 sibi
662 479 954 538 fidelissimo,
975 477 1171 549 nomine
1196 475 1454 535 Tondheri‚
1481 493 1554 524 ce-
1599 476 1858 567 ᾶθῑιὲἓὲῑζέηθ,

149 566 323 613 landus
341 565 393 613 in
410 566 552 613 domo
570 563 760 611 comitis
779 559 1051 619 Hunualdi,
1067 576 1212 623 quem
1230 558 1377 606 etiam
1397 558 1556 621 ipsum
1663 574 1787 614 Beira,

150 648 242 695 sibi
265 646 610 695 amicissimum
632 644 931 706 autumabat.
987 642 1097 699 Sed,
1117 641 1225 700 heu,
1242 640 1366 704 proh
1385 641 1524 689 dolor
1542 644 1552 690 l
1639 638 1721 665 ΑΨ·
1738 632 1812 672 ⁶⁵¹·

149 729 288 793 longe
316 730 456 777 aliter
487 733 616 777 erat:
657 744 766 774 nam
796 726 857 774 ab
889 725 1058 773 eodem
1083 724 1258 772 comite
1293 722 1542 786 proditum
1578 740 1691 771 eum
1728 724 1899 783 Osuiu,

149 829 258 859 cum
293 813 494 875 praefato
529 810 681 874 ipsius
706 809 863 858 milite
893 825 980 872 per
1008 807 1294 871 praefectum
1323 805 1466 854 suum
1490 806 1780 854 Ediluinum
1816 808 1899 856 de-

148 895 368 942 testanda
391 893 614 942 omnibus
635 897 790 940 morte
813 879 1068 939 interfecit.
1139 889 1283 950 Quod
1307 889 1490 937 factum
1513 893 1587 937 est
1611 889 1689 936 die
1713 889 1901 938 decima

148 977 297 1025 tert-ia
332 976 649 1025 kalendarum
675 974 1047 1038 Septembrium,
1073 989 1198 1020 anno
1223 972 1364 1034 regni
1388 973 1488 1034 ejus
1516 988 1643 1020 nono
1659 972 1690 1031 ²,
1717 972 1768 1019 in
1793 972 1900 1021 loco

148 1059 233 1121 qui
280 1059 462 1107 dicitur
506 1058 892 1122 Ingetlingum23
946 1056 1034 1103 ubi
1078 1055 1413 1128 postmodum·
1439 1054 1707 1118 castigandi
1755 1055 1901 1119 hujus

146 1140 372 1189 facinoris
417 1141 588 1206 gratia,
639 1139 984 1188 monasterium
1031 1144 1364 1187 constructum
1411 1141 1513 1186 est:
1568 1137 1620 1184 in
1667 1155 1762 1202 quo
1812 1155 1902 1202 pro

146 1223 400 1287 utriusque
435 1223 578 1285 regis,
603 1227 652 1271 et
687 1221 830 1270 occisi
864 1220 1103 1280 videlicet,
1141 1223 1191 1268 et
1226 1221 1330 1284 ejus
1367 1220 1454 1283 qui
1489 1221 1706 1269 occidere
1736 1220 1901 1285 jussit,

144 1306 320 1354 animae
344 1305 674 1369 redemptione
697 1304 871 1353 cotidie
896 1302 1107 1351 Domino
1130 1319 1296 1366 preces
1316 1302 1483 1350 offerri
1507 1303 1751 1351 deberent.

217 1390 335 1436 Erat
368 1394 533 1437 autem
568 1404 654 1436 rex
690 1387 865 1435 Osuini
901 1390 951 1433 et
985 1391 1180 1448 aspectu
1216 1390 1467 1444 venustus,
1492 1389 1541 1433 et
1565 1389 1753 1434 statura
1790 1386 1900 1434 sub-

145 1470 290 1529 limis,
317 1477 365 1519 et
389 1471 538 1519 affatu
557 1470 815 1533 jucundus,
834 1474 883 1517 et
906 1468 1124 1515 moribus
1149 1467 1316 1526 civilis,
1335 1471 1384 1515 et
1403 1484 1551 1514 manu
1601 1507 1807 1542 Char-aeter
1821 1507 1863 1542 of

144 1553 381 1611 omnibus,
406 1553 455 1600 id
493 1558 581 1612 est,
615 1551 861 1600 nobilibus
898 1550 1044 1598 simul
1079 1554 1226 1613 atque
1260 1550 1558 1614 ignobilibus
1678 1557 1784 1611 Kios

143 1636 335 1698 largus:
373 1636 504 1684 unde
538 1635 744 1698 contigit
770 1638 827 1682 ut
860 1634 923 1681 ob
953 1634 1140 1696 regiam
1164 1635 1268 1696 ejus
1304 1640 1353 1681 et
1387 1632 1553 1692 animi,
1654 1605 1817 1641 Oswme.

143 1725 193 1765 et
227 1718 406 1777 vultus,
435 1722 486 1766 et
516 1717 802 1765 meritorum
831 1715 1121 1779 dignitatem
1155 1717 1216 1763 ab
1253 1716 1479 1764 omnibus
1509 1714 1813 1776 diligeretur,
1846 1719 1898 1762 et

142 1799 355 1863 undique
391 1800 452 1847 ad
486 1801 588 1862 ejus
623 1799 951 1847 ministerium
985 1798 1046 1846 de
1080 1797 1268 1846 cunctis
1315 1815 1466 1861 prope
1502 1796 1767 1860 provinciis
1804 1796 1900 1844 viri

144 1881 292 1929 etiam
327 1881 619 1930 nobilissimi
659 1885 1012 1929 concurrerent.
1107 1880 1258 1944 Cujus
1294 1880 1425 1927 inter
1461 1883 1662 1928 caeteras
1697 1878 1905 1927 virtutis

142 1970 190 2012 et
217 1947 488 2026 modestiae,
529 1969 591 2023 et,
631 1969 688 2012 ut
723 1963 795 2011 ita
832 1962 1005 2022 dicam,
1045 1961 1263 2026 specialis
1305 1962 1660 2010 benedictionis
1701 1961 1896 2025 glorias,

140 2046 288 2094 etiam
323 2046 536 2094 maxima
569 2045 719 2094 fuisse
754 2045 909 2093 fertur
943 2044 1209 2104 humilitas,
1236 2049 1294 2093 ut
1322 2062 1420 2093 uno
1456 2045 1663 2108 probare
1696 2047 1772 2091 sat
1804 2042 1899 2090 erit

141 2129 373 2192 exemplo.

210 2211 487 2259 Donaverat
532 2227 712 2275 equum
762 2211 1003 2274 optimum
1054 2210 1268 2259 antistiti
1315 2210 1523 2269 Aidano,
1571 2210 1624 2257 in
1672 2226 1768 2274 quo
1814 2209 1899 2258 ille

141 2294 361 2356 quamvis
394 2294 642 2342 ambulare
675 2293 864 2351 solituS‚
896 2294 975 2342 vel
1009 2293 1229 2341 amnium
1264 2293 1449 2341 fluenta
1485 2293 1714 2352 transire,
1741 2293 1820 2340 vel
1857 2292 1899 2341 si

141 2375 236 2423 alia
264 2375 494 2438 quaelibet
534 2376 793 2424 necessitas
833 2375 1093 2434 insisteret,
1129 2375 1261 2423 viam
1302 2392 1532 2438 peragere
1568 2381 1768 2439 posset:
1819 2375 1900 2423 cui

142 2474 251 2506 cum
288 2473 439 2520 parvo
479 2457 733 2521 interiecto
776 2462 994 2521 tempore
1028 2474 1212 2522 pauper
1250 2457 1449 2522 quidam
1487 2464 1765 2506 occurreret
1800 2457 1897 2506 ele-

143 2556 418 2602 emosynam
459 2545 643 2603 petens,
686 2539 915 2588 desiliens
949 2539 1035 2588 ille
1069 2539 1316 2603 praecepit,
1361 2556 1555 2604 equum,
1593 2541 1664 2588 ita
1700 2546 1756 2589 ut
1793 2545 1899 2588 erat

143 2627 323 2670 stratus
357 2621 599 2685 regaliter,
635 2622 836 2685 pauperi
874 2621 1009 2670 dari:
1053 2625 1159 2670 erat
1194 2621 1326 2670 enim
1361 2623 1575 2671 multum
1611 2621 1896 2680 misericors,

142 2709 192 2752 et
238 2703 395 2752 cultor
439 2718 718 2768 pauperum,
766 2721 822 2753 ac
868 2704 1006 2753 velut
1052 2710 1192 2768 pater
1237 2704 1541 2755 miserorum.
1628 2706 1740 2755 Hoc
1787 2722 1897 2754 cum

198 2855 210 2877 ¹
240 2853 364 2906 nono]
395 2854 483 2894 The
502 2854 626 2895 ninth
643 2869 746 2908 year
764 2855 809 2895 of
823 2855 992 2896 Oswio’s
1045 2857 1274 2911 destroyed,
1294 2872 1380 2898 was
1409 2858 1517 2899 built
1539 2859 1597 2912 by
1618 2857 1817 2899 Oswine's
1836 2870 1899 2896 re-

144 2909 408 3003 reigndwould
421 2909 656 3004 εὲζιξῑὲζὲῗ
672 2910 885 3004 l{33621203
913 2911 992 3006 {gt
1044 2912 1203 3006 ἒῑεὶιὶίῗίοη11
1214 2913 1402 2959 Eanfled,
1451 2912 1620 3008 (gswtipl’s
1637 2914 1766 3006 fiWige’
1781 2911 1898 3004 bitin?

143 2976 370 3003 conmenn
701 2978 991 3005 asume
1103 2981 1271 3007 umere
1392 2981 1433 3007 m
1592 2979 1894 3014 ersao,

144 3030 231 3058 aa).
252 3018 334 3070 644
353 2977 522 3058 Ogswio’s
537 3019 687 3059 second
701 2977 812 3071 yenit,
829 3021 862 3059 it
881 3025 992 3061 must
1046 3035 1087 3074 p.
1110 3033 1200 3075 190.
1247 2981 1413 3063 ogivaiile
1431 2982 1516 3063 aaz
1535 3022 1683 3062 buried
1702 3025 1746 3060 at
1761 3021 1896 3071 Tyne-

142 3073 194 3112 be
223 3083 309 3114 A.D.
340 3072 432 3124 651.
489 3073 548 3113 To
582 3073 666 3113 this
693 3087 794 3126 year
818 3075 992 3115 Aidan’s
1047 3077 1207 3126 mouth,
1256 3078 1334 3117 but
1379 3077 1452 3118 the
1498 3078 1612 3129 place
1663 3075 1745 3114 had
1791 3075 1896 3113 been

141 3127 269 3168 death
289 3128 325 3167 is
343 3128 535 3179 assigned
556 3129 610 3179 by
628 3128 873 3180 Tigernach.
1046 3132 1267 3184 forgotten,
1327 3133 1395 3172 till
1448 3133 1548 3172 Earl
1596 3131 1754 3180 Tostig,
1812 3130 1896 3168 and

198 3180 214 3204 ²
235 3182 531 3235 Inqetlinqum]
563 3182 735 3236 Gilling,
750 3196 850 3223 near
864 3184 989 3224 Rich·
1046 3186 1269 3238 AEgelwin,
1287 3187 1435 3238 bishop
1464 3186 1510 3226 of
1534 3185 1736 3232 Durham,
1767 3182 1896 3223 found

144 3237 282 3278 moad.
340 3237 431 3277 The
462 3242 711 3291 monastery,
749 3251 842 3279 now
873 3239 991 3292 quite
1046 3241 1111 3281 his
1139 3241 1267 3282 bones
1294 3243 1338 3282 in
1368 3251 1458 3282 AJ).
1493 3240 1608 3291 1065.
1664 3238 1705 3279 S.
