2216 3554
213 188 334 238 CAP.
354 184 450 255 v1.]
844 185 1010 236 Gentis
1042 186 1331 249 Anylorum.
1863 190 1961 237 299

212 320 465 385 paululum
505 318 752 378 reviviscO,
789 318 1011 382 ferorque
1051 317 1252 367 domum
1286 336 1315 367 a
1349 317 1506 378 sociis,
1542 335 1597 366 ac
1636 317 1815 367 tacitus
1857 325 1962 367 tota

213 408 353 452 nocte
390 403 613 467 perduro.
696 401 961 450 Vomebam
1000 406 1164 449 autem
1205 401 1504 464 sanguinem,
1542 418 1599 449 eo
1637 401 1768 464 quod
1803 409 1852 448 et
1890 400 1963 447 in-

213 491 408 534 teranea
443 490 600 533 essent
632 484 815 532 ruendo
856 483 1096 532 convulsa.
1177 483 1250 532 At
1289 483 1539 547 episcopus
1582 483 1867 547 gravissime
1903 482 1963 529 de

213 585 328 617 casu
368 572 418 616 et
462 567 666 616 interitu
706 583 812 614 meo
853 566 1063 626 dolebat,
1101 583 1158 615 eo
1206 567 1336 630 quod
1384 584 1460 615 me
1503 566 1699 629 speciali
1739 566 1964 628 diligeret

213 651 414 698 affectu:
463 667 550 698 nec
589 649 747 699 voluit
787 655 928 697 nocte
965 649 1050 697 illa
1084 651 1229 712 juxta
1269 667 1451 698 morem
1489 666 1601 698 cum
1636 648 1824 696 clericis
1865 648 1964 695 suis

215 750 419 792 manere,
458 749 630 782 verum
675 723 804 781 solus
847 731 901 779 in
947 732 1164 781 oratione
1210 733 1474 796 persistens
1520 738 1711 780 noctem
1757 730 1965 779 ducebat

213 815 511 880 pervigilem,
554 832 642 878 pro
688 831 796 862 mea
836 819 893 863 ut
938 832 1047 863 reor
1092 816 1322 878 sospitate
1369 831 1589 878 supernae
1636 813 1809 877 pietati
1851 829 1964 875 sup-

214 899 412 963 plicans.
483 898 550 945 Et
580 913 720 944 mane
757 895 916 960 primo
952 896 1198 961 ingressus
1233 897 1295 946 ad
1330 915 1422 958 me,
1456 914 1511 945 ac
1546 896 1678 944 dicta
1709 912 1854 959 super
1890 912 1966 943 me

215 981 447 1040 oratione,
484 979 675 1028 vocavit
721 996 798 1027 me
844 979 1041 1028 nomine
1087 996 1208 1035 meo,
1253 983 1303 1029 et
1349 980 1488 1045 quasi
1525 979 1585 1027 de
1628 995 1795 1027 somno
1829 978 1966 1041 gravi

215 1062 482 1112 excitatum
511 1061 832 1126 interrogavit
867 1062 908 1110 si
944 1078 1132 1110 nossem
1169 1062 1277 1126 quis
1312 1067 1435 1111 esset
1470 1061 1554 1126 qui
1588 1062 1870 1126 loqueretur
1905 1061 1967 1109 ad

215 1162 306 1195 me.
375 1143 447 1193 At
478 1161 567 1208 ego
603 1144 823 1207 aperiens
848 1144 1025 1203 oculos,
1050 1143 1141 1203 aio,
1169 1149 1196 1170 “
1213 1144 1410 1194 Etiam:
1448 1151 1504 1194 tu
1529 1162 1578 1192 es
1602 1144 1802 1192 antistes
1830 1159 1968 1191 meus

214 1226 445 1275 amatus.''
483 1231 511 1253 “
530 1225 713 1286 Potes,''
729 1226 907 1290 inquit,
926 1226 1190 1275 “vivere‘P'
1220 1229 1286 1276 Et
1301 1245 1389 1291 ego
1406 1245 1420 1288 ;
1452 1233 1479 1254 “
1497 1227 1739 1286 Possum‚”
1755 1227 1966 1289 inquam,

214 1316 242 1336 ⁸‘
261 1327 347 1374 per
382 1309 623 1358 orationes
657 1316 855 1370 vestras,
897 1309 939 1357 si
973 1310 1182 1358 voluerit
1226 1310 1506 1359 Dominus.''
1579 1310 1679 1371 Qui
1716 1308 1968 1372 imponens

214 1393 363 1456 capiti
388 1409 494 1441 meo
517 1409 730 1451 manum,
752 1409 862 1440 cum
886 1392 1045 1441 verbis
1068 1393 1599 1457 benedictionis-rediit
1621 1392 1683 1442 ad
1703 1391 1967 1441 orandum:

214 1480 265 1524 et
299 1480 408 1539 post
442 1475 677 1538 pusillum
711 1492 789 1522 me
823 1475 1038 1524 revisens
1079 1476 1269 1524 invenit
1315 1477 1560 1525 sedentem
1602 1479 1650 1525 et
1692 1478 1794 1538 jam
1835 1473 1969 1537 loqui

214 1558 486 1606 valentem:
536 1556 777 1621 coepitque
818 1574 894 1606 me
935 1557 1252 1623 interrogare,
1293 1559 1473 1620 divino,
1521 1563 1579 1607 ut
1625 1575 1740 1606 mox
1788 1555 1967 1621 patuit,

215 1640 490 1688 admonitus
526 1639 777 1699 instinctu,
815 1657 876 1688 an
917 1657 995 1688 me
1031 1658 1133 1690 esse
1172 1641 1472 1706 baptizatum
1513 1642 1694 1706 absque
1741 1639 1969 1702 scrupulo

215 1739 436 1771 nossem:
476 1721 555 1770 cui
591 1738 691 1785 ego,
718 1721 898 1785 absque
922 1722 1022 1770 ulla
1057 1740 1132 1771 me
1167 1723 1257 1772 hoc
1281 1724 1532 1772 dubietate
1567 1723 1688 1772 scire
1723 1720 1967 1786 respondi,

215 1803 330 1867 quia
365 1803 565 1852 salutari
601 1805 735 1854 fonte
770 1805 822 1853 111
850 1806 1184 1854 remissionem
1219 1811 1527 1871 peccatorum
1559 1823 1711 1855 essem
1744 1806 1940 1854 ablutus
1956 1821 1968 1863 ;

215 1891 264 1934 et
300 1903 476 1934 nomen
510 1888 779 1950 presbyteri
807 1905 836 1936 a
865 1906 960 1952 quo
998 1906 1073 1937 me
1108 1890 1409 1953 baptizatum
1438 1906 1681 1948 noveram,
1708 1889 1829 1936 dixi.
1898 1888 1972 1936 At

213 1968 324 2017 ille:
386 1974 414 1995 “
432 1969 486 2017 Si
533 1971 595 2018 ab
642 1970 771 2030 hoc,'’
812 1970 989 2035 inquit,
1035 1973 1325 2020 “sacerdote
1366 1972 1644 2036 baptizatus
1685 1988 1747 2030 es,
1787 1988 1885 2019 non
1922 1987 1972 2020 es

214 2052 427 2115 perfecte
473 2053 774 2116 baptizatus:
824 2054 938 2103 novi
986 2071 1195 2118 namque
1242 2072 1367 2114 eum,
1416 2059 1465 2104 et
1518 2054 1634 2118 quia
1689 2072 1801 2103 cum
1847 2061 1971 2102 esset

215 2134 468 2196 presbyter
527 2136 795 2196 ordinatus,
852 2137 1128 2186 nullatenus
1189 2145 1389 2202 propter
1444 2137 1633 2202 ingenii
1689 2137 1971 2186 tarditatem

216 2216 382 2279 potuit
417 2217 742 2267 catechizandi
771 2219 846 2267 vel
881 2219 1160 2283 baptizandi
1190 2221 1517 2270 ministerium
1549 2221 1744 2280 discere,
1775 2227 1974 2284 propter

219 2299 348 2361 quod
395 2303 446 2346 et
490 2300 591 2363 ipse
637 2300 778 2348 illum
820 2302 882 2350 ab
928 2302 1072 2366 hujus
1118 2304 1497 2368 praesumptione
1543 2303 1801 2352 ministerii
1842 2303 1973 2367 quod

218 2381 506 2445 regulariter
562 2382 763 2447 implere
820 2385 1063 2449 nequibat,
1130 2387 1420 2436 omnimodis
1479 2403 1663 2436 cessare
1721 2384 1973 2450 praecepi.’'

220 2464 410 2526 Quibus
445 2465 601 2525 dictis,
640 2465 807 2515 eadem
842 2467 964 2516 hora
997 2485 1075 2517 me
1110 2469 1404 2519 catechizare
1445 2470 1548 2534 ipse
1589 2469 1776 2518 curavit
1793 2486 1806 2529 3
1855 2469 1973 2517 fact-

219 2562 400 2609 umque
435 2551 508 2596 est
542 2554 599 2596 ut
634 2550 915 2599 exsufflante
930 2550 947 2578 ¹
982 2551 1068 2599 illo
1105 2550 1156 2599 in
1193 2552 1366 2600 faciem
1401 2569 1573 2612 meam,
1610 2552 1861 2601 confestim
1896 2569 1973 2599 me

220 2630 393 2677 melius
411 2630 587 2679 habere
610 2632 854 2681 sentirem.
898 2633 1122 2683 'Vocavit
1146 2639 1309 2683 autem
1333 2634 1589 2695 medicum,
1618 2639 1667 2683 et
1689 2635 1973 2684 dissolutam

222 2712 342 2760 mihi
368 2713 616 2762 emicranii
634 2714 916 2777 juncturam
940 2733 1226 2779 componere
1250 2722 1396 2782 atque
1414 2718 1615 2780 alligare
1634 2719 1798 2781 jussit.
1846 2718 1974 2765 Tan-

221 2801 422 2858 tumque
446 2813 561 2844 mox
584 2803 779 2860 accepta
803 2800 905 2860 ejus
928 2799 1260 2849 benedictione
1285 2801 1521 2860 convalui,
1547 2806 1605 2850 ut
1632 2802 1684 2848 in
1708 2800 1974 2849 crastinum

222 2878 485 2926 ascendens
520 2895 711 2942 equum,
736 2896 847 2928 cum
882 2881 989 2944 ipso
1024 2882 1120 2930 iter
1148 2882 1201 2930 in
1237 2871 1388 2931 alium
1420 2883 1580 2931 locum
1615 2884 1849 2931 facerem:
1887 2898 1974 2929 nec

222 2961 379 3008 multo
403 2966 513 3023 post
535 2961 675 3025 plene
699 2966 909 3023 curatus,
934 2963 1075 3012 vitali
1099 2965 1245 3013 etiam
1268 2966 1400 3014 unda
1425 2966 1644 3030 perfusus
1669 2963 1803 3013 sum!

278 3049 291 3071 ¹
312 3049 562 3102 exsufflante]
593 3050 681 3090 The
702 3049 1073 3092 ‘exsufflatio-’was
1127 3052 1261 3093 thrice
1280 3057 1373 3108 spat
1402 3053 1679 3105 (exsufflavit)
1708 3053 1754 3091 in
1783 3051 1910 3090 token
1933 3050 1979 3090 of

224 3117 302 3143 one
336 3104 383 3143 of
413 3105 486 3144 the
522 3106 769 3145 ceremonies
804 3106 995 3157 previous
1029 3111 1073 3147 to
1125 3109 1383 3160 renouncing
1404 3109 1478 3149 the
1505 3108 1630 3155 devil,
1658 3106 1871 3157 repeating
1889 3118 1973 3143 cer-

225 3160 417 3211 baptism.
473 3160 561 3199 The
583 3160 851 3200 catechumen
868 3161 983 3201 faoed
999 3161 1071 3202 the
1125 3163 1406 3204 tainwordsof
1416 3162 1714 3203 renunciation.
1753 3160 1972 3212 Bingham,

225 3219 326 3255 west
358 3214 461 3254 with
495 3215 777 3255 outstretched
809 3215 954 3263 hands,
986 3217 1070 3257 and
1125 3217 1274 3270 Antiq.
1296 3228 1359 3258 X1.
1381 3219 1451 3258 vii.
1476 3222 1496 3267 ξ
1522 3227 1558 3266 5.
