2216 3554
255 173 348 220 138
555 170 782 219 Historia
817 170 1152 219 Ecclesiastioa
1190 170 1355 219 Gentis
1389 169 1673 232 Anqlorum.

248 302 301 349 in
324 301 531 350 infantia
565 302 793 362 defuncti,
819 309 868 352 et
895 303 1039 366 juxta
1072 302 1302 351 honorem
1325 302 1401 350 vel
1432 301 1578 365 regiis
1604 300 1782 365 pueris,
1806 300 1882 348 vel
1917 299 1991 348 in-

249 384 531 432 nocentibus
565 384 748 432 Christi
780 402 1054 449 congruum,
1079 385 1131 432 in
1168 385 1362 433 ecclesia
1398 385 1575 448 sepulti
1608 390 1736 431 sunt.
1805 381 1993 431 Attulit

249 483 439 529 quoque
463 484 623 514 secum
646 485 760 516 vasa
790 467 1001 531 pretiosa
1024 467 1236 516 Aeduini
1259 467 1384 531 regis
1407 467 1646 530 perplura,
1671 466 1723 512 in
1745 465 1920 528 quibus
1944 469 1994 512 et

250 565 434 596 crucem
474 566 699 613 magnam
734 567 939 609 auream,
989 556 1037 598 et
1080 550 1275 598 calicem
1322 566 1521 597 aureum
1564 553 1891 596 consecratum
1933 545 1995 593 ad

248 630 575 679 ministerium
600 632 780 691 altaris,
807 649 913 696 quae
945 632 1175 680 hactenus
1202 633 1255 679 in
1279 633 1477 681 ecclesia
1503 630 1689 680 Cantiae
1714 633 1996 678 conservata

247 717 595 761 monstrantur.

281 822 283 824 ·
318 794 426 856 Quo
450 795 504 842 in
528 801 760 858 tempore,
780 795 1040 844 Hrofensis
1065 796 1260 844 ecclesia
1283 801 1525 860 pastorem
1548 795 1749 843 minime
1772 794 1995 851 habebat,

311 921 388 955 and
402 931 527 956 serves
587 894 643 925 eo
662 878 790 940 quod
807 877 1058 926 Romanus
1081 879 1259 942 praesul
1282 877 1413 927 illius
1432 879 1494 926 ad
1519 878 1797 926 Honorium
1816 893 1996 940 papam

284 970 352 1004 the
366 970 555 1012 bishopric
590 978 619 1008 a
661 961 692 1007 J
697 965 805 1008 usto
842 961 1195 1024 archiepiscopo
1231 961 1494 1025 legatarius
1530 961 1702 1008 missus
1740 960 1996 1021 absorptus

284 1019 325 1053 of
337 1019 552 1060 Rochester,
587 1043 747 1090 fuerat
792 1043 1019 1090 fluctibus
1065 1042 1227 1091 Italici
1266 1044 1441 1093 maris:
1491 1061 1545 1091 ac
1585 1060 1672 1106 per
1706 1042 1796 1090 hoc
1831 1057 1996 1089 curam

250 1123 378 1171 illius
396 1125 628 1187 praefatus
648 1125 878 1172 Paulinus
902 1125 1191 1173 invitatione
1210 1125 1421 1174 Honorii
1439 1125 1672 1174 antistitis
1688 1131 1737 1173 et
1754 1122 1997 1172 Eadbaldi

250 1207 379 1270 regis
421 1207 631 1269 suscepit
677 1224 730 1254 ac
775 1207 950 1266 tenuit,
995 1209 1263 1271 usquedum
1306 1211 1356 1256 et
1401 1207 1504 1271 ipse
1552 1225 1637 1256 suo
1679 1213 1894 1269 tempore
1935 1205 1998 1253 ad
2070 1224 2087 1240 ··

250 1288 461 1336 caelestia
495 1305 642 1351 regna
677 1306 788 1337 cum
822 1289 1020 1352 gloriosi
1056 1290 1215 1338 fructu
1255 1290 1434 1339 laboris
1471 1289 1686 1337 ascendit
1700 1289 1731 1336 ¹.
1800 1288 1863 1335 In
1905 1304 2000 1351 qua

250 1370 446 1418 ecclesia
486 1371 697 1419 moriens
738 1372 945 1434 pallium
982 1389 1188 1436 quoque,
1226 1373 1354 1436 quod
1389 1389 1419 1420 a
1454 1372 1672 1420 Romano
1707 1388 1836 1435 papa
1870 1386 1997 1418 acce-

250 1457 404 1516 perat,
441 1453 653 1516 reliquit.

319 1534 604 1598 Reliquerat
637 1542 800 1584 autem
837 1537 887 1584 in
929 1537 1127 1586 ecclesia
1168 1555 1254 1586 sua
1294 1536 1591 1585 Eburacensi
1625 1535 1657 1584 J
1660 1536 1861 1584 acobum
1896 1535 1999 1583 dia-

337 1631 490 1674 leaving
590 1635 780 1678 conum,
805 1619 967 1667 virum
990 1621 1158 1683 utique
1186 1619 1557 1670 ecclesiasticum
1582 1622 1631 1666 et
1655 1624 1888 1678 sanctum,
1915 1618 2000 1681 qui

305 1681 535 1766 tggffez¹22n
592 1702 747 1749 multo
780 1702 953 1749 exhinc
987 1707 1202 1765 tempore
1239 1702 1290 1749 in
1326 1701 1524 1750 ecclesia
1560 1718 1773 1760 manens,
1799 1717 1999 1765 magnas

282 1780 561 1865 tOtssgngffiiffiffl'
592 1784 795 1846 antiquo
813 1784 942 1831 hosti
965 1785 1153 1847 praedas
1172 1785 1385 1832 docendo
1405 1787 1453 1831 et
1476 1783 1765 1846 baptizando
1784 1783 1966 1846 eripuit
1986 1799 1996 1830 :

362 1879 477 1913 York.
591 1866 728 1929 cujus
763 1867 958 1914 nomine
989 1867 1155 1915 vicus2
1191 1867 1241 1913 in
1275 1883 1369 1929 quo
1402 1867 1612 1914 maxime
1647 1866 1832 1914 solebat
1863 1865 1998 1914 habi-

250 1952 367 2006 tare,
387 1949 531 2012 juxta
552 1948 870 2007 Cataractam,
890 1965 1042 2013 usque
1059 1949 1202 1996 hodie
1221 1948 1597 2011 cognominatur.
1654 1947 1752 2008 Qui
1769 1948 1998 2012 quoniam

251 2031 477 2078 cantandi
523 2031 576 2078 in
619 2031 815 2079 ecclesia
851 2035 953 2079 erat
998 2032 1335 2094 peritissimus,
1378 2035 1661 2093 recuperata
1691 2032 1999 2093 postmodum

251 2129 365 2176 pace
398 2113 449 2159 in
472 2112 732 2175 provincia,
759 2117 809 2160 et
841 2120 1078 2161 crescente
1111 2130 1310 2161 numero
1342 2112 1572 2172 fidelium,
1597 2113 1744 2160 etiam
1769 2113 2000 2175 magister

251 2194 580 2242 ecclesiasticae
606 2195 874 2242 cantionis3
901 2195 1045 2258 juxta
1064 2212 1244 2243 morem
1270 2195 1603 2243 Romanorum
1636 2212 1720 2243 seu
1741 2194 1999 2243 Oantuari-

252 2294 393 2324 orum
429 2277 597 2324 multis
633 2277 778 2340 coepit
813 2278 1049 2326 existere:
1095 2282 1145 2326 et
1179 2278 1282 2342 ipse
1319 2295 1464 2327 senex
1499 2296 1554 2326 ac
1588 2279 1760 2341 plenus
1795 2278 1998 2337 dierum,

243 2359 390 2421 juxta
425 2359 688 2423 scripturas
703 2363 734 2419 ⁴,
772 2366 967 2424 patrum
1002 2360 1134 2409 viam
1169 2366 1359 2409 secutus
1396 2364 1483 2409 est.

304 2504 320 2528 ¹
346 2506 548 2560 ascendit]
596 2517 685 2547 ΑΔ).
718 2506 812 2559 644.
879 2508 1018 2556 Book,
1055 2521 1095 2559 p.

254 2572 300 2600 12
308 2572 344 2610 3.

1207 2506 1222 2530 ³
1247 2506 1523 2547 ecclesiasticae
1554 2507 1777 2560 cantionis]
1815 2507 2003 2560 Gregory

1154 2562 1226 2601 the
1244 2563 1374 2602 Great
1388 2562 1472 2601 had
1486 2562 1812 2602 revolutionized
1829 2562 2002 2601 church-

304 2614 320 2637 ²
347 2616 462 2667 cujas
480 2617 644 2656 nomine
661 2617 791 2670 vicus]
850 2618 960 2658 Now
988 2618 1099 2657 Ake-

221 2724 223 2726 ·
250 2671 371 2722 burg.
425 2670 467 2710 S.
524 2678 534 2692 ⁸
549 2672 651 2710 This
688 2673 840 2724 village
879 2673 955 2712 has
991 2673 1099 2712 been

250 2725 383 2765 found
396 2729 441 2764 at
453 2726 678 2765 Hauxwell
692 2728 774 2766 and
794 2732 838 2767 at
853 2728 1098 2780 Akeburgh,

251 2794 346 2820 now
360 2794 386 2819 a
405 2781 653 2832 farm-house
668 2795 768 2820 near
779 2783 979 2834 Finghall
994 2797 1004 2831 ;
1022 2784 1100 2822 but

252 2836 370 2875 there
399 2835 434 2875 is
463 2849 489 2874 a
518 2836 717 2875 tradition
747 2837 839 2875 that
862 2851 888 2876 a
915 2842 1026 2877 town
1053 2851 1098 2876 as

252 2890 367 2942 large
399 2903 445 2929 as
477 2890 634 2929 Bedale
673 2904 773 2930 once
811 2892 928 2931 stood
964 2893 1097 2931 there.

253 2946 298 2984 It
318 2946 354 2985 is
373 2945 573 2996 tolerably
593 2945 764 2994 certain,
784 2946 988 2994 however,
1004 2947 1099 2986 that

253 3001 327 3039 the
345 3001 435 3039 first
454 3000 626 3052 syllable
644 3000 692 3039 of
705 3001 870 3039 neither
887 3014 1008 3040 name
1023 3002 1099 3040 has

254 3055 1097 3161 3¹31{zfffflz’ssgsszt‘lassssbsszaisszzss

254 3164 339 3203 and
368 3164 602 3216 Akeburgh
634 3165 669 3203 is
694 3167 767 3203 not
791 3165 1027 3203 mentioned
1055 3168 1100 3203 in

253 3218 426 3259 record?
456 3218 666 3272 Murray’s
684 3219 923 3267 Yorkshire,
943 3233 983 3272 p.
1008 3219 1100 3272 284.

1153 2617 1332 2669 singing‚
1352 2617 1435 2656 and
1453 2617 1710 2657 substituted
1729 2617 1843 2656 what
1860 2617 1896 2656 is
1915 2618 2004 2657 still

1154 2672 1285 2711 called
1317 2672 1391 2711 the
1415 2672 1648 2724 Gregorian
1671 2672 1920 2724 plain-song,
1939 2672 2003 2711 for

1154 2727 1227 2766 the
1245 2740 1360 2766 more
1385 2727 1505 2766 florid
1526 2727 1658 2766 music
1683 2727 1823 2766 before
1845 2727 1891 2765 in
1916 2740 2001 2766 use.

1154 2782 1420 2834 Augustinus
1457 2782 1541 2821 had
1577 2781 1799 2821 instituted
1836 2781 1922 2821 this
1957 2782 2003 2821 in

1154 2837 1228 2876 the
1261 2837 1445 2876 Kentish
1473 2837 1640 2876 Church
1671 2839 1704 2887 (‘
1718 2836 2022 2882 Rumanomm,

1154 2905 1226 2931 seu
1247 2891 1567 2931 Cantuariorum
1580 2889 1625 2942 ’)‚
1646 2890 1730 2930 and
1754 2890 1839 2930 this
1864 2891 1900 2930 it
1918 2903 2002 2930 was

1154 2947 1290 2986 which
1322 2947 1352 2985 J
1355 2946 1504 2986 acobus
1541 2960 1635 2985 now
1663 2945 1815 2997 taught
1848 2949 1892 2984 to
1928 2945 2001 2984 the

1154 3001 1516 3040 Northhumbrian
1562 3000 1740 3039 Church.
1798 2999 1860 3039 Cf.
1898 3000 1998 3040 Joh.

1154 3056 1329 3095 Diacon.
1371 3056 1492 3095 Vita.
1523 3055 1648 3108 Greg.
1687 3055 1732 3094 ii.
1762 3053 1799 3099 6,
1832 3062 1876 3105 7;
1919 3055 2002 3093 and

1154 3124 1220 3150 see
1258 3111 1330 3150 Du
1368 3111 1507 3162 Gange
1545 3124 1598 3150 on
1635 3110 1817 3149 ‘Cantus
1849 3108 2001 3148 Roma-

1155 3166 1261 3206 nus.’

1209 3219 1224 3242 4
1245 3219 1369 3272 juvata
1387 3219 1630 3272 scripturas]
1661 3219 1693 3259 J
1696 3218 1747 3258 ob
1764 3217 1850 3259 xlii.
1874 3227 1937 3268 17.
