2216 3554
217 184 338 236 CAP.
358 182 489 254 XXI]
857 186 1019 236 Gentis
1053 186 1344 250 Anylorum.
1865 191 1961 236 345

217 318 396 384 pascha
427 317 586 383 primo
618 334 779 367 mense
814 319 942 378 anni,
975 323 1026 367 et
1055 319 1203 368 tertia
1226 320 1439 383 ejusdem
1470 319 1649 367 mensis
1678 320 1960 383 septimana,

217 402 266 449 id
303 406 390 461 est,
427 419 457 450 a
496 401 854 466 quintadecima
895 402 972 450 die
1006 418 1159 465 usque
1199 403 1261 450 ad
1295 402 1571 450 vicesimam
1612 402 1819 465 primam
1856 401 1964 448 fieri

217 484 442 533 deberet:
479 483 700 533 additum
735 488 810 532 est
843 501 930 547 per
962 483 1322 532 institutionem
1357 484 1671 547 apostolicam
1705 501 1765 532 ex
1800 484 1962 531 Evan-

215 566 356 629 gelio,
382 571 440 614 ut
470 567 522 615 in
550 566 655 630 ipsa
683 567 832 615 tertia
866 566 1136 630 septimana
1170 566 1298 614 diem
1332 567 1641 615 Dominicam
1671 570 1963 630 exspectare,

216 652 362 711 atque
385 649 435 696 in
459 666 514 698 ea
535 649 767 713 temporis
790 649 1027 713 paschalis
1050 649 1249 698 initium
1273 654 1437 698 tenere
1462 650 1732 698 debeamus.
1803 648 1963 709 Quam

215 730 439 780 videlicet
470 733 685 795 regulam
710 732 980 781 triformem
1010 733 1227 797 quisquis
1260 731 1354 781 rite
1382 732 1679 793 custodierit,
1713 748 1963 795 nunquam

215 812 267 860 in
293 815 600 863 adnotatione
623 815 734 864 festi
757 816 994 880 paschalis
1026 817 1222 865 errabit.
1292 816 1476 865 Verum
1501 815 1543 864 si
1574 815 1634 864 de
1662 815 1740 863 his
1763 815 1965 879 singulis

215 897 510 946 enucleatius
538 915 592 946 ac
623 898 769 947 latius
801 898 968 948 audire
997 899 1252 959 desideras,
1278 899 1513 962 scriptum
1548 899 1653 947 est¹
1689 898 1740 946 in
1773 898 1963 957 Exodo,

215 979 299 1026 ubi
323 979 600 1028 liberandus
623 981 683 1029 de
715 982 929 1046 AEgypto
953 982 1164 1046 populus
1191 982 1343 1030 Israel
1373 981 1585 1045 primum
1608 981 1786 1045 pascha
1810 982 1963 1029 facere

211 1061 422 1124 jubetur,
461 1064 574 1126 quia
599 1068 626 1089 “
643 1065 820 1114 dixerit
856 1066 1094 1114 Dominus
1129 1066 1192 1114 ad
1226 1065 1427 1129 Moysen
1462 1069 1512 1113 et
1547 1064 1741 1113 Aaron:
1781 1063 1964 1112 Mensis

214 1143 307 1192 iste
342 1146 477 1193 vobis
507 1146 800 1210 principium
835 1148 1074 1196 mensium
1109 1148 1297 1212 primus
1333 1147 1428 1196 erit
1461 1147 1514 1194 in
1549 1147 1796 1195 mensibus
1832 1148 1960 1195 anni.

215 1226 495 1290 Loquimini
536 1229 598 1277 ad
632 1230 913 1278 universum
948 1236 1124 1279 coetum
1160 1230 1371 1278 filiorum
1407 1230 1558 1278 Israel
1593 1235 1643 1278 et
1677 1229 1822 1278 dicite
1862 1230 1962 1278 eis:

215 1308 415 1358 Decima
439 1311 517 1359 die
541 1313 718 1361 mensis
750 1313 894 1377 hujus
925 1314 1067 1362 tollat
1089 1313 1417 1378 unusquisque
1445 1329 1622 1376 agnum
1647 1330 1734 1376 per
1756 1313 1963 1362 familias

214 1394 264 1437 et
287 1391 454 1441 domos
478 1394 629 1443 suas.''
699 1396 764 1444 Et
788 1397 932 1459 paulo
960 1398 1131 1460 post2:
1170 1401 1198 1422 “
1214 1397 1280 1444 Et
1310 1395 1565 1444 servabitis
1590 1413 1699 1443 eum
1724 1397 1963 1459 usquead

214 1475 671 1535 quartamdecimam
713 1478 892 1527 mensis
929 1479 1086 1542 hujus.
1171 1478 1553 1541 Immolabitque
1591 1494 1701 1526 eum
1736 1479 1963 1526 universa

213 1558 479 1608 multitudo
508 1560 718 1608 filiorum
754 1562 905 1610 Israel
941 1563 1002 1610 ad
1037 1561 1322 1626 vesperam.''
1395 1561 1585 1622 Quibus
1615 1562 1775 1610 verbis
1807 1561 1962 1611 mani-

212 1639 470 1690 festissime
502 1648 704 1703 constat,
740 1645 870 1708 quod
905 1645 977 1693 ita
1011 1644 1064 1692 in
1093 1644 1423 1693 observatione
1455 1645 1670 1707 paschali
1701 1645 1883 1693 mentio
1906 1645 1964 1693 fit

212 1722 310 1770 diei
350 1726 746 1787 quartaedecimae,
790 1733 846 1776 ut
893 1745 991 1776 non
1036 1732 1198 1776 tamen
1244 1727 1296 1774 in
1337 1727 1443 1790 ipsa
1484 1727 1561 1775 die
1603 1728 1963 1791 quartadecima

211 1806 385 1869 pascha
424 1808 528 1855 fieri
568 1810 881 1873 praecipiatur
896 1828 909 1871 ;
953 1811 1035 1859 sed
1077 1809 1362 1858 adveniente
1399 1811 1597 1858 tandem
1631 1827 1829 1874 vespera
1864 1811 1962 1859 diei

212 1890 609 1952 quartaedecimae,
646 1892 698 1940 id
734 1899 820 1953 est,
858 1893 1215 1957 quintadecima
1254 1893 1384 1952 luna,
1425 1910 1533 1956 quae
1571 1893 1765 1941 initium
1805 1895 1963 1943 tertiae

212 1973 493 2036 septimanae
540 1975 699 2036 faciat,
741 1976 793 2024 in
835 1977 941 2026 caeli
987 1977 1158 2025 faciem
1199 1976 1480 2039 prodeunte,
1524 1992 1676 2038 agnus
1723 1976 1963 2025 immolari

207 2055 466 2118 jubeatur:
506 2063 555 2105 et
579 2059 709 2121 quod
733 2059 837 2122 ipsa
861 2060 926 2108 sit
958 2077 1055 2108 nox
1081 2059 1463 2123 quintaedecimae
1486 2059 1628 2118 lunae,
1654 2059 1707 2106 in
1732 2076 1827 2123 qua
1854 2076 1964 2122 per-

213 2137 360 2185 cussis
383 2139 627 2203 AEgyptiis
650 2140 805 2189 Israel
837 2148 911 2191 est
942 2159 971 2190 a
1003 2143 1149 2206 longa
1180 2142 1412 2190 servitute
1437 2142 1726 2205 redemptuS.
1799 2146 1826 2167 “
1843 2143 1961 2206 Sep-

212 2219 352 2280 tem‚''
378 2220 539 2284 inquit
553 2223 582 2281 ³,
616 2223 830 2272 “diebus
859 2242 1029 2288 azyma
1060 2223 1361 2273 comedetis.''
1433 2223 1624 2285 Quibus
1657 2224 1775 2272 item
1802 2225 1963 2273 verbis

212 2309 318 2351 tota
340 2305 489 2352 tertia
516 2306 788 2368 septimana
811 2308 1024 2370 ejusdem
1047 2307 1194 2371 primi
1222 2307 1399 2355 mensis
1422 2307 1696 2356 decernitur
1718 2308 1962 2357 sollemnis

212 2402 314 2434 esse
338 2386 524 2435 debere.
595 2388 691 2437 Sed
723 2406 784 2437 ne
818 2394 1101 2453 putaremus
1136 2390 1328 2438 easdem
1356 2395 1541 2453 septem
1574 2390 1675 2439 dies
1706 2407 1734 2438 a
1765 2395 1960 2455 quarta-

212 2470 397 2519 decima
420 2487 571 2534 usque
596 2472 658 2519 ad
681 2471 959 2520 vicesimam
984 2490 1084 2521 esse
1108 2473 1450 2536 conputandas,
1475 2473 1702 2522 continuo
1727 2475 1958 2537 subjecit:

214 2559 240 2579 “
258 2554 320 2600 In
343 2553 422 2601 die
444 2553 602 2616 primo
620 2571 718 2602 non
742 2555 836 2603 erit
861 2555 1152 2604 fermentum
1175 2555 1227 2603 in
1251 2555 1474 2604 domibus
1491 2558 1678 2605 vestris.
1732 2557 1962 2617 Quicum—

213 2653 306 2700 que
346 2637 607 2685 comederit
644 2632 954 2697 fermentum,
991 2638 1170 2702 peribit
1213 2638 1372 2687 anima
1406 2638 1492 2687 illa
1525 2639 1586 2687 de
1617 2639 1783 2700 Israel,
1821 2657 1850 2687 a
1885 2641 1963 2689 die

211 2719 371 2783 primo
407 2736 559 2783 usque
596 2719 657 2767 ad
693 2720 822 2768 diem
858 2720 1163 2783 septimum,”
1201 2725 1252 2769 et
1289 2727 1472 2781 caetera,
1515 2723 1786 2786 usquedum
1826 2722 1958 2770 ait4:

214 2807 239 2829 “
257 2803 318 2849 In
350 2802 514 2850 eadem
551 2802 678 2850 enim
714 2802 818 2866 ipsa
847 2803 925 2851 die
960 2803 1159 2852 educam
1194 2805 1458 2853 exercitum
1490 2812 1706 2854 vestrum
1738 2805 1798 2854 de
1832 2811 1962 2853 terra

210 2884 459 2948 AEgypti.”
533 2884 754 2932 Primum
789 2903 904 2950 ergo
940 2886 1068 2934 diem
1096 2903 1373 2950 azymorum
1407 2889 1619 2952 appellat
1649 2905 1760 2937 eum
1788 2888 1840 2935 in
1864 2904 1961 2951 quo

211 2967 477 3015 exercitum
511 2983 676 3014 eorum
711 2971 835 3015 esset
863 2966 1124 3017 educturus
1159 2969 1218 3017 de
1253 2970 1480 3034 AEgypto.
1559 2971 1761 3019 Constat
1796 2975 1961 3018 autem

212 3051 328 3114 quia
362 3066 461 3097 non
496 3049 856 3112 quartadecima
888 3050 987 3110 die,
1006 3040 1058 3098 in
1091 3051 1226 3115 cujus
1252 3069 1451 3116 vespera
1481 3070 1636 3116 agnus
1664 3058 1738 3100 est
1771 3052 1960 3099 immol-

212 3141 337 3193 atus,
374 3137 424 3181 et
466 3149 573 3195 quae
614 3132 807 3195 proprie
848 3133 1024 3196 pascha
1061 3133 1161 3183 sive
1196 3134 1345 3199 phase
1382 3136 1591 3196 dieitur3
1642 3135 1724 3183 sed
1766 3134 1959 3198 quinta-

375 3242 388 3264 ¹
416 3243 614 3294 scriptum
633 3242 706 3295 est]
730 3243 809 3282 Ex.
831 3243 902 3284 xii.
927 3255 1017 3295 1—3.
1274 3246 1290 3269 ⁸
1317 3245 1475 3298 inquit]
1500 3246 1563 3287 Ib.
1585 3257 1645 3298 15.

373 3297 389 3320 ²
416 3298 667 3351 paulopost]
690 3297 754 3340 Ib.
776 3297 814 3338 6.
1274 3300 1290 3324 ⁵
1316 3301 1399 3353 ait]
1422 3301 1487 3341 Ib.
1507 3312 1570 3352 17.
