2216 3554
328 185 419 230 188
914 182 1140 231 Historia
1178 182 1517 232 Ecclesiastica

1837 182 1971 252 [LIB.
1989 202 2069 234 111.

323 313 454 362 credi
500 317 659 377 potest
706 320 988 362 ornamenta
1037 315 1170 377 regia
1215 315 1293 364 vel
1341 314 1539 363 donaria
1584 314 1635 362 in
1682 315 1894 377 pretium
1939 316 2071 379 pacis

322 395 627 459 largiturum,
665 397 924 444 dummodo
962 398 1042 445 ille
1078 398 1276 445 domum
1311 397 1504 455 rediret,
1543 401 1591 444 et
1628 397 1901 459 provincias
1935 398 2071 461 regni

323 478 427 542 ejus
463 496 616 543 usque
650 480 711 526 ad
746 479 1123 528 internecionem
1157 484 1347 528 vastare
1381 479 1635 527 desineret.
1725 479 1944 544 Cumque
1985 498 2072 528 rex

323 561 538 624 perfidus
590 562 866 610 nullatenus
918 563 1139 625 precibus
1195 562 1328 610 illius
1389 578 1635 608 assensum
1690 563 1939 624 praeberet,
1987 563 2073 625 qui

323 647 478 690 totam
515 645 617 706 ejus
659 650 850 706 gentem
899 662 927 692 a
973 661 1123 706 parvo
1164 661 1317 707 usque
1362 643 1423 691 ad
1471 660 1700 706 magnum
1735 644 1893 692 delere
1927 650 2074 708 atque

324 725 648 772 exterminare
667 726 957 784 decreverat,
977 726 1192 788 respexit
1215 726 1296 773 ille
1320 725 1380 773 ad
1405 725 1581 773 divinae
1606 725 1839 773 auxilium
1864 727 2074 789 pietatis,

324 825 419 870 quo
453 808 514 855 ab
550 808 799 871 impietate
835 809 1086 857 barbarica
1118 814 1280 872 posset
1305 808 1457 872 eripi:
1495 812 1706 872 votoque
1728 825 1787 857 se
1822 810 2073 872 obligans:

326 890 408 939 ‘Si
444 891 692 953 paganus,'
724 891 902 957 inquit,
932 891 1111 939 ‘nescit
1135 890 1350 953 accipere
1383 898 1550 939 nostra
1582 891 1796 951 donaria,
1822 892 2075 940 offeramus

325 972 369 1020 ei
405 973 489 1035 qui
524 973 676 1031 novit,
716 973 926 1021 Domino
961 974 1065 1020 Deo
1098 973 1290 1021 nostro?
1363 972 1512 1022 Vovit
1548 990 1662 1036 ergo
1698 975 1814 1037 quia
1849 975 1891 1022 si
1918 974 2076 1023 victor

325 1055 567 1113 existeret,
619 1055 770 1102 filiam
825 1072 963 1102 suam
1024 1053 1235 1103 Domino
1295 1073 1430 1104 sacra
1483 1056 1764 1119 virginitate
1819 1057 2075 1105 dicandam

326 1137 546 1197 offerret;
597 1137 739 1185 simul
777 1143 826 1185 et
866 1137 1119 1186 duodecim
1160 1139 1482 1201 possessiones
1527 1139 1819 1203 praediorum
1861 1140 1924 1188 ad
1964 1157 2075 1188 con-

328 1221 556 1268 struenda
590 1221 881 1268 monasteria
917 1221 1149 1268 donaret:
1198 1225 1250 1268 et
1290 1221 1357 1269 sic
1393 1238 1502 1269 cum
1537 1221 1825 1285 paucissimo
1862 1222 2077 1271 exercitu

327 1319 376 1350 se
424 1302 676 1350 certamini
722 1302 869 1350 dedit.
964 1303 1189 1366 Denique
1240 1303 1398 1350 fertur
1450 1304 1566 1367 quia
1625 1303 1787 1352 tricies
1848 1305 2077 1368 majorem

326 1385 503 1447 pagani
549 1385 805 1433 habuerint
852 1385 1147 1446 exercitum;
1198 1385 1436 1449 siquidem
1482 1385 1576 1449 ipsi
1616 1386 1822 1449 triginta
1866 1387 2078 1451 legiones

326 1467 532 1514 ducibus
566 1467 877 1515 nobilissimis
912 1468 1172 1516 instructas
1208 1468 1257 1515 in
1293 1468 1418 1516 bello
1453 1468 1677 1528 habuere,
1711 1469 1887 1532 quibus
1923 1469 2076 1518 Osuiu

326 1567 412 1597 rex
447 1567 555 1598 cum
589 1549 842 1598 Alchfrido
875 1550 989 1608 filio,
1019 1567 1324 1614 perparvum,
1349 1554 1407 1598 ut
1439 1551 1555 1610 dixi,
1585 1551 1766 1599 habens
1797 1552 2078 1611 exercitum,

327 1634 411 1680 sed
461 1633 655 1681 Christo
703 1633 822 1680 duce
873 1633 1080 1681 confisus
1140 1633 1360 1681 occurrit.
1455 1633 1584 1681 Nam
1632 1634 1756 1682 alius
1801 1634 1931 1682 filius
1978 1637 2080 1698 ejus

327 1715 527 1778 Ecgfrid
576 1731 633 1762 eo
679 1719 897 1778 tempore
943 1716 994 1762 in
1041 1715 1291 1778 provincia
1340 1715 1632 1763 Merciorum
1682 1716 1812 1779 apud
1861 1717 2078 1780 reginam

329 1798 571 1861 Cynuise¹
606 1798 742 1846 obses
778 1798 1045 1846 tenebatur.
1141 1798 1299 1845 Filius
1336 1804 1499 1846 autem
1529 1797 1732 1846 Osualdi
1767 1799 1895 1862 regis
1927 1799 2079 1848 Oidil-

326 1880 455 1939 uald,
483 1880 564 1944 qui
591 1880 658 1929 eis
681 1879 864 1928 auxilio
889 1897 991 1928 esse
1016 1880 1264 1940 debuerat,
1290 1880 1341 1928 in
1374 1885 1512 1944 parte
1546 1885 1650 1929 erat
1679 1881 2079 1941 adversariorum,

328 1963 602 2026 eisdemque
631 1968 799 2011 contra
834 1963 1045 2026 patriam
1076 1969 1125 2011 et
1156 1967 1387 2026 patruum
1420 1980 1563 2012 suum
1595 1964 1883 2027 pugnaturis
1907 1965 2080 2012 ductor

327 2047 592 2105 exstiterat,
630 2045 852 2110 quamvis
893 2046 999 2109 ipso
1045 2052 1263 2110 tempore
1308 2047 1558 2110 pugnandi
1606 2063 1704 2096 sese
1750 2063 1926 2110 pugnae
1965 2048 2078 2096 sub-

327 2133 557 2188 traxerat,
607 2133 930 2191 eventumque
977 2129 1273 2178 discriminis
1322 2134 1431 2177 tuto
1485 2129 1537 2176 in
1591 2130 1698 2177 loco
1753 2131 2079 2192 exspectabat.

330 2212 460 2259 Inito
497 2227 610 2273 ergo
648 2211 909 2258 certamine
955 2211 1111 2274 fugati
1154 2216 1267 2259 sunt
1314 2216 1363 2259 et
1404 2211 1515 2260 caesi
1553 2211 1744 2274 pagani,
1781 2212 1925 2260 duces
1960 2214 2081 2276 regii

328 2293 563 2354 triginta²
600 2294 685 2356 qui
722 2294 783 2341 ad
816 2293 1055 2341 auxilium
1089 2300 1322 2342 venerant
1357 2311 1479 2357 pene
1516 2310 1681 2342 omnes
1716 2294 1989 2344 interfecti:
2028 2296 2080 2343 in

330 2376 506 2439 quibus
537 2375 778 2424 AEdilheri
814 2376 963 2424 frater
987 2375 1145 2424 Annae
1179 2377 1307 2440 regis
1338 2376 1664 2424 Orientalium
1699 2376 1972 2441 Anglorum
1996 2379 2080 2442 qui

329 2461 441 2522 post
488 2474 598 2506 eum
644 2459 879 2522 regnavit,
916 2463 1085 2507 auctor
1125 2458 1229 2522 ipse
1275 2458 1404 2516 belli,
1453 2457 1658 2522 perditis
1704 2459 1942 2508 militibus
1980 2460 2081 2509 sive

330 2591 407 2630 bus
426 2590 646 2629 Britonum
663 2604 672 2638 ;
700 2591 744 2629 id
763 2595 824 2630 est
837 2590 992 2630 Atbret
1006 2591 1036 2630 J
1040 2588 1174 2631 udeu.’

329 2645 462 2684 These
481 2645 562 2684 last
576 2646 708 2685 words
728 2659 797 2686 are
818 2647 864 2686 of
871 2660 971 2698 very
985 2646 1176 2685 doubtful

330 2700 539 2751 meaning,
571 2700 649 2739 but
682 2701 821 2740 Petrie
859 2705 1050 2752 suggests
1085 2703 1095 2721 ‘
1107 2701 1179 2740 the

330 2756 489 2807 buying
509 2755 571 2793 off
584 2754 630 2793 of
645 2756 904 2795 Inch-Keith
921 2754 949 2804 ;'
979 2755 1029 2794 cf.
1043 2769 1179 2807 supra,

331 2825 371 2863 p.
405 2818 467 2860 27,
495 2814 593 2848 note
625 2822 660 2860 3.
717 2811 804 2857 See,
846 2811 1047 2860 however,
1077 2815 1181 2850 next

333 2878 451 2917 page,
483 2868 578 2904 note
608 2876 642 2904 1.
698 2865 815 2916 They
832 2865 970 2904 would
999 2879 1108 2904 seem
1137 2870 1181 2904 to

332 2922 452 2973 point
466 2923 510 2959 to
524 2933 579 2958 an
590 2919 822 2971 expedition
840 2924 883 2959 to
895 2921 966 2959 the
979 2919 1181 2960 Lothians

336 2974 792 3025 (Manau)—-rendered
820 2974 1015 3025 probable
1034 2975 1087 3027 by
1109 2976 1181 3014 the

332 3030 428 3077 fact,
450 3043 518 3069 see
538 3029 679 3076 below,
700 3029 794 3068 that
813 3029 949 3069 Oswio
977 3029 1059 3068 had
1088 3031 1180 3069 sub-

333 3085 443 3123 dued
489 3084 736 3123 Pictland—
745 3084 827 3123 and
874 3097 929 3123 an
974 3084 1178 3124 armistice

333 3139 473 3178 before
510 3139 541 3178 J
546 3139 667 3178 udeu.
723 3139 857 3177 These
894 3138 994 3189 gifts
1032 3146 1076 3178 to
1106 3139 1178 3178 the

336 3193 494 3232 British
523 3194 646 3245 kings
672 3207 770 3246 may
787 3193 893 3232 have
921 3193 1042 3232 made
1064 3194 1180 3233 them

332 3248 421 3301 join
442 3249 586 3289 Penda
604 3261 657 3288 on
677 3248 750 3288 the
770 3248 986 3288 Winwaed.

1287 2590 1303 2613 ¹
1330 2590 1529 2642 Gynuise]
1558 2591 1811 2644 Cynuwisse,
1834 2592 1875 2631 S.
1888 2592 1943 2631 V.

1286 2644 1302 2667 ²
1331 2646 1448 2686 duces
1467 2645 1571 2699 reqii
1599 2646 1796 2698 triyinta]
1825 2651 1933 2686 ‘xxx
1961 2660 2082 2699 cyne-

1234 2702 1412 2741 bearnass
1468 2701 1509 2741 S.
1541 2701 1695 2740 Chron.
1751 2702 1945 2740 Nennius
1975 2715 2081 2754 says,

1236 2762 1245 2778 ‘
1261 2760 1303 2795 et
1330 2769 1448 2808 reges
1476 2756 1698 2795 Britonum
1727 2756 1936 2796 interfecti
1966 2761 2078 2805 sunt,

1235 2811 1308 2862 qui
1347 2812 1534 2850 exierant
1571 2824 1665 2849 cum
1702 2824 1798 2862 rege
1835 2811 2002 2851 Pantha
2037 2812 2082 2850 in

1235 2866 1498 2918 expeditione
1537 2878 1667 2917 usque
1714 2866 1768 2905 ad
1807 2865 1951 2905 urbem
1988 2879 2082 2917 quae

1236 2924 1407 2959 vocatur
1453 2921 1483 2960 J
1487 2920 1608 2959 udeu.
1643 2951 1651 2960 .
1683 2951 1692 2960 .
1728 2950 1738 2960 .
1774 2921 1893 2960 Solus
1940 2925 2082 2960 autem

1236 2975 1456 3026 Catgabail
1490 2988 1566 3014 rex
1595 2974 1851 3015 Guenedotae
1887 2975 2079 3027 regionis,

1236 3043 1332 3069 cum
1370 3030 1554 3069 exercitu
1592 3043 1667 3069 suo
1704 3030 1836 3068 evasit
1873 3029 2082 3069 de'nocte

1233 3098 1496 3136 consurgens,
1532 3089 1783 3136 quapropter
1819 3087 1881 3123 est
1910 3089 2082 3124 vocatus

1234 3139 1453 3191 Catgabail
1473 3137 1826 3191 Catguommedd.’
1882 3138 1946 3179 Μ.
1961 3139 2017 3178 Η.
2032 3139 2081 3179 Β.

1236 3208 1276 3245 p.
1300 3193 1362 3245 76.
1418 3194 1507 3233 The
1534 3194 1615 3233 last
1640 3194 1751 3233 word
1779 3194 1815 3232 is
1843 3193 1962 3232 there
1990 3207 2083 3234 ren·

1236 3248 1363 3290 dered
1384 3249 1479 3302 ‘qui
1498 3261 1680 3302 pugnam
1699 3248 1863 3289 renuit!
