2216 3554
197 178 428 250 CAP.1v.]
826 182 990 234 Gentis
1025 180 1310 244 Anyzorum.
1851 189 1948 236 295

197 317 440 362 cremento
481 317 569 363 est.
655 312 725 362 Et
771 312 892 377 quid
919 329 1018 377 -ego
1053 329 1250 376 possum
1286 311 1472 375 puellae,
1499 312 1551 361 -si
1587 313 1825 364 moritura
1859 322 1946 375 est,

196 396 351 444 facere
368 397 385 443 2
401 394 429 415 ''
503 394 581 444 At
614 395 698 443 illa
732 394 996 443 instantius
1036 394 1291 443 obsecrans
1325 411 1414 457 pro
1449 393 1552 442 filia
1575 411 1733 458 -quam
1769 396 1949 459 oppido

196 477 443 540 diligebat,
484 493 598 524 nam
639 482 689 526 et
733 476 1024 526 abbatissam
1067 493 1174 524 eam
1207 492 1298 539 pro
1339 492 1389 524 se
1430 476 1588 524 facere
1628 476 1947 540 disposuerat,

197 561 393 608 tandem
439 558 654 608 obtinuit
699 565 757 608 ut
804 559 868 607 ad
914 559 1223 623 languentem
1270 558 1492 607 intraret.
1570 559 1791 608 Intravit
1827 576 1950 623 ergo

197 657 272 689 me
307 658 468 690 secum
502 642 760 704 adsumpto
793 641 856 690 ad
890 640 1130 704 virginem
1165 657 1274 704 quae
1303 641 1498 703 jacebat
1533 642 1702 702 multo,
1728 647 1794 690 >ut
1829 640 1950 699 dixi,

197 723 362 772 dolore
397 723 669 782 constricta,
706 726 756 772 et
796 723 992 772 brachio
1033 722 1087 770 in
1122 726 1316 772 tantum
1350 730 1689 788 grossescente,
1720 729 1784 771 ut
1824 722 1950 771 nihil

196 822 391 868 prorsus
419 805 472 853 in
495 805 660 854 cubito
691 804 912 853 flexionis
941 805 1173 855 haberet:
1211 810 1262 854 et
1292 806 1488 854 adstans
1520 805 1649 855 dixit
1680 805 1951 854 orationem
1978 835 1986 838 -

197 905 342 952 super
387 888 535 946 illam,
575 903 632 936 ac
677 887 965 936 benedicens
1011 904 1230 952 egressus
1271 893 1357 937 est.
1429 889 1650 952 Cumque
1695 891 1807 951 post
1846 887 1950 935 haec

197 971 315 1018 hora
345 974 646 1034 competente
680 971 1044 1019 consederemus
1082 971 1145 1019 ad
1185 988 1415 1031 mensam,
1453 972 1714 1020 adveniens
1750 970 1950 1035 quidam

196 1051 422 1102 clamavit
461 1069 538 1100 me
584 1052 726 1111 foras,
769 1057 819 1100 et
859 1052 956 1101 ait:
1001 1056 1028 1078 “
1047 1052 1268 1101 Postulat
1316 1052 1643 1118 Quoenburg,”
1681 1053 1773 1103 hoc
1820 1052 1952 1101 enim

197 1139 320 1184 erat„
347 1150 522 1181 nomen
566 1133 789 1197 virginis,
834 1138 861 1160 “
877 1140 935 1182 ut
975 1134 1108 1183 ocius
1149 1135 1438 1199 regrediaris
1484 1136 1547 1184 ad
1592 1135 1738 1184 eam.’'
1811 1134 1952 1196 Quod

196 1217 312 1264 dum
340 1217 556 1276 facerem,
582 1217 742 1280 reperi
772 1217 908 1264 illam
941 1217 1218 1281 ingrediens
1241 1219 1390 1266 vultu
1421 1218 1715 1278 hilariorem,
1732 1224 1790 1267 -et
1816 1218 1953 1267 velut

197 1297 367 1361 sospiti
401 1299 621 1347 similem.
691 1300 758 1348 Et
788 1300 905 1348 dum
941 1300 1213 1348 adsiderem
1239 1300 1335 1360 -illi,
1370 1301 1524 1349 dixit:
1563 1305 1591 1326 “
1608 1301 1702 1352 Vis
1722 1305 1954 1365 ¹petamus

196 1379 436 1428 bibere‘P'
518 1380 594 1429 At
629 1396 750 1443 eg03
788 1385 816 1408 “
833 1381 1002 1441 Volo,'’
1040 1381 1256 1446 inquam,
1283 1386 1310 1408 “
1327 1387 1378 1430 et
1409 1383 1621 1432 multum
1653 1383 1876 1444 delector,
1910 1384 1953 1433 si

195 1461 374 1526 potes.’'
446 1461 668 1527 Cumque
714 1463 877 1512 oblato
911 1464 1090 1528 ,poculo
1129 1463 1404 1513 biberemus
1432 1466 1601 1525 ambo,
1645 1466 1791 1529 coepit
1831 1466 1954 1516 mihi

197 1545 357 1594 dicere
382 1544 498 1609 quia
522 1549 549 1570 “
566 1561 627 1592 ex
656 1561 750 1608 quo
782 1546 1034 1610 episcopus
1064 1546 1285 1596 oratione
1303 1563 1397 1610 ,pro
1417 1552 1590 1607 .me,et
1622 1547 1953 1598 benedictione

197 1626 435 1690 completa
490 1643 711 1690 egressus
766 1633 850 1687 est,
912 1628 1078 1676 statim
1138 1628 1312 1677 melius
1367 1629 1545 1677 habere
1596 1628 1807 1693 incipi03
1861 1630 1955 1679 etsi

197 1709 405 1757 necdum
428 1708 557 1756 vires
589 1709 821 1771 pristinas
853 1710 1024 1773 recepi,
1049 1710 1187 1759 dolor
1209 1717 1373 1759 tamen
1398 1711 1555 1758 omnis
1589 1716 1637 1759 et
1670 1711 1729 1758 de
1756 1710 1953 1758 brachio

196 1790 282 1837 ubi
305 1790 553 1838 ardentior
575 1792 750 1851 inerat,
776 1798 826 1840 et
850 1792 909 1840 de
932 1797 1038 1840 toto
1063 1809 1169 1841 meo
1198 1809 1412 1856 corpore,
1438 1776 1576 1841 vehit
1599 1792 1705 1855 ipso
1730 1792 1952 1856 episcopo

196 1873 322 1920 foras
346 1889 456 1920 eum
482 1877 784 1936 exportante,
804 1874 1028 1922 funditus
1058 1876 1251 1924 ablatus
1275 1881 1362 1935 est,
1387 1875 1584 1924 tametsi
1609 1884 1773 1924 tumor
1796 1874 1954 1924 adhuc

195 1955 382 2005 brachii
409 1972 603 2004 manere
626 1955 915 2005 videretur.”
985 1955 1303 2006 Abeuntibus
1337 1962 1501 2006 autem
1525 1957 1666 2006 nobis
1688 1957 1814 2016 inde,
1841 1973 1953 2004 con·

196 2037 335 2087 tinuo
350 2038 572 2102 fugatum
589 2038 805 2087 dolorem
821 2039 1147 2088 membrorum
1165 2040 1281 2103 fuga
1296 2056 1488 2103 quoque
1503 2039 1710 2088 tumoris
1723 2038 1953 2087 horrendi

198 2125 362 2168 secuta
393 2125 470 2169 est
485 2138 500 2181 ,-
536 2126 586 2169 et
618 2125 785 2184 erepta
821 2121 971 2170 morti
994 2140 1058 2171 ac
1089 2123 1338 2172 doloribus
1364 2123 1517 2187 virgo,
1542 2122 1708 2171 laudes
1739 2121 1953 2170 Domino

197 2191 438 2251 Sal'vatori
461 2219 558 2251 una
582 2220 693 2251 cum
718 2204 907 2253 caeteris
931 2205 1017 2269 qui
1040 2205 1113 2253 ibi
1138 2209 1290 2266 erant,
1316 2205 1467 2255 servis
1484 2205 1623 2255 >illius
1646 2204 1913 2254 referebat!

953 2406 1098 2456 GAP..
1147 2406 1237 2455 IV.

432 2529 484 2571 Ut
502 2530 711 2582 eonjugyem
731 2532 890 2572 comitis
909 2531 1122 2582 infirmam
1141 2545 1253 2585 aqua
1271 2531 1479 2574 benedicta
1497 2533 1713 2573 curaverit.

268 2642 440 2690 ALIUD
487 2659 681 2706 quoque
727 2660 824 2691 non
871 2628 1084 2691 inultum
1131 2642 1245 2691 huic
1286 2643 1520 2692 dissimile
1567 2643 1852 2691 miraculum
1894 2642 1953 2691 de

200 2725 399 2788 praefato
454 2725 674 2773 antistite
732 2726 949 2774 narravit
1007 2725 1138 2774 idem
1195 2726 1356 2786 abbas,
1414 2726 1606 2775 dicens:
1688 2780 1718 2809 3·
1732 2766 1884 2802 eureos

202 2819 212 2838 ‘
232 2807 364 2855 Villa
388 2811 494 2854 erat
521 2807 713 2855 comitis
745 2808 992 2870 cujusdam
1022 2807 1108 2871 qui
1132 2808 1394 2856 vocabatur
1426 2809 1559 2857 Puch
1575 2809 1607 2868 ¹,
1660 2816 1750 2852 Earl
1765 2815 1902 2871 ruch’s

202 2906 299 2937 non
327 2889 469 2951 longe
493 2906 522 2936 a
544 2889 840 2937 monasterio
873 2894 1055 2948 nostro,
1080 2889 1132 2938 id
1161 2894 1248 2950 est,
1274 2890 1426 2938 duum
1460 2891 1610 2939 ferme
1731 2866 1823 2900 mre.

202 2971 408 3020 millium
435 2970 591 3033 spatio
617 2975 837 3034 separata
858 2988 868 3019 :
907 2973 1044 3034 cujus
1069 2974 1243 3035 conjux
1262 2973 1583 3037 quadraginta
1605 2974 1756 3021 ferme
1781 2970 1950 3018 diebus

202 3058 307 3102 erat
341 3052 647 3102 acerbissimo
683 3053 912 3116 languore
936 3054 1145 3114 detenta,
1172 3054 1242 3103 ita
1270 3060 1326 3103 ut
1358 3056 1516 3104 tribus
1549 3053 1830 3119 septimanis
1854 3068 1950 3101 non

257 3179 270 3201 ²
302 3177 433 3230 Puch]
492 3177 569 3217 See
601 3176 786 3218 Monast.
816 3176 944 3228 Angl.
977 3175 1021 3217 ii.
1054 3185 1143 3228 127.
1199 3177 1392 3226 Kemble,
1424 3177 1632 3217 Archaeol.
1663 3174 1952 3227 Proceedings,

207 3235 323 3285 1845,
343 3246 383 3285 p.
406 3234 471 3283 85,
494 3236 604 3280 note,
626 3230 754 3271 refers
772 3230 853 3271 this
875 3230 989 3272 word
1009 3235 1050 3271 to
1068 3245 1093 3271 a
1112 3231 1289 3286 Kymric
1307 3246 1354 3272 or
1373 3232 1532 3273 Pictish
1551 3235 1656 3271 root.
