2216 3554
202 201 322 250 OAP.
342 197 461 269 v11.]
830 199 997 250 Gentis
1030 197 1324 261 Anylorum.
1352 203 1362 206 “
1856 204 1948 249 301

201 333 410 382 sociatus
442 333 494 380 in
518 332 662 381 caelis.
733 330 828 380 Cui
853 331 1000 380 etiam
1036 334 1251 394 tempore
1274 328 1581 392 baptismatis
1615 345 1742 393 papa
1775 333 1955 379 mem'o-

201 423 337 464 ratus
397 415 531 464 Petri
589 430 764 462 nomen
822 413 1131 476 imposuerat,
1179 418 1235 460 ut
1293 411 1571 460 beatissimo
1629 413 1955 475 apostolorum

202 498 428 562 principi,
469 498 531 546 ad
573 497 710 560 cujus
755 495 1130 544 sacratissimum
1180 510 1353 556 corpus
1400 511 1428 541 a
1466 493 1644 541 finibus
1690 497 1831 542 terrae
1872 495 1955 557 pio

203 581 377 629 ductus
402 596 563 628 amore
580 583 794 637 venerat,
810 577 956 625 etiam
973 575 1183 625 nominis
1207 575 1363 639 ipsius
1384 575 1624 623 consortio
1642 576 1955 639 jungeretur:

203 664 287 726 qui
319 663 371 709 in
407 663 509 726 ejus
544 678 734 726 quoque
770 659 969 708 ecclesia
1003 658 1222 722 sepultus
1251 664 1363 706 est:
1411 662 1461 705 et
1491 658 1691 720 jubente
1726 659 1957 721 pontifice

203 745 503 808 epitaphium
538 744 591 791 in
632 743 735 807 ers
776 748 1089 790 monumento
1127 741 1379 803 scriptum,
1416 741 1467 788 in
1497 743 1603 803 quo
1638 747 1687 789 et
1722 741 1957 789 memoria

203 827 475 875 devotionis
509 827 664 890 ipsius
698 826 796 873 fixa
829 841 916 888 per
951 824 1128 873 saecula
1163 828 1393 882 maneret,
1432 827 1481 871 et
1516 823 1730 886 legentes
1765 841 1957 887 quoque

204 910 282 957 vel
314 909 564 957 audientes
598 907 872 972 exemplum
896 905 1028 966 facti,
1053 906 1114 953 ad
1147 905 1366 953 studium
1390 905 1639 969 religionis
1662 906 1956 954 accenderet.

204 991 447 1055 Scriptum
470 996 542 1039 est
565 1007 678 1054 ergo
701 990 791 1037 hoc
816 988 986 1037 modo:

375 1079 386 1099 ‘
406 1073 624 1131 Culmen,
681 1087 810 1135 opes,
870 1070 1099 1129 subolem,
1157 1069 1394 1133 pollentia
1447 1086 1611 1133 regna,
1657 1090 1737 1125 The
1759 1089 1916 1132 epitaph

539 1154 825 1217 triumphos,
1661 1151 1708 1177 on
1722 1140 1783 1175 his
1797 1140 1918 1175 tomb.

476 1237 706 1296 ExuviaS,
731 1252 968 1298 proceres,
995 1234 1188 1293 moenia,
1214 1239 1387 1295 castra,
1413 1234 1565 1295 lares;

403 1321 623 1382 Quaeque
647 1323 841 1382 patrum
866 1317 1036 1375 virtus,
1062 1322 1111 1365 et
1136 1334 1243 1381 quae
1269 1322 1575 1381 congesserat
1598 1316 1704 1380 ipse

408 1440 413 1446 -
475 1402 667 1452 Caedual
693 1401 1003 1464 armipotens,
1028 1400 1173 1463 liquit
1197 1416 1360 1448 amore
1385 1399 1496 1457 Dei,

407 1486 481 1534 Ut
504 1486 715 1543 Petrum,
741 1484 997 1547 sedemque
1022 1483 1154 1531 Petri
1177 1499 1264 1530 rex
1288 1488 1505 1530 cerneret
1529 1482 1715 1544 hospes,

475 1567 628 1632 Cujus
651 1568 785 1615 fonte
809 1583 964 1614 meras
989 1569 1202 1615 sumeret
1224 1565 1380 1613 almus
1405 1581 1570 1627 aquas.

408 1649 854 1714 Splendificumque
873 1648 1018 1712 jubar
1040 1647 1249 1695 radianti
1275 1653 1493 1711 carperet
1517 1646 1714 1704 haustu,

475 1733 554 1780 Ex
580 1749 674 1796 quo
700 1731 917 1780 vivificus
941 1731 1104 1794 fulgor
1127 1729 1306 1793 ubique
1329 1729 1455 1777 fluit.

409 1815 780 1879 Percipiensque
804 1814 960 1862 alacer
983 1813 1214 1862 redivivae
1239 1812 1439 1875 praemia
1463 1811 1594 1870 vitae,

478 1897 787 1945 Barbaricam
811 1896 1008 1956 rabiem,
1035 1913 1211 1944 nomen
1236 1899 1286 1943 et
1309 1894 1423 1942 inde
1448 1910 1589 1941 suum

406 1980 684 2030 *Conversus
709 1979 948 2028 convertit
972 1995 1119 2027 ovans
1139 1995 1149 2026 :
1189 1979 1483 2040 Petrumque
1506 1976 1672 2025 vocari

481 2063 681 2126 Sergius
704 2064 905 2110 antistes
924 2061 1086 2125 jussit,
1111 2066 1167 2109 ut
1190 2060 1297 2124 ipse
1319 2066 1459 2123 pater

407 2144 567 2193 Fonte
591 2145 899 2204 renascentis,
926 2161 1071 2208 quem
1095 2143 1280 2193 Christi
1304 2142 1466 2207 gratia
1490 2157 1706 2204 purgans

479 2228 707 2277 Protinus
731 2228 949 2276 albatum
974 2227 1107 2275 vexit
1130 2226 1182 2273 in
1205 2242 1313 2274 arce
1337 2225 1451 2288 poli.

411 2310 541 2358 Mira
562 2310 682 2359 fides
707 2310 835 2373 regis
858 2312 867 2358 Ξ
904 2308 1159 2358 clementia
1184 2308 1396 2356 maxima
1420 2305 1620 2363 Christi,

478 2392 631 2457 Cujus
654 2392 911 2441 consilium
934 2392 1096 2439 nullus
1119 2391 1252 2439 adire
1275 2394 1438 2454 potest
1459 2391 1468 2436 !

414 2474 587 2538 Sospes
611 2475 741 2523 enim
764 2474 960 2523 veniens
983 2490 1208 2537 supremo
1233 2490 1294 2521 ex
1318 2472 1432 2520 orbe
1458 2469 1698 2530 Britanni,

498 2557 589 2606 Per
610 2557 767 2606 varias
790 2563 970 2620 gentes,
995 2573 1083 2620 per
1104 2556 1240 2614 freta,
1264 2571 1445 2619 perque
1469 2553 1588 2614 vias,

411 2640 600 2690 Urbem
625 2629 914 2687 Romuleam
937 2638 1077 2698 vidit,
1101 2637 1434 2702 templumque
1457 2635 1720 2686 verendum

482 2721 701 2785 Aspexit,
731 2721 863 2769 Petri
887 2720 1090 2783 mystica
1112 2720 1238 2768 <lona
1261 2736 1444 2784 gerens.

413 2800 667 2855 Candidus
690 2803 819 2851 inter
842 2819 954 2851 oves
978 2801 1163 2852 Christi
1188 2802 1427 2851 sociabilis
1450 2801 1544 2851 ibit
1567 2819 1577 2849 τ

485 2886 700 2950 Corpore
724 2902 834 2932 nam
860 2884 1120 2944 tumulum,
1146 2887 1306 2933 mente
1329 2900 1539 2948 superna
1562 2888 1710 2932 tenet.

415 2968 747 3019 Commutasse
771 2966 925 3031 magis
948 2969 1247 3031 sceptrorum
1270 2966 1482 3031 insignia
1506 2966 1686 3022 credas,

484 3050 640 3112 Quem
665 3065 868 3113 regnum
892 3048 1078 3098 Christi
1102 3049 1424 3113 promeruisse
1449 3048 1598 3097 vides.

214 3154 225 3174 ‘
240 3148 341 3198 Hic
365 3146 615 3211 depositus
639 3150 713 3195 est
736 3145 950 3205 CaeduaL
971 3144 1058 3209 qui
1082 3151 1132 3194 et
1154 3144 1344 3205 Petrus,
1369 3162 1455 3193 rex
1480 3145 1742 3199 Saxonum,
1769 3140 1857 3189 sub
1882 3140 1962 3189 die

210 3230 493 3280 duodecimo
527 3227 845 3277 kalendarum
873 3227 1126 3289 Maiarum,
1152 3226 1416 3276 indictione
1448 3224 1687 3286 secunda3
1731 3222 1811 3287 qui
1838 3222 1963 3272 vixit
