2216 3554
324 162 421 207 296
901 155 1128 204 Historia
1163 155 1498 205 Ecclesiasm‘oa
1871 156 2005 225 [Lm.
2021 174 2070 206 v.

323 294 486 354 posset
509 290 569 338 de
593 289 890 337 cubiculoin
914 305 1009 352 quo
1026 288 1219 352 jacebat
1249 289 1378 336 foras
1407 288 1580 336 efferri.
1657 289 1879 353 Contigit
1908 298 2070 340 autem

320 389 376 421 eo
409 379 626 434 tempore
657 371 816 419 virum
849 372 944 419 Dei
971 371 1054 418 illo
1086 371 1146 418 ad
1177 371 1491 419 dedicandam
1527 371 1772 419 ecclesiam
1809 373 1869 420 ab
1905 374 2071 421 eodem

320 456 495 503 comite
530 454 702 503 vocari.
794 453 1012 517 CUmque
1044 453 1270 502 dedicata·
1297 460 1422 502 esset
1457 453 1663 513 ecclesia,
1689 455 1882 517 rogavit
1913 473 2071 504 comes

319 553 430 584 eum
465 537 527 585 ad
563 536 896 599 prandendum
942 535 996 583 in
1033 537 1232 584 domum
1279 553 1416 584 suam
1453 535 1658 599 ingredi.
1746 537 1934 586 Renuit
1970 539 2070 601 epi-

317 635 502 682 scopus,
539 619 703 667 dicens
739 635 788 666 se
824 618 884 666 ad
925 618 1275 666 monasterium
1311 619 1442 682 quod
1482 619 1701 681 proxime
1743 624 1860 679 erat,
1899 620 2070 668 debere

315 701 509 749 reverti.
602 701 675 749 At
721 700 805 748 ille
853 699 1092 747 obnixius
1124 701 1349 763 precibus
1396 700 1598 761 instans,
1645 702 1781 749 vovit
1825 702 1975 750 etiam
2021 719 2070 750 se

314 783 639 846 eleemosynas
673 782 965 846 pauperibus
1000 782 1246 839 daturum,
1280 783 1542 831 dummodo
1578 783 1672 831 ille‘
1695 784 1978 847 dignaretur
2012 801 2068 831 eo

314 865 393 913 die
425 866 623 912 domum
659 882 795 913 suam
828 864 1107 927 ingrediens
1131 865 1371 927 jejunium
1404 866 1603 914 solvere.
1675 866 1860 929 Rogavi
1895 872 1944 914 et
1979 884 2068 929 ego

312 964 410 995 una
445 964 556 995 cum
591 947 690 1005 illo,
723 946 1014 1009 promittens
1049 947 1198 995 etiam
1229 964 1307 995 me
1342 948 1664 1010 eleemosynas
1700 948 1753 995 in
1789 948 2067 997 alimoniam

311 1029 513 1092 inopum
548 1028 676 1087 dare,
714 1029 831 1075 dum
866 1028 947 1075 ille
981 1028 1181 1076 domum
1216 1028 1404 1077 comitis
1447 1046 1734 1092 pransurus·
1758 1048 1812 1078 ac
1848 1031 2067 1079 benedic-

310 1110 493 1158 tionem
525 1111 726 1159 daturus
757 1111 979 1158 intraret.
1051 1110 1287 1174 Cumque
1308 1111 1398 1159 hoc
1433 1111 1571 1159 tarde
1606 1129 1661 1159 ac
1695 1112 1954 1161 difficulter
1976 1113 2066 1160 im—

309 1197 625 1254 petraremus,
662 1192 956 1240 intravimus
997 1192 1069 1239 ad*¹
1101 1192 1426 1241 reficiendum.
1515 1193 1719 1242 Miserat
1760 1199 1925 1242 autem
1967 1196 2068 1259 epi-

308 1293 480 1338 scopus
516 1275 712 1323 mulieri
747 1293 874 1339 quae·
897 1274 1092 1324 infirma
1132 1276 1325 1338 jacebat
1365 1276 1425 1324 de
1465 1293 1591 1339 aqua
1634 1277 1884 1325 benedicta
1919 1295 2063 1342 quam

306 1358 359 1405 in
394 1357 744 1406 dedicationem
785 1357 995 1406 ecclesiae
1037 1363 1412 1417 consecraverat,
1449 1376 1538 1422 per
1574 1376 1741 1407 unum-
1762 1359 1822 1407 de
1863 1359 1938 1408 his
1980 1360 2067 1424 qui

307 1456 498 1487 mecum
533 1446 766 1488 venerant
801 1440 1047 1499 fratribus,
1078 1439 1362 1503 praecipiens
1392 1447 1448 1488 ut
1482 1443 1773 1504 gustandam
1808 1441 1883 1490 illi
1913 1443 2066 1503 daret,

306 1527 356 1569 et
389 1523 679 1586 ubicumque
720 1522 986 1570 maximum
1028 1522 1071 1570 ei
1110 1523 1326 1570 dolorem
1369 1523 1525 1572 inesse
1564 1524 1824 1584 didicisset,
1861 1525 1920 1573 de
1961 1526 2066 1588 ipsa

305 1620 411 1652 eam
435 1621 560 1667 aqua
592 1605 792 1653 lavaret.
864 1604 1093 1665 Quod-ut
1123 1605 1306 1653 factum
1338 1612 1424 1666 est,
1451 1607 1664 1655 surrexit
1697 1607 2065 1656 statimmulier

304 1703 433 1746 sana,
460 1692 509 1734 et
542 1704 640 1734 non
673 1687 831 1735 solum
864 1703 914 1736 se
948 1686 1232 1735 infirmitate
1264 1688 1412 1752 longa
1444 1706 1618 1748 carere,
1648 1690 1732 1738 sed
1764 1696 1826 1738 et·
1848 1691 2063 1754 perditas

304 1769 491 1817 dudum
532 1769 661 1818 vires
702 1769 940 1832 recepisse
982 1769 1207 1830 sentiens,
1249 1770 1430 1820 obtulit
1477 1773 1703 1835 poculum
1745 1773 1965 1836 episcopo
2007 1791 2062 1821 ac

302 1850 470 1898 nobis:
509 1855 817 1915 coeptumque
843 1851 1330 1901 ministeriumffnobis
1350 1853 1572 1901 omnibus
1599 1854 1892 1917 propinandi
1911 1872 2062 1919 usque

302 1933 365 1980 ad
412 1933 683 1995 prandium*
718 1934 1012 1996 completum
1059 1952 1157 1982 non
1204 1936 1367 1984 omisit
1385 1953 1413 1996 3·
1446 1936 1640 1985 imitata
1695 1953 1886 1985 socrum
1933 1938 2060 1986 beati

303 2015 453 2074 Petri,
483 2032 590 2078 quae
626 2032 735 2063 cum
771 2015 979 2063 febrium
1014 2017 1193 2066 fuisset¹
1221 2018 1475 2066 ardoribus
1514 2019 1733 2082 fatigata,
1777 2019 1839 2066 ad
1876 2023 2061 2068 tactum

301 2114 474 2145 manus
511 2097 787 2146 Dominicae
810 2098 1034 2160 surrexit,
1059 2103 1108 2148 et
1140 2101 1347 2150 sanitate
1382 2101 1527 2149 simul
1559 2119 1615 2150 ac
1643 2101 1829 2150 virtute
1852 2105 2059 2166 recepta,

306 2179 616 2228 ministrabat
640 2180 737 2229 eis?

1053 2365 1200 2415 OAP.
1249 2367 1307 2415 V.

601 2486 651 2527 Ut
671 2486 766 2527 item
779 2500 955 2539 puerum
973 2489 1132 2531 comitis
1154 2493 1313 2533 orando
1333 2507 1360 2533 a
1379 2500 1503 2535 morte
1522 2496 1784 2536 revocaverit.

365 2597 506 2647 Amo
540 2598 673 2647 item·
693 2603 911 2663 tempore
935 2610 1132 2651 vocatus
1162 2605 1225 2652 ad
1257 2605 1572 2655 dedicandam
1596 2608 1842 2657 ecclesiam
1867 2610 2058 2658 comitis

367 2740 397 2769 4·
422 2728 575 2763 eureos
647 2683 881 2731 vocabulo
917 2683 1096 2745 Addiv1,
1132 2703 1240 2734 cum
1274 2689 1575 2750 postulatum
1598 2692 1883 2754 complesset
1915 2692 2056 2740 mini-

349 2777 442 2812 Earl
457 2778 596 2814 Adde‘s
648 2764 863 2824 sterium,
901 2773 1098 2829 rogatus
1134 2775 1207 2818 est
1247 2771 1308 2818 ab
1348 2772 1515 2820 eodem
1550 2773 1723 2820 comite
1763 2773 1947 2822 intrare
1993 2774 2056 2820 ad

430 2837 509 2862 ⁸⁰¹¹·
644 2861 798 2892 unum
822 2847 880 2894 de
912 2849 1076 2910 pueris
1112 2852 1215 2912 ejus
1247 2851 1332 2914 qui
1363 2853 1598 2902 acerrima
1631 2854 1918 2917 aegritudine
1950 2871 2055 2918 pre-

295 2926 532 2986 mebatur,
582 2925 653 2975 ita
700 2931 758 2975 ut
797 2928 1052 2979 deficiente
1095 2933 1292 2995 penitus
1338 2935 1472 2983 omni
1515 2937 1843 2985 membrorum
1885 2936 2052 2995 officio,

290 3007 584 3073 jamjamque
631 3009 897 3058 moriturus
939 3029 1040 3060 esse
1087 3014 1360 3077 videretur3
1411 3017 1491 3066 cui
1531 3018 1679 3066 etiam
1725 3019 1910 3067 loculus
1951 3021 2051 3081 jam

348 3145 364 3169 ¹
390 3147 523 3201 Adai]
565 3148 710 3189 Thane
741 3149 789 3189 of
821 3150 962 3190 North
992 3152 1167 3200 Burton‚
1197 3154 1335 3195 which
1372 3156 1426 3195 he
1451 3170 1569 3208 gave,
1598 3158 1702 3198 with
1730 3158 1804 3199 the
1831 3159 2048 3199 advowson

293 3200 339 3241 of
356 3201 426 3242 the
446 3203 613 3251 church,
629 3207 674 3244 to
693 3204 908 3258 Beverley.
965 3206 1147 3248 Monast.
1171 3210 1294 3262 Angl.
1316 3210 1358 3251 ii.
1383 3220 1473 3263 127.
