2216 3554
307 158 405 204 294
887 158 1115 210 Historia
1149 159 1491 211 Ecclesiastica
1854 162 1994 233 [Lm.
2009 182 2058 216 v.

1043 343 1195 393 CAP.
1247 344 1350 394 111.

703 457 755 500 Ut
768 459 954 512 puellam
977 459 1235 513 lanquentem
1254 462 1415 503 orando
1435 463 1661 504 sanaverit.

372 556 657 605 NARRAVIT
681 556 810 605 idem
836 558 1086 607 Berethun
1111 565 1159 608 et
1188 560 1323 608 aliud
1346 560 1406 609 de
1438 561 1639 624 praefato
1671 561 1892 611 antistite
1917 563 2059 613 mira-

649 640 827 689 culum.
888 641 1015 701 Quia
1039 643 1174 689 cuml
1197 643 1617 692 reverentissimus
1640 644 1720 692 vir
1741 645 1927 696 Vilfrid
1949 653 2060 709 post

648 723 850 788 longum
870 724 1072 772 exilium
1091 724 1143 772 in
1163 725 1492 789 episcopatum
1510 730 1637 774 esset
1657 727 2061 789 Hagustaldensis

305 806 516 857 ecclesiae
551 812 787 869 receptus,
813 811 863 854 et
897 805 1027 853 idem
1052 806 1084 853 J
1089 806 1314 865 ohannes,
1341 809 1567 856 defuncto
1600 808 1729 856 Bosa
1751 810 1858 858 viro
1893 811 2060 860 multae

376 927 408 951 2·
429 915 528 951 Cure
539 915 581 950 of
647 887 920 936 sanctitatis
943 892 992 936 et
1024 888 1332 948 humilitatis,
1357 890 1611 954 episcopus
1646 908 1736 954 pro
1771 908 1826 940 eo
1851 891 2060 941 Eboraci

366 966 485 1002 asiel<
498 966 582 1009 girl.
646 970 956 1029 substitutus,
992 971 1182 1019 venerit
1222 971 1326 1034 ipse
1359 975 1576 1035 tempore
1618 966 1829 1036 quodam
1863 976 1925 1022 ad
1960 993 2060 1025 mo-

303 1054 574 1101 nasterium
614 1052 864 1115 virginum
905 1052 958 1099 in
1003 1053 1106 1100 loco
1153 1054 1239 1117 qui
1278 1060 1482 1102 vocatur
1517 1054 1743 1103 Vetadun
1757 1058 1790 1114 ²,
1829 1057 1907 1105 cui
1944 1062 2061 1105 tunc

303 1136 558 1198 Heriburg
604 1135 848 1182 abbatissa
894 1135 1108 1197 praefuit.
1180 1135 1314 1184 ‘Ubi
1363 1153 1476 1184 cum
1515 1138 1842 1198 venissemuS,’
1882 1139 2059 1203 inquit,

304 1225 315 1244 ‘
333 1223 383 1267 et
407 1234 583 1280 magno
606 1216 946 1264 universorum
969 1218 1146 1280 gaudio
1171 1218 1381 1282 suscepti
1405 1235 1630 1280 essemus,
1654 1220 1890 1269 indicavit
1922 1222 2062 1270 nobis

304 1300 559 1359 abbatissa,
599 1300 731 1362 quod
771 1299 994 1363 quaedam
1036 1299 1096 1348 de
1134 1317 1337 1349 numero
1378 1301 1626 1365 virginum
1664 1319 1772 1366 quae
1817 1309 1920 1353 erat
1961 1304 2063 1352 filia

303 1383 459 1446 ipsius
506 1382 713 1430 carnalis
750 1382 1036 1445 gravissimo
1072 1383 1305 1447 languore
1340 1389 1618 1435 teneretur:
1668 1385 1782 1449 quia
1814 1386 2063 1450 phleboto-

304 1471 436 1514 mata
477 1470 551 1514 est
600 1482 758 1528 nuper
792 1465 844 1512 in
879 1465 1090 1524 brachio,
1127 1472 1177 1514 et
1211 1483 1322 1515 cum
1358 1471 1484 1515 esset
1517 1468 1570 1515 in
1605 1469 1782 1528 studio,
1819 1474 1952 1518 tacta
1988 1472 2062 1518 est

303 1547 590 1596 infirmitate
623 1547 866 1611 repentini
903 1547 1098 1607 doloris,
1137 1565 1233 1612 quo
1269 1566 1383 1597 mox
1421 1549 1718 1599 increscente
1755 1551 1910 1615 magis
1951 1568 2061 1615 gra-

302 1637 472 1680 vatum
509 1639 583 1679 est
618 1631 873 1679 brachium
908 1631 1033 1679 illud
1067 1633 1390 1690 vulneratum,
1416 1649 1472 1681 ac
1494 1650 1692 1681 versum
1722 1634 1775 1681 in
1802 1640 2060 1694 tumorem,

303 1715 424 1763 adeo
448 1721 505 1763 ut
527 1715 613 1762 vix
638 1714 825 1762 duabus
850 1714 1074 1763 manibus
1099 1714 1432 1778 circumplecti
1466 1720 1640 1779 posset,
1665 1716 1869 1780 ipsaque
1898 1719 2061 1780 jacens

304 1797 356 1845 in
380 1797 504 1846 lecto
529 1815 630 1860 prae
654 1796 904 1845 nimietate
928 1797 1108 1845 doloris
1125 1797 1229 1861 jam
1254 1798 1493 1847 moritura
1510 1798 1774 1847 videretur.
1846 1799 2062 1863 Rogavit

303 1897 417 1944 ergo
465 1870 741 1944 episcopum
787 1880 1028 1928 abbatissa
1064 1885 1122 1928 ut
1168 1880 1376 1929 intraret
1425 1880 1486 1928 ad
1528 1897 1645 1940 eam,
1689 1897 1744 1929 ac
1785 1882 2061 1931 benedicere

302 1962 440 2010 illam
488 1962 784 2024 dignaretur,
834 1962 948 2026 quia
1006 1962 1222 2010 crederet
1281 1979 1386 2011 eam
1446 1963 1507 2010 ad
1554 1963 1937 2012 benedictionem
1983 1965 2061 2013 vel

303 2049 493 2094 tactum
534 2044 665 2093 illius
706 2061 820 2091 mox
856 2044 1028 2092 melius
1070 2044 1358 2093 habituram.
1431 2046 1744 2109 Interrogans
1780 2053 1944 2095 autem
1979 2047 2062 2096 ille

305 2127 498 2191 quando
533 2125 896 2189 phlebotomata
932 2132 1056 2175 esset
1090 2128 1265 2190 puella,
1291 2133 1341 2176 et
1365 2131 1423 2176 ut
1458 2129 1684 2191 cognovit
1719 2129 1835 2193 quia
1863 2129 1915 2176 in
1945 2128 2063 2177 luna

306 2214 493 2274 quarta,
520 2209 676 2256 dixit:
728 2213 755 2234 “
773 2208 989 2257 Multum
1025 2210 1312 2274 insipienter
1337 2215 1386 2259 et
1420 2211 1614 2260 indocte
1642 2211 1824 2260 fecistis
1859 2211 1911 2259 in
1946 2211 2063 2259 luna

305 2298 479 2356 quarta
514 2291 936 2354 phlebotomando.
1008 2291 1215 2341 Memini
1238 2293 1370 2342 enim
1394 2294 1549 2342 beatae
1577 2294 1821 2342 memoriae
1845 2293 2060 2342 Theodo-

305 2391 416 2421 rum
451 2374 865 2437 archiepiscopum
900 2375 1072 2434 dicere,
1098 2375 1215 2438 quia
1243 2376 1511 2439 periculosa
1543 2376 1608 2424 sit
1643 2376 1762 2424 satis
1786 2376 1917 2425 illius
1940 2381 2061 2425 tem-

304 2457 440 2520 poris
474 2456 817 2519 phlebotomia,
842 2458 1035 2520 quando
1068 2462 1119 2506 et
1151 2457 1317 2507 lumen
1349 2459 1491 2517 lunae,
1518 2465 1567 2507 et
1595 2459 1796 2507 rheuma
1819 2459 1984 2507 oceani
2009 2461 2062 2507 in

380 688 580 729 [A·D·705·]

359 2579 374 2601 ¹
402 2578 512 2631 cum]
554 2578 643 2618 The
674 2580 810 2619 words
843 2580 1054 2633 following
1081 2594 1153 2621 are
1207 2582 1266 2634 by
1285 2582 1414 2629 Beda,
1434 2583 1470 2622 is
1488 2583 1603 2635 plain
1630 2582 1736 2622 from
1760 2582 1832 2622 the
1855 2583 1939 2622 fact
1966 2583 2063 2623 that

305 2634 450 2686 copied
477 2635 626 2674 almost
653 2635 859 2675 verbatim
883 2636 937 2687 by
956 2636 1154 2675 Florence
1208 2638 1323 2689 Pope
1355 2638 1471 2677 John
1509 2637 1636 2677 refers
1674 2642 1717 2678 to
1755 2637 1865 2677 Bosa
1898 2651 1944 2677 as
1974 2637 2062 2678 still

307 2689 479 2740 (Chron.
498 2699 648 2741 p.537,
665 2691 742 2728 and
759 2691 1152 2742 Appendix,p.635,
1209 2692 1356 2745 bishop
1404 2693 1449 2732 of
1490 2692 1611 2732 York
1648 2692 1694 2732 in
1740 2692 1806 2731 his
1843 2693 1972 2732 letter
2017 2697 2061 2733 to

307 2745 372 2783 M.
388 2745 447 2784 H.
463 2744 548 2792 B.),
573 2745 704 2783 under
723 2755 812 2784 A.D.
839 2745 933 2785 686.
991 2746 1061 2784 He
1079 2746 1155 2785 has
1210 2747 1332 2799 kings
1377 2747 1568 2786 Aldfrith
1615 2748 1699 2787 and
1748 2747 1970 2787 AEthelred
2017 2749 2061 2787 in

307 2798 435 2838 taken
454 2798 527 2838 the
549 2805 558 2820 ‘
575 2798 745 2851 longum
765 2799 936 2838 exilium
952 2800 961 2815 ’
988 2801 1034 2839 of
1048 2800 1154 2839 Wil-
1211 2801 1358 2841 favour
1369 2803 1415 2842 of
1428 2802 1634 2848 wilfrith,
1649 2813 1737 2843 A.D.
1759 2810 1839 2854 704
1850 2816 1860 2851 ;
1881 2802 2059 2852 Haedde,

306 2854 411 2894 frith
429 2858 473 2893 to
493 2854 544 2892 be
563 2853 658 2893 that
678 2854 814 2893 which
844 2855 977 2894 ended
1001 2855 1046 2893 in
1065 2866 1152 2895 A.D.
1208 2871 1248 2909 p.
1273 2867 1338 2907 52.

308 2907 402 2955 686,
441 2908 525 2948 and
561 2909 859 2961 consequently
898 2910 971 2948 has
1008 2910 1155 2962 placed
1264 2910 1280 2933 ²
1318 2912 1521 2964 Vetadwn]
1552 2912 1780 2957 Wetadun‚
1805 2911 1846 2952 S.
1863 2912 1918 2951 V.
1974 2912 2061 2952 Ya-

307 2963 449 3003 Bosa’s
482 2964 605 3003 death
640 2963 734 3002 that
767 2977 876 3015 year.
934 2965 1020 3004 But
1047 2965 1153 3003 Wil-
1210 2965 1358 3013 tadini,
1378 2966 1585 3006 Folchard
1613 2966 1659 3006 of
1683 2967 1962 3019 Oanterbury‚
1990 2980 2055 3018 ap.

307 3018 411 3058 frith
440 3018 620 3058 suffered
657 3019 831 3058 another
869 3020 989 3065 exile,
1019 3020 1154 3059 which
1210 3021 1324 3061 Stev.
1362 3022 1550 3073 Perhaps
1563 3022 1737 3062 Watton
1758 3023 1802 3061 in
1821 3026 1910 3061 east
1924 3021 2061 3062 York-

307 3073 560 3113 terminated
596 3072 641 3111 in
671 3083 757 3113 A.D.
796 3080 900 3123 705;
939 3074 1023 3112 and
1060 3075 1154 3113 that
1209 3076 1332 3116 shire.
1389 3075 1465 3115 See
1485 3076 1669 3115 Richard
1689 3077 1737 3115 of
1757 3077 1968 3124 Hexbam,
1991 3089 2059 3126 ap.

307 3128 404 3175 this,
446 3128 530 3167 and
568 3132 642 3166 not
685 3128 756 3167 the
796 3128 924 3177 other,
956 3141 1040 3168 was
1077 3130 1151 3168 the
1207 3130 1427 3183 Twysden,
1448 3144 1489 3183 p.
1509 3142 1618 3182 4153
1649 3132 1829 3172 Monast.
1846 3132 1977 3183 Angl.
1998 3130 2056 3171 vi.

308 3183 504 3236 ‘longum
538 3182 734 3223 exilium’
765 3182 863 3222 here
892 3182 1072 3223 referred
1107 3190 1150 3224 to
1207 3197 1301 3238 954.
1506 3202 1508 3204 ’
2039 3213 2042 3215 v
