2216 3554
351 161 449 206 242
931 153 1161 203 Historia
1183 152 1522 202 Ecclesia-stica
1882 149 2013 218 [Lm.
2038 166 2110 210 xv.

1059 370 1214 420 OAP.
1253 369 1414 418 XIV.¹

513 523 565 563 Ut
584 523 869 564 intercessione
893 522 1072 564 Osualdi
1092 524 1211 576 reyis,
1225 522 1432 575 pestifera
1451 519 1689 561 mortalitas
1707 520 1763 561 sit
1781 519 1960 560 sublata.

417 652 483 700 IN
515 668 611 715 quo
642 655 761 701 tunc
792 653 1084 701 monasterio
1117 651 1350 699 nonnulla
1374 649 1575 699 caelestis
1599 648 1770 713 gratiae
1795 648 1922 696 dona
1964 647 2116 711 speci-

397 773 431 807 A
446 772 652 815 pestilence
699 734 842 784 aliter
865 740 1057 783 ostensa
1088 734 1236 782 fuisse
1267 732 1612 796 perhibentur,
1649 735 1820 795 utpote
1843 731 1927 779 ubi
1944 748 2119 805 *nuper

421 822 580 878 stopped
594 823 647 865 by
702 819 904 882 expulsa
950 817 1130 865 diaboli
1182 815 1442 879 tyrannide
1494 814 1721 863 Christus
1767 816 1869 876 jam
1915 830 2118 877 regnare

400 871 660 955 thesssgltlegsses-
703 905 945 963 coeperat:
995 916 1021 947 e
1065 898 1243 963 quibus
1288 883 1462 946 unumv
1484 897 1614 960 quod
1659 895 1782 943 mihi
1827 895 2111 944 reverentis-

415 969 649 1005 St.0swa1d.
703 982 854 1031 simus
883 981 1085 1029 antistes
1117 978 1249 1028 Acca
1281 979 1457 1042 saepius
1480 978 1672 1037 referre,
1698 982 1747 1026 et
1775 994 1804 1025 a
1826 976 2120 1025 fidelissimis

363 1063 575 1128 ejusdem
627 1065 908 1113 monasterii
960 1063 1193 1111 fratribus
1246 1062 1340 1110 sibi
1392 1061 1602 1109 relatum
1654 1076 1865 1109 asserere
1918 1059 2117 1119 solebat,
2192 1110 2195 1119 ἶ

363 1146 606 1193 memoriae
643 1147 873 1195 mandare
911 1146 1216 1194 commodum
1256 1143 1500 1192 duximus.
1583 1143 1770 1191 Eodem
1806 1143 1958 1190 ferme
1999 1147 2120 1190 tem-

362 1244 479 1290 pore
527 1245 622 1292 quo
678 1228 784 1292 ipsa
834 1228 1089 1292 provincia
1144 1244 1322 1275 nomen
1368 1226 1554 1276 Christi
1603 1229 1889 1288 susceperat,
1940 1225 2121 1273 multas

361 1309 626 1359 Brittaniae
678 1311 955 1374 provincias
1005 1310 1276 1359 mortalitas
1326 1326 1453 1357 saeva
1501 1307 1804 1372 corripiebat,
1854 1324 1963 1372 quae
2011 1324 2121 1355 cum
2179 1325 2182 1334 ·

362 1392 621 1455 praefatum
645 1410 835 1458 quoque
859 1394 1226 1453 monasterium,
1251 1392 1327 1440 cui
1352 1399 1469 1440 tunc
1496 1391 1707 1455 regendo
1731 1389 2122 1455 religiosissimus

362 1475 550 1525 Christi
596 1477 830 1536 sacerdos,
877 1477 1110 1526 vocabulo
1158 1477 1344 1540 Eappa,
1387 1474 1598 1538 praefuit,
1648 1479 1773 1523 nutu
1814 1473 1992 1521 divinae
2027 1473 2122 1520 dis·
2190 1491 2192 1495 ’

362 1558 660 1621 pensationis
693 1559 986 1623 attingeret3
1022 1559 1264 1623 multique
1301 1557 1402 1606 sive
1437 1557 1497 1605 de
1530 1557 1608 1605 his
1640 1557 1725 1620 qui
1761 1573 1871 1604 cum
1906 1555 2124 1604 antistite

365 1641 449 1688 illo
490 1645 741 1700 venerant,
779 1642 881 1690 sive
917 1642 976 1690 de
1018 1641 1113 1689 illis
1155 1641 1241 1705 qui
1279 1641 1338 1689 de
1380 1639 1544 1688 eadem
1585 1639 1834 1703 provincia
1872 1639 2123 1689 Saxonum

366 1740 520 1787 nuper
552 1724 615 1772 ad
649 1723 793 1772 fidem
826 1724 1018 1772 fuerant
1040 1723 1216 1783 vocati,
1249 1722 1430 1787 passim
1459 1722 1518 1769 de
1554 1721 1642 1769 hac
1673 1721 1778 1770 vita
1808 1727 2122 1784 raperentur;

364 1806 526 1853 visum
555 1810 630 1854 est
662 1806 895 1854 fratribus
928 1806 1211 1854 triduanum
1234 1804 1475 1869 jejunium
1506 1820 1664 1867 agere,
1690 1808 1740 1851 et
1771 1803 1988 1851 divinam
2013 1819 2123 1866 sup-

367 1889 560 1952 pliciter
595 1889 843 1936 obsecrare
873 1889 1193 1946 clementiam,
1217 1895 1274 1937 ut
1309 1887 1684 1936 misericordiam
1716 1886 1809 1935 sibi
1840 1886 2124 1949 dignaretur

371 1972 663 2034 impendere,
701 1977 752 2020 et
786 1972 888 2020 sive
929 1971 1258 2035 periclitantes
1305 1971 1396 2018 hoc
1437 1970 1606 2018 morbo
1643 1987 1672 2018 a
1704 1970 1931 2033 praesenti
1970 1972 2126 2017 morte

373 2054 614 2113 liberaret,
655 2071 738 2102 seu
777 2057 943 2117 raptos
981 2070 1007 2102 e
1044 2054 1226 2102 mundo
1268 2071 1297 2102 a
1335 2059 1570 2117 perpetua
1607 2052 1782 2102 animae
1818 2051 2126 2100 damnatione
2182 2067 2183 2070 ’

368 2140 596 2184 servaret.

441 2219 566 2267 Erat
600 2223 718 2266 tunc
752 2218 988 2283 temporis
1028 2218 1081 2266 in
1118 2218 1286 2267 eodem
1327 2218 1621 2267 monasterio
1663 2218 1895 2282 puerulus
1930 2218 2127 2282 quidam

372 2301 432 2348 de
465 2301 662 2349 natione
687 2301 951 2361 Saxonum,
977 2319 1131 2366 nuper
1154 2308 1354 2350 vocatus
1385 2302 1447 2349 ad
1479 2301 1639 2360 fidem,
1665 2301 1750 2366 qui
1782 2301 1948 2350 eadem
1973 2304 2128 2350 tactus
2176 2349 2179 2353 Α
2213 2340 2216 2346 ,

374 2384 672 2446 infirmitate,
721 2402 820 2434 non
867 2403 1020 2449 pauco
1066 2394 1284 2449 tempore
1330 2385 1563 2433 recubans
1610 2384 1662 2431 in
1710 2384 1888 2432 lectulo
1923 2383 2128 2447 jacebat.

374 2467 503 2516 Cum
550 2484 664 2531 ergo
711 2468 919 2516 secunda
964 2467 1221 2516 memorati
1262 2466 1438 2530 jejunii
1481 2483 1534 2515 ac
1581 2466 1989 2530 supplicationum
2027 2465 2129 2514 dies
2176 2479 2179 2483 ’

375 2553 613 2614 ageretur,
640 2550 843 2615 contigit
867 2550 992 2599 forte
1020 2550 1183 2614 ipsum
1215 2567 1423 2614 puerum
1455 2550 1575 2597 hora
1604 2549 1751 2598 ferme
1784 2549 1995 2608 secunda
2018 2549 2130 2608 diei,

374 2633 426 2680 in
468 2633 571 2680 loco
607 2632 658 2679 in
698 2650 795 2696 quo
834 2650 960 2696 aeger
991 2633 1196 2696 jacebat,
1240 2633 1393 2681 solum
1430 2632 1670 2681 inveniri:
1719 2632 1797 2681 cui
1835 2631 2000 2680 divina
2035 2631 2130 2680 dis-

375 2715 614 2780 positione
647 2715 808 2763 subito
842 2712 1112 2764 beatissimi
1138 2716 1466 2780 apostolorum
1490 2715 1767 2779 principes²
1798 2715 1986 2780 dignati
2020 2718 2132 2763 sunt
2172 2727 2173 2730 ’

375 2816 624 2863 apparere.
718 2800 838 2848 Erat
891 2801 1020 2848 enim
1071 2818 1192 2865 puer
1241 2801 1454 2848 multum
1505 2799 1737 2863 simplicis
1785 2816 1840 2847 ac
1891 2797 2131 2847 mansueti
2178 2822 2180 2827 ·

435 2924 450 2948 1
478 2924 583 2964 CAP.
607 2924 757 2977 XIV.]
790 2925 924 2965 There
956 2925 993 2964 is
1021 2938 1132 2965 some
1158 2939 1227 2964 va-
1281 2938 1359 2964 one
1388 2925 1436 2964 of
1455 2924 1527 2964 the
1547 2927 1631 2964 two
1651 2924 1876 2964 Gottonian
1894 2923 2018 2964 MSS.
2077 2922 2130 2961 In
2174 2921 2196 2975 ἦ

377 2979 534 3020 riation
551 2980 740 3019 between
767 2979 840 3018 the
859 2980 983 3021 MSS.
1005 2994 1050 3019 as
1078 2985 1124 3020 to
1151 2980 1226 3020 the
1281 2980 1356 3019 the
1385 2980 1504 3020 other
1530 2980 1577 3019 of
1600 2979 1674 3019 the
1702 2984 1787 3020 two
1814 2979 1850 3019 it
1878 2979 1915 3019 is
1943 2977 2132 3022 omitted,
2176 2979 2194 3005 ’ί

377 3034 626 3086 numbering
653 3035 701 3073 of
722 3035 794 3073 the
822 3035 1075 3086 subsequent
1102 3035 1227 3088 chap-
1282 3035 1366 3074 and
1394 3035 1468 3074 the
1494 3035 1661 3087 margin
1689 3035 1736 3074 of
1758 3034 1831 3073 the
1858 3034 1947 3074 leaf
1959 3031 2132 3073 marked
2174 3011 2194 3051 ἒ

378 3096 475 3130 ters.
533 3089 623 3128 The
638 3088 784 3128 Moore
799 3089 892 3129 MS.
908 3091 1031 3129 omits
1046 3090 1118 3130 the
1133 3090 1227 3130 title
1282 3090 1386 3129 with
1399 3090 1516 3129 these
1528 3090 1684 3130 words:
1708 3095 1718 3111 ‘
1728 3089 1813 3129 Hic
1825 3089 1942 3129 deest
1957 3087 2132 3128 folium.’

377 3145 424 3184 of
434 3145 519 3184 this
539 3144 622 3184 and
636 3144 709 3184 the
728 3149 829 3183 next
843 3144 1038 3196 chapter3
1065 3145 1226 3196 though
1335 3144 1352 3168 ²
1371 3144 1645 3196 apostoloram
1659 3145 1887 3198 principes]
1906 3143 2032 3183 Peter
2050 3140 2133 3182 and
2185 3175 2193 3194 ι,

378 3201 464 3240 this
484 3200 654 3252 chapter
666 3199 786 3240 itself
794 3199 830 3239 is
846 3199 887 3238 in
905 3199 1064 3250 Moore,
1083 3200 1226 3239 andin
1282 3200 1403 3240 Paul.
2177 3198 2185 3215 '¹
