2216 3554
335 201 400 246 64
592 264 594 266 Υ
914 198 1143 247 Historia
1176 200 1514 248 Ecclesiastica
1895 198 2028 269 [Lm.
2045 204 2081 252 1.

332 329 514 392 gratias
532 328 686 378 intrat
702 329 961 390 ecclesiam,
977 331 1113 379 nullo
1131 331 1316 395 peccati
1339 332 1552 395 pondere
1568 335 1802 394 gravatur
1822 349 1832 379 :
1858 332 2083 396 voluptas

332 412 514 460 etenim
550 412 719 472 carnis,
753 429 850 461 non
882 413 1020 461 dolor
1054 414 1106 461 in
1141 414 1284 476 culpa
1319 419 1406 462 est.
1475 413 1539 461 In
1570 413 1726 461 carnis
1757 418 1918 462 autem
1953 432 2083 462 com-

331 494 567 543 mixtione
622 495 845 559 voluptas
902 499 1006 544 est:
1066 512 1180 543 nam
1236 496 1290 543 in
1347 496 1498 559 prolis
1537 494 1808 559 prolatione
1859 496 2083 558 gemitus.

332 577 479 625 Unde
517 583 566 626 et
612 577 708 641 ipsi
744 578 915 641 primae
962 578 1108 626 matri
1151 579 1387 637 omnium,
1424 578 1637 637 dicitur,¹
1685 581 1713 603 “
1733 578 1794 624 In
1834 579 2084 627 doloribus

329 657 529 722 pariesf'
593 659 653 709 'Si
702 660 864 723 itaque
917 659 1109 707 enixam
1167 660 1419 708 mulierem
1467 659 1779 723 prohibemus
1836 660 2084 710 ecclesiam

329 740 527 803 intrare,
547 742 700 805 ipsam
726 742 770 790 ei
794 759 988 806 poenam
1012 759 1150 790 suam
1173 742 1226 790 in
1251 743 1444 806 culpam
1469 743 1776 805 deputamus.
1828 743 2084 806 Baptizare

329 829 492 873 autem
526 825 606 873 vel
640 825 831 873 enixam
866 825 1132 882 mulierem,
1167 825 1246 872 vel
1279 825 1370 872 hoc
1405 825 1535 888 quod
1570 825 1806 888 genuerit,
1837 825 1878 872 si
1915 827 2085 874 mortis

328 906 541 970 periculo
566 908 781 971 urgetur,
806 908 884 955 vel
907 907 1062 971 ipsam
1086 907 1206 955 hora
1229 907 1395 955 eadem
1422 923 1518 970 qua
1540 906 1711 971 gignit,
1737 907 1815 954 vel
1839 907 1930 955 hoc
1954 909 2083 971 quod

329 989 564 1055 gignitur,
584 992 758 1040 ‘eadem
797 1007 892 1054 qua
932 995 1103 1039 natum
1139 995 1227 1048 est,
1257 990 1395 1038 nullo
1431 991 1574 1038 modo
1609 990 1932 1054 prohibetur:
1970 993 2084 1056 quia

329 1073 484 1121 sancti
507 1074 725 1137 mysterii
748 1073 905 1137 gratia
929 1073 1058 1122 sicut
1080 1072 1358 1121 viventibus
1381 1076 1529 1135 atque
1554 1073 1940 1122 discernentibus
1972 1092 2084 1124 cum

329 1173 504 1219 magna
535 1156 824 1205 discretione
859 1155 1159 1219 providenda
1188 1159 1278 1215 est,
1305 1155 1376 1203 ita
1399 1155 1474 1203 his
1497 1156 1674 1218 quibus
1699 1173 1826 1204 mors
1862 1156 2080 1216 inminet,

329 1238 432 1291 sine
464 1239 564 1286 ulla
587 1239 818 1287 dilatione
851 1238 1166 1300 proferenda3
1203 1254 1264 1285 ne
1297 1237 1416 1285 dum
1454 1238 1612 1286 adhuc
1643 1244 1836 1302 tempus
1867 1240 1930 1288 ad
1958 1257 2083 1303 prae-

328 1322 539 1369 bendum
564 1320 906 1384 redemptionis
930 1321 1217 1383 mysterium
1250 1320 1502 1383 quaeritur,
1526 1320 1882 1370 interveniente
1906 1324 2082 1386 paulu-

327 1404 432 1451 lum
456 1421 592 1451 mora
616 1403 825 1451 inveniri
849 1420 947 1450 non
971 1403 1130 1451 valeat
1154 1402 1239 1466 qui
1262 1403 1547 1451 redimatur.

398 1490 410 1512 ‘
427 1485 506 1533 Ad
552 1488 654 1549 ejus
700 1502 816 1534 vero
863 1485 1205 1533 concubitum²
1246 1485 1323 1532 vir
1369 1501 1486 1533 suus
1521 1485 1746 1533 accedere
1787 1502 1886 1534 non
1923 1488 2082 1548 debet,

329 1569 637 1632 quoadusque
679 1568 764 1632 qui
801 1567 1033 1631 gignitur,
1069 1567 1355 1616 ablactatur.
1426 1567 1581 1615 Prava
1621 1572 1784 1616 autem
1826 1569 1876 1616 in
1919 1572 2082 1632 conju-

327 1657 553 1715 gatorum
589 1651 805 1699 moribus
840 1651 1136 1699 consuetudo
1173 1650 1400 1708 surrexit,
1426 1656 1484 1698 ut
1518 1651 1764 1710 mulieres,
1797 1651 1925 1700 filios
1959 1670 2081 1716 quos

326 1734 549 1799 gignunt,
575 1733 765 1782 nutrire
800 1738 1127 1792 contemnant,
1151 1749 1326 1796 eosque
1361 1732 1469 1781 aliis
1505 1733 1790 1782 mulieribus
1825 1735 1887 1783 ad
1923 1736 2080 1784 nutri-

327 1818 506 1865 endum
555 1817 763 1875 tradant,
806 1817 936 1880 quod
986 1815 1212 1864 videlicet
1263 1833 1324 1864 ex
1376 1816 1479 1863 sola
1528 1832 1671 1863 causa
1717 1816 2080 1867 incontinentiae

327 1899 520 1947 videtur
554 1899 838 1947 inventum:
891 1898 1006 1962 quia
1052 1899 1169 1946 dum
1205 1915 1256 1947 se
1290 1898 1535 1946 continere
1581 1899 1769 1959 nolunt,
1807 1900 2081 1964 despiciunt

326 1982 504 2030 lactare
552 1999 673 2044 quos
726 1982 943 2045 gignunt.
1014 1979 1110 2029 Hae
1146 1982 1309 2044 itaque
1357 1998 1464 2044 quae
1500 1980 1625 2030 filios
1674 1999 1785 2030 suos
1820 1999 1882 2030 ex
1928 2000 2080 2046 prava

327 2064 672 2112 consuetudine
723 2063 832 2111 aliis
882 2064 944 2111 ad
995 2063 1311 2111 nutriendum
1360 2065 1576 2124 tradunt,
1632 2064 1729 2112 nisi
1778 2066 2080 2129 purgationis

325 2151 520 2210 tempus
567 2146 829 2205 transierit,
865 2146 987 2195 viris
1039 2146 1138 2194 suis
1184 2163 1283 2194 non
1330 2146 1508 2195 debent
1558 2147 1843 2196 admisceri:
1899 2148 2080 2213 quippe

328 2230 443 2293 quia
466 2234 517 2277 et
551 2229 654 2277 sine
694 2235 863 2292 partus
901 2246 1058 2287 causa,
1083 2246 1194 2277 cum
1231 2229 1284 2276 in
1308 2229 1456 2278 suetis
1489 2231 1751 2279 menstruis
1783 2231 2076 2291 detinentur,

326 2313 447 2361 viris
471 2311 571 2360 suis
595 2311 785 2359 misceri
808 2311 1127 2375 prohibentur
1144 2329 1158 2371 3
1194 2311 1264 2359 ita
1287 2317 1343 2359 ut
1367 2316 1522 2360 morte
1547 2313 1648 2360 Lex
1672 2314 1833 2362 sacra8
1857 2314 2011 2374 feriat,
2038 2315 2079 2364 si

327 2395 435 2459 quis
459 2395 535 2443 vir
557 2394 618 2442 ad
642 2399 992 2442 menstruatam
1015 2394 1266 2442 mulierem
1289 2395 1498 2443 accedat.
1570 2395 1693 2456 Quae
1717 2403 1880 2444 tamen
1904 2397 2079 2446 mulier

324 2479 444 2527 dum
469 2477 862 2526 consuetudinem
893 2483 1190 2526 menstruam
1221 2477 1419 2539 patitur,
1445 2478 1692 2541 prohiberi
1724 2479 1972 2527 ecclesiam
2003 2480 2077 2528 in-

324 2565 454 2609 trare
478 2577 576 2608 non
599 2561 768 2619 debet;
807 2561 920 2624 quia
938 2561 981 2608 ei
1005 2566 1193 2609 naturae
1218 2561 1527 2624 superfluitas
1546 2561 1598 2608 in
1622 2561 1814 2625 culpam
1833 2579 1931 2610 non
1947 2565 2077 2612 valet

324 2642 573 2706 reputari:
610 2647 660 2690 et
695 2659 783 2705 per
822 2643 912 2691 hoc
954 2643 1085 2707 quod
1125 2643 1279 2691 invita
1319 2643 1519 2706 patitur,
1542 2645 1730 2706 justum
1768 2662 1866 2693 non
1908 2654 1982 2694 est
2019 2653 2076 2696 ut

323 2725 544 2788 ingressu
567 2724 774 2773 ecclesiae
796 2726 1027 2788 privetur.
1100 2726 1337 2774 Novimus
1355 2742 1563 2790 namque
1587 2726 1717 2789 quod
1741 2728 1917 2776 mulier
1934 2746 2041 2793 quae
2058 2732 2076 2758 ⁴

324 2808 509 2855 fluxum
549 2808 828 2871 patiebatur
868 2809 1133 2872 sanguinis,
1179 2814 1291 2872 post
1336 2814 1530 2872 tergum
1571 2807 1772 2857 Domini
1823 2810 2076 2861 humiliter

324 2890 536 2951 veniens,
559 2890 839 2939 vestimenti
862 2891 964 2954 ejus
988 2890 1229 2939 fimbriam
1260 2891 1440 2954 tetigit,
1465 2896 1610 2955 atque
1633 2892 1694 2940 ab
1718 2908 1774 2940 ea
1796 2893 1962 2941 statim
1986 2909 2074 2941 sua

324 2973 580 3022 infirmitas
612 2973 819 3021 recessit.
894 2973 947 3021 Si
979 2990 1093 3038 ergo
1125 2973 1178 3021 in
1206 2974 1344 3022 fluxu
1379 2973 1627 3038 sanguinis
1659 2975 1832 3038 posita,
1857 2975 2073 3024 laudabi-

323 3053 438 3101 liter
460 3052 621 3116 potuit
645 3052 844 3100 Domini
875 3053 1218 3102 vestimentum
1249 3057 1478 3117 tangere:
1518 3071 1605 3102 cur
1636 3070 1744 3117 quae
1777 3059 2072 3103 menstruam

380 3147 396 3171 ²
424 3147 599 3200 dicitur]
621 3147 725 3188 Gen.
745 3147 806 3188 iii.
834 3147 896 3189 16.
1279 3147 1296 3171 ³
1321 3149 1406 3190 Lex
1422 3149 1558 3202 sacra]
1581 3149 1718 3190 Levit.
1737 3163 1804 3190 xx.
1829 3151 1891 3190 18.

379 3202 396 3225 ²
422 3204 490 3244 Ad
517 3204 600 3254 ejus
627 3217 718 3244 vero
749 3203 1018 3257 concubitum]
1050 3203 1169 3245 Grat.
1282 3202 1298 3226 ¹
1323 3205 1472 3246 ‘mulier
1490 3204 1595 3258 quoe]
1618 3205 1746 3245 Matt.
1766 3205 1823 3245 ix.
1847 3217 1909 3246 20.

324 3271 420 3311 pars
438 3260 476 3301 Ι.
497 3259 594 3300 dist.
612 3272 653 3300 v.
675 3263 697 3308 §
719 3269 757 3310 5.
