2216 3554
356 174 452 219 306
928 170 1155 220 Historia
1188 171 1526 221 Ecclesiastica
1901 169 2036 240 [LIB.
2053 189 2101 222 v.

353 302 416 349 ad
475 301 838 364 praedicandum
886 302 1090 351 verbum
1143 303 1344 363 idoneis,
1392 307 1564 367 utpote
1620 304 1805 353 actione
1862 304 2030 354 simul·
2055 312 2104 354 et

419 415 534 458 being
548 416 631 450 hin·
696 384 968 432 eruditione
1014 385 1271 448 praeclaris,
1313 386 1691 449 praeparatisque
1732 386 1954 435 omnibus
1996 404 2103 451 quae

389 466 548 550 mggffig
562 467 659 550 ἔξω
693 466 1031 530 navigantibus
1067 483 1169 515 esse
1203 467 1469 515 necessaria
1502 467 1811 527 videbantur,
1851 469 1988 516 venit
2023 469 2102 517 die

413 565 526 607 going
540 564 637 598 him-
698 548 905 611 quadam
951 565 1091 597 mane
1138 548 1297 612 primo
1336 550 1398 597 ad
1443 566 1552 596 eum
1589 566 1714 597 unus
1761 550 1820 598 de
1856 550 2102 610 fratribus,

491 613 572 648 ΒΘΗ·
698 630 965 693 discipulus
1001 632 1245 694 quondam
1281 632 1333 678 in
1369 631 1626 688 Brittania,
1657 637 1706 679 et
1741 631 1963 681 minister
1995 632 2102 680 Deo

355 712 521 760 dilecti
559 712 820 760 sacerdotis
863 712 1077 771 Boisili1,
1120 729 1230 761 cum
1271 717 1397 762 esset
1442 713 1572 761 idem
1608 713 1765 760 Boisil
1812 715 2103 777 praepositus

354 795 636 843 monasterii
660 793 988 842 Mailrosensis
1024 794 1113 843 sub
1142 795 1315 843 abbate
1343 796 1485 854 Eata,
1511 801 1567 843 ut
1603 812 1749 859 supra
1783 796 2100 854 narravimus,

354 879 563 927 referens
598 878 643 925 ei
666 877 902 926 visionem
932 894 1038 940 quae
1072 877 1164 925 sibi
1193 879 1360 927 eadem
1388 884 1528 927 nocte
1564 878 1896 941 apparuisset:
1949 887 1960 906 ‘
1977 879 2103 928 Cum

353 961 585 1025 expletis,’
622 960 861 1023 inquiens,
902 964 913 985 ‘
929 960 1123 1022 hymnis
1165 961 1538 1009 matutinalibus
1578 961 1631 1009 in
1671 961 1847 1009 lectulo
1886 963 2102 1010 membra

352 1044 632 1107 posuissem,
656 1059 711 1090 ac
744 1041 863 1089 levis
898 1042 1018 1088 mihi
1055 1059 1251 1091 somnus
1286 1043 1588 1107 obrepsisset,
1613 1043 1839 1107 apparuit
1873 1045 2101 1107 magister

352 1126 595 1190 quondam
617 1141 752 1172 meus
783 1130 832 1171 et
866 1124 1080 1172 nutritor
1104 1125 1460 1174 amantissimus
1484 1126 1653 1186 Boisil,
1680 1126 2101 1190 interrogavitque

352 1225 442 1266 me,
482 1225 545 1254 an
585 1223 698 1255 eum
735 1222 1017 1269 cognoscere
1058 1223 1260 1270 possem.
1333 1208 1442 1268 Aio,
1490 1212 1516 1236 ‘⁶
1536 1208 1733 1257 Etiam:
1793 1214 1848 1257 tu
1884 1226 1934 1257 es
1972 1209 2101 1256 enim

351 1289 551 1338 Boisil.”
608 1288 684 1337 At
708 1288 817 1336 ille:
856 1286 971 1336 “Ad
988 1288 1121 1350 hoc‚”
1140 1289 1314 1353 inquit,
1336 1295 1362 1317 “
1373 1290 1500 1350 veni,
1520 1295 1578 1338 ut
1602 1308 1882 1354 responsum
1902 1291 2101 1339 Domini

352 1371 613 1419 Salvatoris
636 1372 902 1434 Ecgbercto
937 1371 1165 1430 adferam,
1191 1373 1322 1435 quod
1360 1378 1409 1421 te
1444 1377 1608 1421 tamen
1642 1374 1878 1421 referente
1912 1378 2102 1437 oportet

350 1454 411 1501 ad
435 1454 578 1501 illum
600 1454 777 1502 venire.
847 1453 942 1501 Dic
981 1470 1093 1516 ergo
1125 1453 1198 1501 illi
1221 1455 1335 1518 quia
1370 1472 1467 1502 non
1492 1455 1621 1504 valet
1645 1455 1739 1503 iter
1762 1456 1892 1519 quod
1925 1473 2099 1519 propo-

350 1536 460 1595 suit,
487 1536 713 1599 implere:
751 1536 844 1583 Dei
880 1536 1007 1583 enim
1032 1536 1299 1585 voluntatis
1335 1541 1409 1585 est
1439 1542 1497 1585 ut
1532 1539 1592 1585 ad
1629 1537 1877 1586 Columbae
1913 1555 2100 1586 monas-

349 1618 474 1666 teria
508 1619 664 1682 magis
698 1624 871 1682 pergat
907 1619 1166 1668 docenda.''
1186 1619 1196 1638 '
1267 1620 1388 1667 Erat
1422 1624 1586 1668 autem
1622 1620 1891 1669 Columba²
1913 1621 2099 1683 primus

348 1701 515 1749 doctor
560 1701 673 1748 fidei
721 1700 1011 1750 Christianae
1072 1702 1448 1750 transmontanis
1494 1702 1643 1751 Pictis
1690 1703 1754 1750 ad
1809 1703 2097 1766 aquilonem,

347 1784 626 1847 primusque
660 1784 890 1831 fundator
922 1785 1200 1832 monasterii
1236 1785 1366 1847 quod
1400 1785 1452 1831 in
1490 1785 1578 1832 Hii
1614 1784 1773 1834 insula
1808 1785 1977 1834 multis
2013 1786 2096 1833 diu

349 1866 623 1914 Scottorum
657 1865 1002 1928 Pictorumque
1037 1866 1227 1929 populis
1263 1866 1534 1915 venerabile
1569 1867 1758 1914 mansit.
1831 1867 1929 1927 Qui
1965 1867 2097 1915 vide-

345 1949 459 1997 licet
487 1949 722 1998 Columba
747 1966 875 1996 nunc
909 1965 938 1995 a
972 1949 1216 1997 nonnullis
1253 1949 1517 2012 composito
1555 1967 1584 1997 a
1613 1949 1747 1998 Gella
1775 1955 1823 1997 et
1860 1949 2098 1997 Columba

345 2030 540 2078 nomine
587 2030 872 2079 Columcelli
918 2035 1132 2078 vocatur.
1222 2030 1441 2079 Audiens
1488 2037 1654 2079 autem
1702 2032 1852 2079 verba
1898 2032 2098 2080 visionis

347 2114 597 2178 Ecgberct,
626 2113 855 2177 praecepit
890 2113 1030 2161 fratri
1067 2114 1153 2177 qui
1187 2115 1419 2163 retulerat
1458 2132 1519 2163 ne
1561 2114 1784 2178 cuiquam
1819 2114 1922 2163 haec
1957 2113 2097 2161 alteri

343 2197 559 2256 referret,
585 2213 645 2244 ne
668 2196 791 2244 forte
826 2196 1062 2244 inlusoria
1095 2203 1219 2245 esset
1243 2197 1380 2246 visio.
1452 2197 1566 2260 Ipse
1600 2201 1762 2245 autem
1792 2197 1970 2244 tacitus
1993 2213 2096 2244 rem

343 2278 663 2337 considerans,
710 2295 875 2327 veram
922 2296 1024 2327 esse
1070 2279 1299 2328 timebat:
1362 2296 1449 2328 nec
1497 2287 1659 2327 tamen
1705 2297 1735 2327 a
1779 2279 2095 2343 praeparando

342 2359 530 2421 itinere,
557 2378 653 2424 quo
678 2362 741 2409 ad
765 2367 931 2425 gentes
957 2362 1192 2410 docendas
1215 2361 1324 2422 iret,
1351 2379 1534 2410 cessare
1558 2362 1765 2411 volebat.

410 2442 482 2490 At
519 2450 629 2507 post
664 2444 766 2492 dies
803 2460 983 2507 paucos
1024 2461 1218 2492 rursum
1246 2444 1380 2492 venit
1420 2444 1483 2492 ad
1521 2460 1632 2492 eum
1666 2443 1897 2507 praefatus
1930 2443 2091 2502 frater,

341 2525 504 2572 dicens
529 2525 643 2588 quia
678 2529 728 2573 et
762 2543 818 2573 ea
852 2531 992 2574 nocte
1029 2525 1122 2573 sibi
1145 2536 1255 2588 post
1290 2526 1506 2589 expletos
1543 2525 1808 2573 matutinos
1832 2524 1983 2573 Boisil
2008 2541 2094 2587 per

340 2605 499 2654 visum
538 2608 830 2669 apparuerit,
869 2608 1060 2656 dicens:
1114 2614 1124 2634 ‘
1142 2608 1303 2668 Quare
1344 2612 1446 2655 tam
1492 2607 1793 2671 negligenter
1829 2623 1884 2654 ac
1929 2607 2092 2669 tepide

342 2688 511 2736 dixisti
536 2688 801 2751 Ecgbercto
827 2707 935 2753 quae
970 2690 1063 2738 tibi
1099 2690 1300 2737 dicenda
1334 2689 1577 2752 praecepi‘l
1624 2687 1696 2736 At
1731 2705 1860 2735 nunc
1883 2689 2017 2748 vade,
2043 2693 2094 2736 et

341 2771 419 2818 dic
454 2770 528 2817 illi
562 2771 689 2834 quia,
715 2772 834 2820 velit
869 2772 1004 2831 nolit,
1031 2773 1172 2820 debet
1207 2772 1269 2820 ad
1303 2771 1594 2819 monasteria
1629 2771 1876 2820 Columbae
1910 2771 2090 2825 venire,

343 2853 457 2916 quia
490 2857 651 2900 aratra
685 2870 851 2901 eorum
880 2871 976 2901 non
1000 2860 1127 2902 recte
1150 2854 1410 2902 incedunt:
1459 2858 1650 2916 oportet
1683 2860 1846 2902 autem
1882 2870 1994 2900 eum
2028 2854 2091 2901 ad

341 2940 526 2982 rectum
557 2934 660 2982 haec
682 2935 930 2983 tramitem
961 2936 1213 2985 revocare!
1285 2936 1384 2996 Qui
1420 2935 1524 2983 haec
1559 2935 1760 2983 audiens
1785 2935 1942 2982 denuo
1965 2952 2088 2998 prae-

342 3017 470 3080 cepit
505 3017 658 3076 fratri,
684 3034 744 3065 ne
779 3017 880 3065 haec
916 3018 994 3066 cui
1028 3019 1329 3081 patefaceret.
1399 3018 1516 3081 Ipse
1551 3035 1665 3066 vero
1701 3018 1894 3066 tametsi
1929 3021 2087 3065 certus

342 3106 415 3148 est
447 3099 602 3147 factus
636 3098 695 3147 de
718 3099 917 3160 visione,
942 3101 1256 3150 nihilominus
1291 3101 1500 3150 tentavit
1535 3101 1631 3149 iter
1654 3100 1942 3163 dispositum
1977 3115 2088 3146 cum

503 3240 519 3264 ¹
548 3241 724 3294 Boisili]
774 3242 851 3282 See
870 3256 938 3295 pp.
963 3243 1053 3295 278,
1079 3244 1167 3284 282.
1364 3244 1380 3267 ²
1409 3242 1624 3295 Columba]
1673 3242 1749 3282 See
1768 3255 1808 3294 p.
1833 3239 1923 3293 146.
