2216 3554
279 156 374 201 150
852 152 1076 202 Historia
1112 153 1450 202 Ecclesiastica
1780 151 1912 222 [LIB.
1936 170 2017 204 111.

274 284 408 332 durae
455 300 510 332 ac
556 284 774 333 barbarae
820 283 1012 334 mentis.
1083 283 1155 334 At
1201 285 1290 345 illi,
1336 290 1395 334 ut
1439 285 1710 349 perhibent,
1755 289 2020 336 tractatum

274 384 504 430 magnum
550 366 604 415 in
644 367 842 416 concilio
893 368 1013 431 quid
1059 375 1182 417 esset
1227 369 1480 431 agendum,
1522 369 1696 417 habere
1741 375 2018 433 coeperunt;

274 448 597 498 desiderantes
634 450 832 514 quidem
859 450 997 513 genti
1028 467 1171 513 quam
1200 452 1504 514 petebantur,
1529 452 1674 501 saluti
1707 469 1821 512 esse,
1847 454 1930 502 sed
1961 454 2020 501 de

274 548 370 579 non
411 535 603 595 recepto
646 549 788 595 quem
835 532 1069 581 miserant
1115 532 1429 596 praedicatore
1464 533 1694 582 dolentes.
1782 534 1918 583 Tunc
1952 535 2021 583 ait

274 614 452 673 AEdan,
477 631 590 662 nam
620 620 669 663 et
701 615 806 678 ipse
838 614 1040 663 concilio
1072 615 1322 675 intererat,
1347 616 1409 663 ad
1441 633 1552 663 eum
1579 615 1639 665 de
1664 633 1759 680 quo
1787 618 2022 690 agebatur

274 697 593 746 sacerdotem:
633 698 870 746 ‘Videtur
905 696 1043 756 mihi,
1080 698 1246 758 frater,
1290 698 1404 761 quia
1445 699 1612 746 durior
1643 701 1775 762 justo
1815 700 2023 749 indoctis

274 779 578 827 auditoribus
602 778 754 838 fuisti,
774 783 823 827 et
845 796 944 826 non
960 779 1029 827 eis
1045 779 1190 842 juxta
1213 779 1524 842 apostolicam
1542 780 1847 843 disciplinam
1864 781 2024 845 primo

273 862 347 909 lac
371 861 603 910 doctrinae
633 861 870 909 mollioris
901 861 1178 924 porrexisti,
1204 863 1353 910 donec
1384 861 1618 925 paulatim
1650 862 1855 911 enutriti
1877 865 2024 912 verbo

273 943 381 1003 Dei,
408 944 469 991 ad
493 944 723 1006 capienda
755 943 1040 1006 perfectiora
1063 947 1113 991 et
1142 944 1204 990 ad
1234 944 1452 992 facienda
1484 944 1763 993 sublimiora
1785 945 1882 994 Dei
1903 963 2024 1010 prae-

274 1032 414 1089 cepta
461 1025 759 1073 sufficerent.'
833 1024 943 1085 Quo
991 1024 1171 1083 audito,
1214 1025 1432 1073 omnium
1479 1026 1564 1089 qui
1605 1028 1922 1077 consedebant
1963 1030 2025 1077 ad

274 1109 436 1172 ipsum
460 1124 544 1155 ora
568 1112 617 1155 et
641 1106 768 1154 oculi
793 1106 1026 1165 conversi,
1051 1106 1310 1169 diligenter
1333 1107 1451 1170 quid
1480 1108 1661 1157 diceret
1685 1110 2023 1173 discutiebant,

274 1194 326 1238 et
348 1190 510 1252 ipsum
529 1205 628 1236 esse
647 1188 848 1251 dignum
869 1187 1164 1251 episcopatu,
1184 1188 1346 1251 ipsum
1364 1189 1427 1236 ad
1445 1189 1730 1239 erudiendos
1754 1191 2026 1240 incredulos

275 1276 324 1319 et
354 1272 576 1319 indoctos
608 1270 742 1318 mitti
766 1270 942 1318 debere
974 1269 1251 1330 decernunt,
1279 1269 1363 1334 qui
1393 1271 1550 1333 gratia
1572 1272 1891 1335 discretionis,
1918 1292 2026 1338 quae

273 1354 514 1403 virtutum
537 1357 691 1400 mater
714 1355 800 1410 est,
827 1357 940 1400 ante
965 1352 1128 1400 omnia
1151 1353 1387 1414 probatur
1411 1353 1628 1402 imbutus
1649 1372 1661 1413 3
1699 1355 1862 1420 sicque
1884 1357 2026 1406 illum

274 1435 564 1494 ordinantes,
591 1434 653 1482 ad
676 1434 1039 1497 praedicandum
1067 1434 1319 1483 miserunt.
1381 1435 1478 1496 Qui
1502 1436 1588 1484 ubi
1612 1442 1802 1502 tempus
1827 1438 2025 1503 accepit,

273 1518 400 1567 sicut
432 1517 569 1580 prius
600 1516 930 1564 moderamine
965 1516 1282 1578 discretionis,
1316 1517 1387 1566 ita
1415 1520 1724 1581 postmodum
1759 1525 1809 1569 et
1839 1522 2027 1571 caeteris

273 1600 544 1649 virtutibus
569 1605 769 1648 ornatus
793 1600 1035 1663 apparuit.

1017 1792 1160 1842 CAP.
1199 1792 1287 1842 VI.

612 1923 678 1964 De
697 1922 894 1975 reliqione
915 1937 965 1964 ac
979 1920 1137 1977 pieta‘te
1155 1925 1356 1966 miranda
1378 1924 1557 1966 Osualdi
1574 1928 1694 1980 reqis.

340 2043 521 2092 Hmns
554 2042 706 2105 igitur
735 2041 973 2090 antistitis
1002 2042 1223 2091 doctrina
1255 2060 1341 2091 rex
1373 2044 1555 2093 Osuald
1586 2062 1698 2094 cum
1722 2061 1778 2093 ea
1802 2046 1879 2093 cui
1903 2063 2026 2110 prae-

315 2143 521 2178 character
533 2142 575 2177 or
614 2128 719 2172 erat
735 2127 879 2187 gente
896 2123 1177 2187 Anglorum
1194 2125 1466 2185 institutus,
1487 2143 1583 2174 non
1607 2127 1763 2175 solum
1782 2128 2027 2192 incognita

292 2192 581 2278 ossfflffltffiffi
613 2206 1003 2270 progenitoribus
1035 2206 1136 2256 suis
1164 2224 1313 2271 regna
1345 2208 1574 2256 caelorum
1602 2226 1793 2273 sperare
1822 2211 2023 2272 didicit;

392 2292 487 2326 bria.
614 2288 696 2336 sed
749 2291 799 2335 et
848 2305 996 2352 regna
1051 2293 1291 2339 terrarum
1351 2290 1609 2354 plusquam
1659 2291 1734 2339 illi
1787 2292 2026 2356 majorum

273 2387 487 2430 suorum,
513 2370 574 2419 ab
598 2371 765 2418 eodem
788 2388 888 2419 uno
921 2371 1132 2419 Domino
1157 2373 1240 2435 qui
1272 2373 1386 2421 fecit
1419 2374 1589 2423 caelum
1613 2380 1662 2422 et
1693 2380 1886 2434 terram,
1913 2392 2025 2423 con-

273 2458 464 2502 secutus
496 2458 582 2500 est.
653 2453 879 2516 Denique
911 2471 1077 2502 omnes
1106 2455 1326 2503 nationes
1357 2459 1407 2503 et
1441 2456 1712 2519 provincias
1748 2456 2023 2517 Brittaniae,

273 2552 383 2601 quae
402 2535 454 2582 in
473 2539 683 2599 quatuor
701 2536 906 2599 linguas,
926 2537 979 2584 id
998 2542 1086 2596 est,
1107 2537 1402 2586 Brettonum
1417 2539 1448 2598 ¹,
1467 2539 1728 2598 Pictorum,
1749 2540 2025 2589 Scottorum

273 2621 324 2667 et
346 2616 628 2681 Anglorum
651 2617 821 2666 divisae
847 2624 976 2678 sunt,
1002 2619 1053 2666 in
1077 2620 1258 2668 ditione
1281 2622 1482 2684 accepit.

342 2699 452 2760 Quo
499 2699 638 2762 regni
684 2700 892 2749 culmine
944 2701 1244 2762 sublimatus,
1292 2703 1620 2763 nihilominus,
1668 2705 1799 2768 quod
1844 2705 2024 2754 mirum

275 2781 412 2830 dictu
435 2787 521 2838 est,
546 2782 840 2844 pauperibus
873 2787 924 2830 et
954 2783 1223 2847 peregrinis
1257 2801 1447 2849 semper
1477 2786 1687 2845 humilis,
1713 2786 1950 2850 benignus
1975 2793 2024 2835 et

273 2864 437 2927 largus
481 2862 592 2911 fuit.
666 2863 887 2927 Denique
932 2865 1087 2913 fertur
1133 2866 1247 2929 quia
1291 2871 1507 2930 tempore
1545 2868 1754 2931 quodam
1794 2885 1903 2917 cum
1944 2868 2022 2917 die

275 2949 442 2995 sancto
476 2944 664 3008 paschae
698 2962 808 2993 cum
842 2947 1046 3009 praefato
1078 2948 1301 3012 episcopo
1333 2949 1625 2998 consedisset
1652 2951 1714 2998 ad
1747 2950 2020 3014 prandium,

274 3027 558 3091 positusque
591 3032 715 3076 esset
750 3027 804 3075 in
836 3044 1000 3077 mensa
1033 3045 1193 3077 coram
1225 3048 1281 3079 eo
1310 3031 1468 3080 discus
1499 3039 1754 3095 argenteus
1782 3031 2022 3095 regalibus

331 3135 345 3159 ¹
375 3136 637 3189 Brettonum]
695 3136 785 3176 The
826 3137 994 3177 Britons
1038 3137 1124 3178 had
1178 3153 1419 3193 supremacy
1447 3141 1555 3180 after
1586 3141 1659 3181 the
1693 3141 1819 3182 death
1847 3140 1894 3180 of
1917 3140 2022 3182 Gad-

276 3191 419 3232 ceased
466 3191 576 3232 their
621 3191 806 3245 struggle
841 3191 946 3232 with
983 3193 1124 3245 Angle
1178 3195 1311 3242 walla,
1330 3196 1375 3235 in
1393 3206 1479 3237 A.D.
1501 3195 1595 3248 635.
