2216 3554
306 151 403 196 272
887 148 1119 199 Historia
1151 150 1490 200 Ecclesiastica
1832 147 1968 219 [LIB.
1985 167 2057 203 IV.

1011 379 1160 430 CAP.
1197 381 1352 431 XXV.

417 524 561 575 Qualis
579 525 682 567 visio
700 526 870 568 cuidam
890 528 978 568 viro
997 527 1080 568 Dei
1101 528 1355 580 apparuerit,
1375 527 1620 580 priusquam
1639 527 1934 570 monasterium

691 596 915 637 Coladanoe
935 596 1048 637 urbis
1067 601 1160 638 esset
1180 597 1369 637 incendio
1389 602 1679 648 consumptum.
1855 590 1870 598 ²

371 716 475 765 Hls
510 719 807 781 temporibus
839 717 1183 767 monasterium
1214 718 1464 782 virginum
1497 719 1627 782 quod
1660 718 1835 767 Coludi
1871 720 2057 769 Urbem

345 832 596 875 eoldingham
645 801 999 863 cognominant,
1037 803 1174 863 cujus
1210 804 1260 849 et
1297 817 1442 864 supra
1476 801 1800 860 meminimus,
1837 819 1922 865 per
1957 804 2058 851 cul-

365 885 583 966 mzrffiltgry
641 900 755 947 pam
779 883 980 931 incuriae
1005 883 1212 931 flammis
1235 884 1549 947 absumptum
1573 886 1659 932 est.
1722 883 1867 944 Quod
1891 891 2056 934 tamen

383 983 481 1020 [an.
501 984 573 1022 679,
647 983 676 1013 a
705 966 891 1014 malitia
926 966 1307 1014 inhabitantium
1338 966 1390 1013 in
1415 983 1484 1025 eo,
1508 970 1558 1014 et
1585 967 1827 1030 praecipue
1859 967 2058 1015 illorum

358 1030 396 1064 S.
413 1030 584 1070 Chron.].
644 1049 728 1112 qui
764 1051 970 1111 majores
1005 1065 1106 1097 esse
1141 1048 1433 1097 videbantur
1467 1049 1737 1112 contigisse,
1769 1065 1936 1097 omnes
1972 1050 2058 1112 qui

301 1147 477 1178 novere
500 1130 728 1179 facillime
754 1135 1021 1194 potuerunt
1044 1131 1307 1180 advertere.
1379 1130 1476 1179 Sed
1494 1148 1593 1178 non
1617 1131 1773 1178 defuit
1797 1131 2058 1194 puniendis

302 1211 568 1260 admonitio
609 1213 790 1261 divinae
830 1213 1028 1276 pietatis
1070 1230 1166 1276 qua
1205 1212 1422 1271 correcti,
1458 1229 1545 1276 per
1583 1212 1785 1276 jejunia,
1824 1214 1966 1261 fletus
2008 1219 2057 1263 et

301 1311 464 1358 preces
488 1295 612 1342 iram
636 1313 664 1343 a
688 1312 752 1354 se,
779 1295 934 1343 instar
958 1295 1308 1354 Ninivitarum,
1333 1295 1456 1358 justi
1478 1295 1517 1343 J
1518 1295 1673 1343 udicis
1699 1299 1986 1344 averterent.

370 1378 495 1426 Erat
527 1394 740 1442 namque
774 1378 828 1425 in
861 1378 1026 1426 eodem
1059 1378 1351 1426 monasterio
1375 1378 1453 1425 vir
1477 1379 1536 1426 de
1560 1395 1735 1441 genere
1760 1378 2054 1439 Scottorum,

374 1492 504 1527 vision
518 1492 559 1527 of
641 1460 960 1508 Adamnanus
976 1460 991 1486 ¹
1020 1460 1270 1520 vocabulo,
1296 1460 1474 1508 ducens
1497 1460 1652 1508 vitam
1684 1460 1737 1508 in
1761 1461 2057 1509 continentia

336 1542 602 1626 Ξῒὲᾃῗῐξὲῃῗζ
645 1548 696 1591 et
730 1543 1029 1592 orationibus
1066 1543 1278 1591 multum
1320 1543 1426 1591 Deo
1461 1543 1699 1602 devotam,
1737 1543 1806 1591 ita
1840 1547 1898 1590 ut
1931 1543 2056 1591 nihil

357 1641 399 1676 in
413 1641 588 1684 Colding-
644 1643 858 1689 unquam
898 1625 993 1674 cibi
1033 1626 1112 1674 vel
1153 1631 1308 1690 potus,
1353 1628 1551 1688 excepta
1592 1626 1670 1673 die
1712 1626 1969 1674 Dominica
2007 1631 2056 1675 et

419 1691 518 1725 ham.
643 1709 815 1772 quinta
872 1708 1060 1756 sabbati
1116 1707 1417 1772 perciperet3
1483 1723 1611 1771 saepe
1669 1711 1834 1756 autem
1891 1713 2055 1756 noctes

300 1792 512 1855 integras
559 1791 768 1855 pervigil
814 1790 868 1838 in
915 1790 1130 1838 oratione
1175 1790 1482 1853 transigeret.
1572 1789 1692 1851 Quae
1740 1790 1935 1853 quidem
1981 1791 2054 1838 illi

299 1874 540 1922 districtio
577 1874 691 1922 vitae
729 1872 963 1931 arctioris,
1000 1872 1158 1935 primo
1194 1890 1256 1920 ex
1293 1873 1576 1922 necessitate
1611 1873 1920 1921 emendandae
1957 1884 2055 1921 suae

299 1956 556 2020 pravitatis
585 1957 858 2004 obvenerat.
931 1955 1027 2004 Sed
1061 1956 1350 2019 procedente
1384 1959 1602 2020 tempore
1635 1955 1970 2004 necessitatem
2001 1955 2054 2003 in

301 2038 699 2087 consuetudinem
722 2042 951 2086 verterat.

370 2121 623 2183 Siquidem
669 2119 721 2167 in
769 2119 1091 2169 adolescentia
1131 2137 1217 2169 sua
1265 2120 1456 2169 sceleris
1504 2120 1689 2183 aliquid
1735 2120 2052 2180 commiserat,

301 2203 431 2266 quod
467 2203 786 2262 commissum,
823 2202 909 2250 ubi
950 2202 1011 2250 ad
1053 2220 1137 2251 cor
1172 2220 1314 2251 suum
1355 2202 1519 2263 rediit,
1555 2202 1838 2266 gravissime
1880 2202 2053 2250 exhor-

299 2285 415 2345 ruit,
463 2291 512 2334 et
558 2302 608 2333 se
653 2301 742 2348 pro
789 2285 874 2333 illo
920 2285 1220 2348 puniendum
1267 2302 1295 2333 a
1335 2286 1560 2334 districto
1608 2286 1640 2334 J
1644 2284 1783 2334 udice
1829 2284 2050 2333 timebat.

300 2367 543 2415 Accedens
579 2384 694 2431 ergo
733 2367 795 2416 ad
837 2368 1134 2416 sacerdotem
1171 2386 1201 2416 a
1236 2385 1332 2432 quo
1365 2368 1459 2417 sibi
1494 2369 1722 2432 sperabat
1756 2368 1851 2415 iter
1882 2367 2053 2414 salutis

300 2466 438 2514 posse
486 2450 821 2509 demonstrari,
870 2450 1112 2499 confessus
1159 2457 1231 2500 est
1277 2456 1469 2499 reatum
1517 2467 1671 2510 suum,
1716 2450 1954 2514 petiitque
1994 2454 2053 2497 ut

300 2532 557 2581 consilium
604 2531 697 2593 sibi
744 2533 883 2580 daret
930 2550 1024 2596 quo
1064 2536 1228 2598 posset
1268 2533 1435 2597 fugere
1477 2551 1506 2581 a
1546 2537 1750 2582 ventura
1795 2533 1882 2580 ira.
1954 2531 2053 2593 Qui

299 2614 467 2663 audito
501 2616 604 2676 ejus
640 2614 896 2662 commisso
930 2614 1085 2664 dixit:
1126 2620 1137 2640 ‘
1154 2615 1349 2664 Grande
1372 2615 1548 2664 vulnus
1583 2614 1856 2679 grandioris
1887 2630 2051 2661 curam

299 2695 498 2743 medelae
523 2695 762 2743 desiderat
783 2714 792 2743 :
832 2700 881 2744 et
903 2695 1012 2744 ideo
1032 2696 1240 2759 jejuniis,
1259 2697 1457 2760 psalmis
1483 2701 1534 2745 et
1557 2696 1871 2755 orationibus,
1898 2711 2052 2759 quan-

299 2783 406 2826 tum
429 2777 577 2838 vales,
601 2777 783 2837 insiste,
810 2795 905 2840 quo
934 2779 1315 2842 praeoccupando
1348 2779 1520 2827 facicm
1551 2778 1755 2827 Domini
1786 2778 1838 2825 in
1870 2777 2050 2825 confes-

298 2861 433 2910 sione
463 2860 730 2924 propitium
764 2877 874 2908 eum
910 2860 1127 2909 invenire
1161 2861 1419 2909 merearis?
1487 2860 1558 2908 At
1589 2860 1670 2908 ille
1703 2846 1846 2924 quem
1869 2859 2049 2907 nimius

298 2961 393 2992 reae
427 2943 731 2992 conscientiae
762 2943 960 2992 tenebat
994 2943 1144 3004 dolor,
1179 2948 1229 2992 et
1262 2943 1468 2993 internis
1504 2947 1807 3008 peccatorum
1841 2941 2048 2990 vinculis

355 3104 369 3127 ¹
386 3100 682 3154 Adamnanus]
699 3101 760 3141 To
773 3101 825 3140 be
840 3101 1144 3154 distinguished
1200 3102 1395 3142 founded.
1451 3102 1523 3142 He
1542 3116 1627 3142 was
1645 3101 1795 3154 simply
1813 3115 1839 3141 a
1856 3099 1983 3139 monk
2000 3102 2046 3139 at

298 3158 404 3197 from
423 3159 660 3204 Adomnan,
687 3156 760 3196 the
789 3156 933 3208 eighth
957 3157 1083 3196 abbot
1102 3157 1150 3197 of
1199 3157 1483 3209 Coldingham,
1503 3158 1664 3208 though
1690 3170 1800 3196 some
1818 3156 1923 3194 have
1942 3167 2045 3193 erro-

298 3213 417 3262 Iona,
438 3213 558 3260 infra,
583 3226 623 3252 v.
655 3222 718 3263 15,
741 3211 844 3251 with
864 3211 1010 3259 whom,
1032 3212 1142 3251 how·
1197 3212 1369 3264 neously
1407 3212 1543 3253 called
1581 3212 1671 3252 him
1708 3211 1837 3251 abbot
1873 3208 1920 3248 of
1951 3209 2045 3248 that

220 3320 222 3322 ,
298 3281 409 3316 ever,
450 3268 504 3308 he
545 3268 621 3308 has
660 3266 767 3308 been
802 3267 1016 3320 generally
1048 3279 1141 3306 con·
1196 3271 1443 3320 monastery.

2209 1544 2216 1641 ἑ

2206 1647 2216 1690 1

2209 1689 2216 1735 l

2204 1733 2216 1870 ’ἒ

2214 2670 2216 2699 -ᾼ
2195 2474 2216 2645 ,luz-§⁴274
2196 2439 2199 2453 ⁴*
2195 2372 2202 2406 Ἀ
