2216 3554
304 184 402 229 364
879 179 1108 229 Historia
1141 177 1478 229 Ecclesiastica
1860 178 1992 249 [Lm.
2007 198 2059 232 v.

371 310 517 358 Anno
544 312 640 359 668
667 308 984 359 Theodorus¹
1008 311 1262 360 ordinatur
1286 312 1556 376 episcopus.

371 392 519 440 Anno
546 395 645 455 670
671 392 827 441 Osuiu
842 393 860 420 ²
883 411 972 442 rex
994 394 1519 459 Nordanhymbrorum
1544 392 1680 442 obiit.

269 467 272 470 ⁴
369 475 516 524 Anno
552 479 649 538 673
689 476 928 539 Ecgberct
941 477 974 536 ³,
1007 494 1097 526 rex
1136 478 1528 536 Cantuariorum,
1564 476 1717 537 obiit;
1767 480 1817 524 et
1848 476 2059 540 synodus

301 559 431 607 facta
467 564 540 606 est
575 559 637 606 ad
672 557 980 607 Herutforda
994 561 1026 619 4,
1062 566 1299 623 praesente
1338 559 1568 623 Ecgfrido
1605 575 1732 621 rege,
1770 547 2060 622 praesidente

302 641 662 704 archiepiscopo
685 641 949 701 Theodoro,
975 641 1199 703 utillima,
1226 644 1391 691 decem
1417 642 1755 706 capitulorum.

372 723 517 771 Anno
556 726 652 785 675
686 723 935 783 Vulfheri,
967 741 1056 772 rex
1088 724 1395 783 Merciorum,
1427 729 1685 788 postquam
1719 722 2061 786 septemdecim

302 823 457 854 annos
480 812 780 869 regnaverat,
801 806 1075 865 defunctus,
1098 807 1354 855 AEdilredo
1377 806 1522 855 fratri
1544 805 1743 869 reliquit
1766 805 2041 869 imperium.

371 887 516 935 Anno
541 889 640 950 676
666 887 886 935 AEdilred
902 889 919 914 ⁵
943 888 1157 937 vastavit
1182 888 1420 936 Cantiam.

372 971 517 1018 Anno
562 972 660 1033 678
699 971 917 1018 cometa⁶
952 971 1212 1034 apparuit3
1254 970 1439 1019 Vilfrid
1475 969 1727 1034 episcopus
1762 986 1791 1017 a
1826 970 1936 1019 sede
1972 986 2061 1018 sua

301 1055 469 1119 pulsus
494 1059 567 1102 est
591 1054 651 1102 ab
677 1052 907 1117 Ecgfrido
932 1070 1044 1118 rege
1062 1071 1076 1115 3
1114 1061 1162 1103 et
1197 1071 1286 1118 pro
1323 1071 1380 1102 eo
1415 1055 1552 1114 Bosa,
1582 1053 1711 1102 Eata
1735 1059 1783 1102 et
1807 1053 2060 1102 Eadhaeth

304 1135 567 1185 consecrati
592 1135 853 1183 antistites.

371 1219 517 1267 Anno
545 1219 641 1279 679
668 1217 909 1265 AElfuini⁷
934 1217 1133 1267 occisus.

352 1299 526 1348 ⁴Anno
554 1303 653 1348 680
685 1300 894 1363 synodus
925 1299 1051 1350 facta
1086 1306 1159 1350 est
1195 1300 1248 1348 in
1284 1317 1452 1364 campo
1494 1300 1833 1349 Haethfeltha⁸
1871 1301 1930 1349 de
1966 1299 2061 1348 fide

305 1382 556 1442 catholica,
590 1383 882 1446 praesidente
931 1382 1290 1448 archiepiscopo
1333 1383 1612 1431 Theodoro:
1663 1384 1715 1431 in
1763 1400 1858 1447 qua
1904 1382 2063 1431 adfuit

302 1465 340 1514 J
342 1465 585 1514 ohannes⁹
633 1466 759 1514 abba
805 1466 1068 1516 Romanus,
1163 1466 1274 1527 Quo
1320 1483 1448 1515 anno
1495 1465 1674 1515 Hild¹⁰
1720 1464 1964 1514 abbatissa
2008 1465 2062 1513 in

304 1549 668 1598 Streanaeshalae
705 1549 844 1598 obiit.

330 1672 334 1674 .
372 1631 523 1681 Anno
577 1635 674 1694 685
730 1632 895 1696 Ecgfri
944 1634 978 1660 Π
1025 1651 1114 1682 rex
1161 1633 1684 1698 Nordanhymbrorum
1730 1629 1916 1680 occisus
1969 1634 2058 1680 est.

302 1715 450 1763 Anno
487 1716 652 1764 eodem
691 1715 918 1763 Hlotheri
937 1716 972 1743 ¹2
1009 1733 1095 1764 rex
1132 1715 1510 1764 Cantuariorum
1545 1715 1681 1764 obiit.

371 1797 516 1846 Anno
544 1801 640 1846 688
667 1797 956 1847 Caedua1d1⁸
979 1816 1065 1847 rex
1089 1798 1473 1848 Occidentalium
1498 1797 1747 1848 Saxonum
1771 1797 1976 1845 Romam
2000 1796 2060 1844 de

304 1881 549 1929 Brittania
572 1870 749 1945 pergit.

371 1965 517 2012 Anno
545 1968 643 2026 690
670 1963 950 2011 Theodorus
964 1964 1001 1990 ¹⁴¹²
1024 1963 1411 2028 archiepiscopus
1436 1963 1573 2012 obiit.

373 2046 518 2095 Anno
545 2049 641 2109 697
672 2045 888 2108 Osthryd
923 2046 1091 2111 regina
1126 2064 1154 2094 a
1189 2046 1304 2106 suis,
1340 2046 1394 2094 id
1429 2050 1516 2105 est,
1552 2042 1848 2093 Merciorum
1882 2043 2061 2107 prima-

302 2128 447 2189 tibus,
474 2129 781 2191 interempta.

372 2210 527 2258 Anno
565 2213 661 2274 698
699 2210 932 2258 Berctred
963 2211 1066 2260 dux
1095 2211 1259 2275 regius
1293 2210 1814 2274 Nordanhymbrorum
1848 2224 1878 2256 a
1912 2206 2062 2256 Pictis

305 2292 601 2342 interfectus.

373 2375 520 2424 Anno
571 2388 666 2438 704
715 2335 951 2436 AEdihed,
993 2380 1251 2440 postquam
1292 2374 1510 2439 triginta
1537 2390 1693 2422 unum
1734 2389 1883 2421 annos
1931 2371 2061 2420 Mer·

304 2456 489 2505 ciorum
512 2458 647 2520 genti
672 2458 886 2521 praefuit,
915 2458 1177 2507 monachus
1206 2459 1377 2516 factus,
1402 2456 1651 2506 Coenredo
1680 2468 1889 2519 regnum
1911 2454 2059 2503 dedit.

373 2537 520 2587 Anno
548 2551 643 2601 705
669 2539 869 2588 Aidfrid
884 2541 921 2568 ¹⁵
945 2558 1032 2589 rex
1056 2539 1582 2604 Nordanhymbrorum
1605 2537 1857 2586 defunctus
1880 2543 1966 2586 est.

372 2620 524 2669 Anno
552 2633 648 2683 709
669 2622 887 2671 Ooenred
902 2624 936 2650 ¹⁶
960 2640 1045 2672 rex
1071 2622 1380 2682 Merciorum,
1400 2623 1660 2685 postquam
1678 2612 1894 2684 quinque
1911 2636 2062 2669 annos

304 2705 551 2768 regnabat,
577 2704 784 2752 Romam
807 2705 981 2769 pergit.

362 2864 375 2890 ¹
405 2862 652 2916 Theodorus]
684 2876 725 2915 p.
749 2874 839 2902 212.
1282 2862 1298 2886 ⁹
1326 2861 1557 2928 Jofzannes]
1584 2876 1625 2916 p.
1651 2871 1740 2914 250.
1814 2880 1818 2883 ’

360 2917 628 3025 9999..
1266 2917 1299 2995 1‘:
1326 2917 1524 3024 Ha..
1549 2919 1706 3012 291..

360 3027 376 3052 ¹
360 2974 687 3106 ZHegutfhrdg]
717 3041 756 3080 p.
780 3039 870 3079 224.
1268 3026 1299 3050 ¹²
1326 2986 1538 3079 ¹ngiwheri]
1549 2985 1610 3079 pp.
1634 2980 1725 3078 27757.

362 3082 621 3135 ⁵AEdilred]
652 3097 693 3135 p.
717 3090 807 3134 237.
1265 3081 1297 3106 ¹³
1266 3082 1560 3159 ¹4C'aeduald]
1590 3081 1867 3131 Ceadwalha3
1894 3094 1936 3133 p.
1958 3090 2049 3133 300.

361 3138 378 3162 ⁶
405 3137 576 3190 cometa]
602 3151 643 3190 Ρ.
667 3145 758 3189 237.
1266 3135 1576 3189 14ΤΙῑιεοοῑοναε]
1606 3149 1646 3188 p.
1670 3148 1764 3187 302.

362 3192 377 3214 ⁷
406 3193 670 3245 AElfaini]p
674 3192 797 3243 ‚258.
1268 3189 1298 3214 ¹⁵
1326 3191 1519 3245 Aldfrid]
1550 3205 1591 3243 p.
1613 3191 1706 3242 328.

361 3247 377 3271 ⁸
405 3246 685 3315 Hoethseltha]
717 3260 758 3300 p.
781 3246 870 3306 248.
1268 3244 1298 3270 ¹⁶
1326 3246 1524 3300 coenred]
1554 3259 1595 3298 p.
1619 3254 1712 3297 331.
