2216 3554
250 616 688 706 HISTOR1AE
732 639 1425 703 ECCLESIAsricAE
1471 640 1787 704 GENTIS

774 781 1262 844 ANGLORUM

684 955 950 1004 LIBER
1004 953 1353 1003 PRIMUS,

896 1122 1037 1173 CAP.
1080 1123 1122 1172 I.
1132 1124 1147 1150 ¹

356 1273 421 1312 De
438 1273 526 1313 sita
544 1271 772 1312 Brittanioe
795 1271 855 1312 vel
874 1271 1102 1321 Hiberniae,
1124 1277 1160 1311 et
1174 1270 1333 1323 priscis
1353 1283 1496 1311 earum
1517 1269 1677 1310 ae'mcozis.

256 1407 591 1457 RITTANIA
615 1405 778 1455 oceani
801 1405 973 1465 insula,
989 1404 1067 1453 cui
1085 1403 1332 1468 quondam
1343 1405 1360 1431 2
1378 1403 1568 1452 Albion
1591 1420 1768 1453 nomen
1783 1403 1892 1463 fuit,

285 1490 414 1538 inter
437 1490 815 1554 septentrionem
852 1494 901 1536 et
936 1487 1234 1536 occidentem
1269 1487 1424 1534 locata
1460 1490 1549 1545 est,

136 1571 426 1631 Germaniae,
486 1572 671 1631 Galliae,
729 1571 997 1634 Hispaniae,
1057 1568 1283 1618 maximis
1338 1569 1548 1632 Europae

1612 1519 1616 1526 ¹
1652 1512 1733 1548 Site
1760 1513 1803 1548 of

1649 1562 1811 1597 Britain.

133 1654 354 1715 partibus
400 1654 554 1702 multo
595 1653 852 1702 intervallo
899 1652 1114 1722 adversa.
1188 1652 1310 1719 Qujje
1358 1668 1445 1714 per
1482 1650 1618 1698 milia
1660 1667 1890 1714 passuum

132 1734 439 1798 octingenta³
474 1736 529 1783 in
569 1722 762 1784 boream
804 1736 962 1798 longa,
992 1733 1270 1783 latitudinis
1307 1733 1454 1782 habet
1488 1733 1626 1781 milia
1662 1733 1888 1793 ducenta,

130 1819 344 1880 exceptis
390 1818 650 1866 dumtaxat
693 1818 1042 1881 prolixioribus
1088 1817 1395 1866 diversorum
1440 1817 1888 1878 promontoriorum

129 1899 380 1961 tractibus,
419 1901 594 1964 quibus
641 1900 848 1949 efficitur
883 1906 941 1948 ut
989 1899 1220 1948 circuitus
1268 1900 1371 1961 ejus
1409 1898 1700 1966 quadragies
1742 1897 1888 1947 octies

129 1983 439 2047 septuaginta
462 1984 678 2047 quinque
702 1982 838 2030 milia
861 1982 1113 2046 compleat.
1176 1981 1342 2029 Habet
1357 1981 1375 2006 4
1398 1980 1652 2040 &meridie
1678 1980 1886 2029 Galliam

128 2063 392 2128 Belgicam,
427 2068 563 2129 cujus
599 2065 877 2129 proximum
912 2065 1031 2114 litus
1065 2064 1481 2112 transmeantibus
1517 2062 1674 2127 aperit
1712 2063 1884 2112 civitas

127 2163 236 2211 quae
270 2147 451 2197 dicitur
473 2148 665 2196 Rutubi
698 2152 871 2212 portus
886 2148 919 2207 ⁵,
949 2164 978 2196 a
1006 2152 1150 2212 gente
1175 2146 1454 2210 Anglorum
1491 2163 1622 2195 nunc
1658 2151 1885 2210 corrupte

181 2274 197 2298 ¹
225 2276 329 2317 CAP.
343 2277 400 2330 I.]
431 2278 532 2317 This
551 2278 802 2330 description
822 2278 867 2318 of
882 2279 973 2318 Bri-

126 2331 218 2371 tain
248 2333 284 2372 is
312 2333 455 2386 pieced
482 2334 588 2373 from
613 2334 687 2374 the
711 2338 908 2374 accounts
934 2333 980 2374 of

128 2386 304 2437 Plinius,
339 2388 517 2436 Solinus,
548 2388 730 2436 Orosius,
764 2389 848 2429 Dio
877 2389 974 2429 Cas-

126 2441 222 2490 sius,
248 2442 332 2482 and
350 2442 508 2483 Gildas.

182 2495 198 2519 ²
224 2498 293 2537 cui
330 2499 555 2551 quondam]
611 2497 754 2537 ‘Inter
799 2498 972 2550 Septen·

126 2551 304 2591 trionem
332 2556 376 2592 et
404 2553 670 2592 Occidentem
697 2553 834 2605 jacet;
868 2553 971 2593 Ger-

125 2607 286 2652 maniae,
334 2607 494 2656 Galliae,
555 2608 783 2660 Hispaniae,
836 2608 971 2647 multo

125 2661 319 2701 maximis
365 2662 540 2714 Europae
585 2663 774 2715 partibus
819 2676 970 2715 magno

126 2715 345 2755 intervallo
369 2716 555 2756 adversa.
610 2718 771 2757 Albion
793 2717 874 2770 ipsi
899 2731 970 2757 no-

125 2783 222 2810 men
254 2771 335 2810 fuit
375 2802 384 2811 .
426 2802 435 2811 .
476 2801 487 2812 .
523 2771 640 2812 abest
673 2786 699 2811 a
727 2772 968 2812 Gessoriaco

126 2826 385 2865 Morinorum
429 2827 566 2878 gentis
610 2827 742 2874 litore,
781 2828 969 2879 proximo

124 2880 304 2932 trajectu
322 2880 624 2932 quinquaginta
641 2891 673 2920 Μ
693 2912 702 2921 .
724 2913 734 2923 .
752 2912 761 2921 .
777 2883 969 2935 Agrippa

124 2934 428 2987 longitudinem
447 2945 578 2975 noco.
593 2946 638 2975 Μ.
657 2949 762 2988 pass.
779 2950 867 2977 esse
887 2968 897 2979 .
920 2967 929 2976 .
952 2967 962 2977 .

123 2989 282 3031 credit.’
337 2990 500 3029 Plinius
521 2990 744 3037 Secundus,
765 2991 820 3031 iv.
841 3004 907 3044 30.

177 3045 193 3068 ³
219 3044 464 3098 octingenta]
516 3050 526 3066 ⁶
541 3045 882 3097 Octingentorum
919 3047 963 3086 in

123 3098 245 3151 longo
282 3100 457 3149 milium,
497 3099 770 3139 ducentorum
801 3101 846 3140 in
878 3101 964 3141 lato

122 3155 320 3207 spacium,
336 3155 518 3206 exceptis
530 3154 787 3194 diversorum
799 3156 964 3208 prolixi-

122 3209 263 3250 oribus
312 3209 686 3262 promontoriorum
732 3208 963 3252 tractibus.’

1029 2278 1187 2324 Gildas,
1216 2278 1419 2327 Historia,
1447 2278 1476 2317 i.
1534 2277 1811 2329 ‘Octingenta
1839 2281 1882 2317 et

1028 2333 1207 2386 amplius
1239 2333 1374 2388 millia
1402 2346 1600 2384 passuum
1628 2333 1754 2385 longa
1782 2363 1792 2373 .
1823 2363 1833 2374 .
1869 2364 1878 2373 .

1029 2389 1237 2428 Circuitus
1249 2388 1479 2428 Britanniae
1493 2388 1740 2440 quadragies
1755 2387 1880 2427 octies

1027 2444 1294 2495 septuaginta
1314 2444 1499 2495 quinque
1524 2443 1657 2482 millia
1681 2456 1879 2494 passuum

1026 2499 1154 2538 sunt.'
1211 2498 1341 2538 Solini
1362 2498 1653 2550 Polyhistoria,
1674 2498 1776 2537 xxii.

1081 2552 1097 2575 ⁴
1125 2553 1281 2606 Habet]
1330 2553 1499 2592 ‘Habet
1527 2566 1553 2592 a
1580 2553 1754 2592 meridie
1779 2552 1877 2592 Gal-

1025 2608 1129 2658 lias;
1164 2608 1285 2660 cujus
1322 2607 1557 2660 proximum
1587 2608 1708 2647 littus
1741 2610 1877 2646 trans-

1025 2664 1262 2703 meantibus
1281 2663 1429 2703 civitas
1447 2664 1594 2715 aperit,
1616 2676 1707 2714 quae
1723 2662 1876 2702 dicitur

1024 2717 1189 2758 Rutubi
1227 2722 1369 2770 portus
1402 2749 1412 2760 .
1449 2748 1458 2757 .
1492 2749 1502 2759 .
1537 2718 1581 2756 A
1615 2721 1732 2769 tergo
1764 2717 1874 2756 unde

1024 2786 1178 2812 oceano
1197 2773 1360 2812 infinito
1378 2776 1497 2826 patet
1513 2772 1694 2812 Orcadas
1715 2771 1873 2810 insulas

1023 2827 1175 2867 habet?
1247 2828 1395 2867 Totius
1450 2828 1573 2867 Orbis
1626 2826 1871 2878 Descriptio,

1024 2883 1178 2934 quoted
1230 2883 1276 2921 in
1329 2883 1608 2922 Monumenta
1659 2880 1870 2920 Historica

1018 2938 1278 2984 Britannica,
1296 2951 1338 2990 p.
1359 2937 1447 2979 xix,

1073 2992 1089 3015 ⁵
1116 2992 1275 3033 Rutula
1310 2991 1476 3044 portas]
1521 2990 1702 3042 Ritupis,
1734 2990 1868 3028 Anto-

1017 3047 1164 3094 ninus;
1195 3047 1388 3100 Ratupis,
1415 3047 1578 3086 Tabula
1605 3044 1869 3095 Peutingeri-

1020 3115 1126 3150 ana3
1168 3102 1421 3148 Ρουτούπιαι,
1461 3102 1731 3142 Ptolemaeus;
1780 3098 1868 3136 Ru-

1020 3158 1144 3208 tupis,
1193 3157 1361 3197 Notitia
1408 3157 1623 3206 utriusque
1670 3152 1866 3204 Imperii;

1020 3211 1234 3264 Rutupiae,
1278 3211 1527 3252 Ammianus
1569 3207 1864 3258 Marcellinus3
