2216 3554
173 220 296 270 CAP.
314 216 409 287 1v.]
793 217 960 269 Gentis
993 215 1281 281 Anylorum.
1826 220 1919 264 147

172 351 311 415 copia
343 351 574 401 roborum
608 350 909 399 Dearmach¹
945 349 1110 414 lingua
1142 348 1434 407 Scottorum,
1467 346 1558 396 hoc
1593 350 1679 407 est,
1709 346 1921 410 Campus

172 434 414 494 roborum,
451 433 832 497 cognominatur.
903 432 984 480 Ex
1015 449 1111 496 quo
1143 437 1351 495 utroque
1385 429 1676 478 monasterio
1710 429 1922 492 plurima

172 516 345 564 exinde
367 516 658 565 monasteria
680 532 767 580 per
784 515 1044 579 discipulos
1061 517 1166 578 ejus
1190 520 1239 562 et
1261 514 1314 561 in
1327 512 1576 562 Brittania
1594 515 1644 560 et
1667 511 1720 558 in
1740 511 1920 559 Hiber-

172 600 254 647 nia
275 605 538 663 propagata
562 603 702 648 sunt:
740 599 792 646 in
810 599 986 662 quibus
1010 598 1234 646 omnibus
1260 597 1392 644 idem
1415 594 1768 643 monasterium
1791 594 1972 686 insu-p

173 681 356 742 lanum,
378 682 432 729 in
455 698 550 745 quo
573 681 675 745 ipse
700 681 957 744 requiescit
980 697 1190 744 corpore,
1216 679 1546 743 principatum
1570 681 1770 726 teneret.
1802 676 1858 743 ν
1939 701 1949 710 ·

242 765 439 812 Habere
456 767 616 813 autem
636 764 757 812 solet
780 763 886 827 ipsa
904 764 1064 812 insula
1081 767 1315 812 rectorem
1334 778 1523 825 semper
1545 759 1772 808 abbatem
1790 774 1922 821 pres-

173 846 410 908 byterum,
448 849 582 909 cujus
625 846 725 909 juri
773 851 822 895 et
870 846 1027 895 omnis
1067 845 1331 910 provincia,
1381 847 1431 893 et
1483 843 1580 907 ipsi

174 927 319 975 etiam
330 928 554 991 episcopi,
564 928 730 976 ordine
745 928 990 988 inusitato,
1001 929 1207 977 debeant
1222 944 1322 976 esse
1333 925 1537 990 subjecti
1546 926 1577 984 ²,
1645 892 1858 985 {lffihvgffy

168 1010 311 1072 juxta
338 1011 606 1074 exemplum
637 1010 784 1074 primi
808 1011 1018 1059 doctoris
1046 1010 1191 1070 illius,
1229 1010 1315 1074 qui
1349 1026 1448 1057 non
1479 1007 1579 1071 epi·
1622 991 1876 1076 fssffig'ffr’lgg?

174 1108 358 1155 scopus,
376 1093 457 1140 sed
475 1093 723 1156 presbyter
736 1093 753 1120 ³
778 1093 945 1141 extitit
962 1099 1010 1141 et
1033 1092 1326 1147 monachus:
1364 1091 1423 1139 de
1442 1092 1578 1154 cujus
1641 1090 1807 1176 ‘⁶¹33ssss
1820 1092 1863 1162 ‚⁰¹

173 1172 277 1221 vita
310 1177 360 1222 et
398 1174 557 1223 verbis
596 1175 829 1223 nonnulla
864 1193 894 1224 a
930 1174 1177 1238 discipulis
1217 1174 1321 1237 ejus
1357 1173 1580 1222 feruntur
1819 1167 1829 1182 ’

174 1256 354 1319 scripta
375 1256 557 1306 haberi.
626 1258 809 1306 Verum
832 1258 1196 1321 qualiscumque
1218 1255 1368 1305 fuerit
1390 1255 1506 1319 ipse,
1525 1273 1615 1305 nos
1637 1256 1730 1304 hoc
1753 1256 1812 1304 de
1835 1255 1921 1304 illo

174 1342 360 1386 certum
382 1342 614 1398 tenemus,
639 1340 754 1403 quia
784 1340 985 1403 reliquit
1015 1355 1306 1387 successores
1336 1355 1511 1403 magna
1534 1339 1835 1387 continentia
1866 1353 1922 1386 ac

172 1420 339 1468 divino
354 1438 516 1469 amore
530 1422 834 1486 regularique
849 1422 1154 1471 institutione
1169 1422 1216 1470 in
1223 1422 1405 1486 signes:
1431 1422 1484 1469 in
1497 1425 1716 1485 tempore
1726 1421 1921 1484 quidem

173 1519 372 1551 summae
418 1503 698 1552 festivitatis
745 1505 917 1553 dubios
963 1504 1166 1553 circulos
1212 1508 1480 1568 sequentes,
1529 1509 1700 1567 utpote
1747 1503 1922 1567 quibus

173 1584 315 1648 longe
339 1586 470 1634 ultra
494 1586 658 1634 orbem
690 1587 860 1650 positis
887 1603 1030 1635 nemo
1062 1588 1312 1651 synodalia
1339 1587 1573 1650 paschalis
1605 1584 1922 1634 observantiae

172 1669 365 1718 decreta
381 1676 688 1733 porrexerat;
726 1674 918 1718 tantum
943 1689 1000 1720 ea
1023 1688 1131 1735 quae
1155 1671 1208 1718 in
1231 1670 1541 1734 propheticis,
1561 1668 1848 1732 evangelicis
1873 1672 1923 1716 et

172 1752 453 1814 apostolicis
493 1752 647 1800 literis
688 1753 870 1801 discere
910 1758 1137 1816 poterant
1177 1752 1376 1817 pietatis
1418 1756 1468 1800 et
1503 1751 1741 1800 castitatis
1778 1768 1923 1814 opera

172 1833 435 1896 diligenter
457 1835 778 1884 observantes.
838 1835 1110 1885 Permansit
1134 1843 1298 1884 autem
1315 1834 1592 1899 hujusmodi
1617 1834 1922 1882 observantia

170 1916 406 1979 paschalis
424 1917 552 1980 apud
570 1934 650 1965 eos
673 1923 890 1981 tempore
908 1935 1004 1966 non
1026 1935 1191 1982 pauco,
1211 1919 1300 1967 hoc
1323 1925 1409 1978 est,
1428 1933 1580 1981 usque
1666 1934 1837 1967 A.D.715·

170 1999 233 2046 ad
266 2015 450 2047 annum
483 1999 754 2048 Dominicae
789 2000 1136 2049 incarnationis
1171 2000 1652 2065 septingentesimum
1679 1995 1921 2044 decimum

169 2081 410 2146 quintum,
435 2099 522 2145 per
537 2083 554 2108 ⁴
577 2099 728 2131 annos
751 2088 944 2131 centum
969 2083 1336 2148 quinquaginta.
1355 2093 1362 2106 ¹

239 2163 308 2211 At
336 2170 451 2213 tunc
473 2164 696 2213 veniente
724 2166 786 2213 ad
821 2182 903 2214 eos
937 2166 1328 2215 reverentissimo
1365 2169 1416 2214 et
1449 2163 1753 2214 sanctissimo
1781 2165 1921 2225 patre

170 2250 220 2294 et
243 2247 487 2295 sacerdote
511 2247 792 2311 Ecgbercto,
808 2248 867 2296 de
891 2249 1088 2297 natione
1107 2249 1397 2312 Anglorum,
1418 2248 1505 2312 qui
1529 2249 1580 2296 in
1665 2275 1836 2316 mm&

172 2327 410 2376 Hibernia
447 2329 632 2378 diutius
673 2331 952 2379 exulaverat
997 2348 1085 2395 pro
1127 2331 1336 2393 Christo,
1380 2340 1579 2396 eratque
1661 2339 1703 2374 in
1717 2337 1845 2373 which

171 2415 221 2457 et
248 2409 553 2459 doctissimus
587 2411 641 2459 in
673 2411 940 2476 Scripturis
974 2419 1022 2462 et
1056 2414 1214 2478 longae
1245 2414 1362 2462 vitae
1397 2415 1577 2478 perfec·
1601 2386 1901 2481 Εέἑζίᾟῗΐὲἔῃ.

171 2491 304 2540 tione
338 2492 556 2553 eximius,
586 2494 787 2542 correcti
822 2500 936 2543 sunt
969 2513 1057 2559 per
1089 2513 1203 2545 eum
1235 2500 1283 2544 et
1318 2497 1380 2545 ad
1407 2513 1579 2545 verum
1643 2491 1776 2528 verted
1790 2490 1858 2525 the

227 2588 240 2611 ¹
275 2587 524 2641 Dearmach]
555 2589 631 2630 See
659 2591 896 2637 Adomnan,
924 2591 952 2632 i.
977 2603 1014 2642 3.

172 2644 280 2683 Now
301 2643 511 2695 Dur-mgb,
530 2645 576 2683 in
593 2645 748 2698 King’s
766 2646 942 2699 County.

226 2697 243 2720 ²
269 2711 348 2738 esee
393 2698 575 2751 subjecti]
632 2701 867 2753 According
904 2705 947 2740 to
991 2715 1018 2741 a

172 2757 285 2805 story
317 2753 406 2793 told
437 2753 494 2806 by
521 2753 756 2801 Adomnan,
789 2755 817 2796 i.
855 2754 917 2802 26,
946 2755 1019 2795 the

172 2809 300 2848 abbot
331 2821 436 2858 gave
471 2808 637 2861 bishops
666 2809 739 2849 the
771 2810 1018 2861 precedence

171 2864 218 2902 in
248 2862 502 2915 performing
530 2862 818 2903 eeclesiastical
845 2878 1017 2904 ceremo-

171 2918 273 2958 nies.
330 2917 476 2970 Lloyd,
505 2931 544 2970 p.
577 2926 668 2969 117,
695 2932 906 2970 compares
934 2919 1018 2959 this

172 2971 444 3012 constitution
471 2976 516 3012 to
543 2973 636 3012 that
662 2973 710 3013 of
726 2987 803 3013 our
822 2974 1019 3014 universi·

172 3028 264 3067 ties.
322 3026 475 3076 Usher‚
507 3041 544 3079 p.
576 3026 669 3079 367,
697 3032 839 3075 states,
865 3042 919 3068 on
945 3029 1018 3070 the

172 3081 386 3134 authority
404 3082 449 3121 of
471 3082 542 3121 the
560 3082 705 3123 Ulster
729 3083 906 3132 Annals,
924 3083 1019 3124 that

172 3136 291 3176 there
314 3149 399 3176 was
427 3150 453 3176 a
481 3136 662 3177 resident
691 3138 833 3191 bishop
860 3151 906 3178 as
924 3139 1018 3179 well

171 3204 217 3231 as
235 3204 290 3231 an
308 3190 435 3230 abbot
453 3191 497 3230 in
517 3191 635 3232 lona.

226 3246 242 3269 ⁸
269 3246 485 3298 presbyter]
506 3245 648 3299 Lloyd,
664 3260 703 3299 p.
720 3257 809 3299 115,
828 3252 1015 3299 suggests

171 3299 267 3341 that
286 3299 404 3341 when
424 3301 476 3341 he
496 3306 606 3343 went
628 3306 669 3342 to
685 3301 799 3353 Iona,
814 3302 886 3343 the
905 3302 1012 3343 Irish

1069 2592 1238 2644 bishops
1271 2592 1412 2632 ‘durst
1443 2596 1517 2632 not
1549 2592 1694 2632 ordain
1726 2591 1826 2637 him,
1858 2591 1920 2630 for

1070 2647 1159 2687 sear
1187 2647 1234 2686 of
1256 2648 1487 2700 provoking
1515 2647 1588 2688 the
1616 2648 1720 2699 king
1749 2651 1793 2686 to
1820 2650 1921 2684 turn

1071 2702 1137 2742 his
1174 2702 1308 2742 wrath
1346 2716 1458 2754 upon
1497 2702 1758 2742 themselves
1833 2700 1921 2739 But

1072 2757 1246 2803 besides,
1292 2757 1329 2797 it
1384 2771 1514 2797 seems
1559 2758 1654 2797 that
1700 2757 1754 2795 he
1799 2755 1920 2794 chose

1072 2813 1213 2851 rather
1232 2817 1276 2851 to
1294 2812 1347 2852 be
1371 2826 1427 2852 an
1445 2812 1572 2852 abbot
1591 2813 1693 2851 than
1712 2825 1738 2851 a
1756 2810 1916 2860 bishop‚

1073 2866 1229 2919 having
1247 2867 1350 2907 from
1377 2866 1442 2907 his
1469 2868 1600 2919 youth
1621 2865 1796 2906 devoted
1816 2864 1920 2902 him-

1073 2921 1158 2961 self
1170 2926 1213 2961 to
1232 2935 1258 2961 a
1276 2922 1478 2962 monastic
1496 2921 1593 2962 life!
1631 2921 1795 2961 Abbots
1811 2931 1918 2957 were

1073 2976 1309 3016 sometimes
1337 2977 1472 3029 styled
1503 2975 1753 3029 ‘principes’
1774 2974 1817 3011 in
1846 2972 1917 3010 the

1073 3031 1187 3095 early
1204 3031 1316 3072 Irish
1344 3032 1522 3072 Church.
1571 3029 1744 3098 Mabill.¹
1765 3028 1829 3066 De
1854 3026 1918 3065 Re

1071 3084 1304 3193 Bw?
1318 3085 1698 3194 ¹5³·q23225122253232232'

1069 3207 1172 3247 year
1189 3195 1238 3236 of
1250 3196 1323 3236 the
1341 3197 1411 3236 old
1429 3199 1583 3248 system
1603 3208 1686 3234 was
1705 3203 1793 3234 ΑΛ).
1817 3200 1892 3243 715
1906 3205 1917 3241 3

1071 3262 1137 3290 see
1156 3262 1196 3291 v.
1218 3262 1282 3298 22,
1299 3251 1403 3291 with
1422 3254 1530 3290 note.

997 3373 1082 3408 122
