2216 3554
303 181 404 228 374
939 174 1168 223 Historia
1202 173 1442 223 Abbatum

308 308 534 360 cantiam
548 309 598 357 ¹:
646 307 919 374 gratissime
953 312 1071 356 sunt
1105 306 1342 371 suscepti:
1384 304 1666 354 Theodorus
1697 305 1859 354 sedem
1883 305 2064 370 episco-

306 397 450 457 patus
474 390 777 441 conscendit:
827 390 1117 439 Benedictus
1151 390 1360 453 suscepit
1395 388 1741 437 monasterium
1774 387 1904 437 beati
1930 387 2064 436 Petri

308 475 516 539 apostoli
554 474 616 523 ad
656 473 935 537 regendum,
977 475 1113 536 cujus
1149 478 1320 536 postea
1356 471 1588 535 praefatus
1624 469 1872 519 Adrianus
1909 469 2064 517 factus

308 562 383 608 est
405 558 568 607 abbas.

382 658 427 701 4.
465 640 611 702 Quod
650 639 736 688 ubi
776 639 965 687 duobus
1011 638 1150 687 annis
1190 637 1535 687 monasterium
1582 637 1727 696 rexit,
1767 635 1970 684 tertium
2006 635 2068 683 de

378 731 482 772 [ιι-1)·
498 732 589 774 671.]
656 721 901 770 Brittania
935 721 1147 769 Romam
1180 720 1276 769 iter
1299 720 1534 784 arripiens
1569 719 1713 768 solita
1747 717 2070 783 prosperitate

311 805 575 869 complevit
589 807 620 865 ²,
644 805 890 868 librosque
927 803 1083 851 omnis
1118 803 1297 852 divinae
1333 803 1622 852 eruditionis
1657 819 1755 850 non
1790 817 1967 865 paucos
1990 799 2070 849 vel

309 890 487 955 placito
546 889 704 954 pretio
762 892 966 951 emptOS,
1013 886 1092 935 vel
1138 886 1403 935 amicorum
1449 887 1577 935 dono
1624 885 1826 950 largitos
1884 883 2069 932 retulit.

311 972 527 1022 Rediens
561 975 725 1020 autem
749 970 835 1018 ubi
858 969 1098 1018 Viennam
1132 970 1369 1033 pervenit,
1395 970 1644 1034 emptitios
1679 969 1749 1017 ibi
1782 984 1905 1032 quos
1939 966 2070 1031 apud

311 1055 490 1104 amicos
525 1052 958 1112 commendaverat,
993 1052 1190 1116 recepit.
1259 1051 1332 1101 At
1377 1053 1622 1117 ingressus
1663 1051 1972 1109 Brittaniam,
2008 1051 2072 1099 ad

380 1146 481 1185 [ΛΦ.
496 1146 586 1187 672.]
652 1151 816 1199 regem
859 1134 1243 1183 Occidentalium
1287 1135 1536 1184 Saxonum
1576 1135 1771 1183 nomine
1806 1132 2072 1198 Coynwalh

312 1217 651 1265 conferendum
692 1217 899 1281 putavit,
938 1220 1074 1281 cujus
1116 1224 1166 1266 et
1207 1223 1322 1266 ante
1362 1235 1460 1267 non
1496 1218 1644 1266 semel
1678 1217 1905 1266 amicitiis
1938 1233 2070 1275 usus,

310 1303 362 1349 et
394 1300 639 1348 beneficiis
674 1306 779 1349 erat
812 1300 1021 1364 adjutus.
1093 1300 1188 1350 Sed
1223 1301 1330 1365 ipso
1366 1300 1533 1350 eodem
1566 1306 1787 1364 tempore
1810 1300 2073 1348 immatura

312 1389 467 1431 morte
499 1387 759 1447 praerepto‚
795 1385 994 1432 tandem
1027 1383 1090 1432 ad
1126 1383 1337 1447 patriam
1371 1388 1564 1448 gentem
1600 1383 1853 1447 solumque
1888 1383 1940 1431 in
1975 1398 2073 1446 quo

310 1469 455 1514 natus
490 1471 564 1515 est
597 1466 770 1530 pedem
793 1471 1092 1527 convertens,
1118 1466 1376 1531 ngridum
1400 1465 1836 1515 Transhumbranae
1859 1465 2072 1530 regionis

311 1564 476 1612 regem
522 1548 677 1610 adiit;
739 1555 913 1599 cuncta
950 1567 1059 1615 quae
1098 1549 1276 1614 egisset
1313 1566 1374 1598 ex
1416 1566 1512 1614 quo
1548 1549 1762 1613 patriam
1799 1549 2073 1598 adolescens

312 1631 541 1692 deseruit,
562 1631 843 1696 replicavit;
879 1650 977 1697 quo
1002 1632 1248 1697 religionis
1266 1631 1505 1681 desiderio
1528 1632 1733 1692 arderet,
1753 1648 1851 1679 non
1875 1630 2070 1691 celavit;

314 1713 435 1778 quid
483 1714 830 1776 ecclesiasticae,
879 1716 999 1780 quid
1056 1715 1347 1765 monachicae
1403 1714 1728 1764 institutionis
1773 1714 1944 1763 Romae
1995 1714 2072 1762 vel

313 1796 692 1862 circumquaque
727 1798 990 1859 didicisset,
1017 1805 1136 1863 quot
1170 1798 1336 1847 divina
1370 1798 1632 1857 volumina,
1669 1802 1874 1862 quantas
1910 1797 2074 1846 beato-

313 1896 427 1928 rum
474 1880 804 1944 apostolorum
851 1881 953 1930 sive
1000 1886 1271 1945 martyrum
1308 1880 1491 1930 Christi
1538 1879 1768 1944 reliquias
1814 1879 2073 1938 attulisset,

312 1962 573 2025 patefecit3
611 1966 892 2027 tantamque
916 1964 1046 2027 apud
1070 1980 1235 2027 regem
1258 1963 1466 2027 gratiam
1491 1961 1837 2011 familiaritatis
1872 1962 2073 2021 invenit,

314 2049 371 2092 ut
407 2044 663 2093 confestim
697 2045 742 2094 ei
772 2049 954 2094 terram
990 2046 1299 2110 septuaginta
1322 2046 1619 2094 familiarum
1644 2044 1703 2093 de
1739 2062 1826 2094 suo
1848 2045 2073 2109 largitus,

316 2127 663 2175 monasterium
709 2127 832 2176 inibi
878 2128 1037 2192 primo
1083 2129 1267 2193 pastori
1314 2128 1527 2178 ecclesiae
1574 2128 1731 2176 facere
1777 2124 2073 2192 praeciperet.

384 2222 484 2261 [Ax-D·
501 2222 590 2263 67⁴]
660 2211 804 2272 Quod
838 2211 1019 2260 factum
1055 2216 1143 2273 est,
1169 2212 1300 2261 sicut)
1331 2217 1381 2260 et
1416 2212 1468 2260 in
1502 2211 1738 2276 prooemio
1772 2210 1988 2270 memini,
2013 2211 2075 2260 ad

316 2293 496 2342 ostium
553 2293 769 2343 fluminis
816 2293 932 2344 Viri
989 2294 1052 2347 ad
1109 2294 1417 2358 Aquilonem,
1465 2312 1592 2343 anno
1638 2294 1701 2343 ab
1747 2293 2077 2342 incarnatione

315 2375 516 2425 Domini
551 2375 898 2426 sexcentesimo
935 2378 1288 2442 septuagesimo
1325 2382 1512 2442 quarto,
1549 2377 1816 2426 indictione
1850 2377 2073 2436 secunda,

316 2475 446 2507 anno
469 2464 635 2507 autem
660 2465 834 2523 quarto
857 2459 1051 2524 imperii
1075 2459 1270 2524 ngridi
1293 2460 1433 2524 regis.

389 2554 434 2603 5.
472 2542 523 2589 Ν
526 2535 578 2591 ec
611 2542 870 2607 plusquam
895 2543 1042 2591 unius
1076 2543 1193 2592 anni
1222 2543 1379 2607 spatio
1409 2548 1520 2608 post
1554 2542 1813 2592 fundatum
1836 2547 2075 2592 monaste·
2143 2528 2146 2530 v

386 2638 590 2679 [1.1>.676.]
658 2625 789 2673 rium
825 2626 1094 2689 interjecto,
1118 2626 1414 2675 Benedictus
1448 2643 1624 2675 oceano
1648 2626 1935 2676 transmisso
1957 2626 2075 2676 Gal-

316 2705 409 2756 lias
466 2711 650 2771 petens,
697 2709 1029 2758 caementarios
1076 2709 1161 2774 qui
1209 2709 1451 2774 lapideam
1496 2709 1591 2758 sibi
1639 2709 1888 2758 ecclesiam
1931 2710 2078 2774 juxta

318 2790 685 2839 Romanorum³
722 2807 866 2854 quem
901 2809 1089 2856 semper
1111 2793 1304 2841 amabat
1338 2809 1520 2841 morem
1544 2792 1771 2853 facerent,
1797 2793 2076 2857 postulavit,

318 2873 519 2938 accepit,
552 2873 750 2922 attulit.
821 2874 887 2922 Et
933 2879 1127 2923 tantum
1180 2875 1234 2923 in
1280 2875 1523 2940 operando
1565 2875 1718 2924 studii
1767 2892 1868 2939 prae
1914 2893 2077 2925 amore

373 2981 390 3005 ¹
416 2988 611 3023 venerunt
633 2981 851 3035 Cantiam]
892 2983 946 3023 In
969 2995 1056 3025 Λα).
1076 2983 1170 3038 669,
1226 2985 1297 3026 He
1321 2989 1436 3025 must
1460 2985 1568 3025 have
1594 2985 1792 3025 returned
1810 2985 1855 3025 in
1874 2995 1961 3024 ΑΛ).
1981 2983 2078 3036 672,

319 3037 393 3078 the
412 3051 512 3090 year
526 3038 633 3077 after
645 3037 771 3089 being
788 3042 882 3077 sent
899 3038 1004 3077 from
1023 3039 1170 3086 Rome,
1225 3040 1289 3079 for
1306 3040 1351 3079 in
1370 3040 1465 3081 that
1484 3054 1584 3093 year
1604 3041 1725 3093 King
1746 3040 1946 3081 cenwalh
1968 3039 2077 3080 died.

320 3106 362 3145 p.
378 3104 469 3143 213.
527 3093 579 3132 In
598 3092 673 3132 the
691 3105 802 3132 same
819 3106 920 3145 year
931 3094 1171 3134 Theodorus
1226 3095 1268 3135 S.
1288 3095 1441 3137 Chron.

318 3147 442 3187 made
480 3147 631 3200 Biscop
667 3147 795 3188 abbot
831 3147 878 3187 of
910 3148 971 3188 St.
998 3147 1171 3190 Peter's.
1281 3150 1298 3174 ³
1315 3150 1442 3201 juxta
1474 3151 1758 3192 Romanorum
1788 3181 1798 3191 .
1829 3181 1839 3191 .
1869 3181 1879 3190 .
1908 3146 2074 3199 morem]

318 3202 430 3243 Flor.
1228 3205 1405 3252 Haedde,
1428 3205 1493 3254 16,
1510 3214 1575 3259 17;
1605 3206 1736 3259 Lapp.
1756 3213 1855 3258 1773
1875 3205 1942 3245 De
1953 3202 2078 3244 Locis

375 3255 392 3279 ²
419 3257 648 3311 complevit]
708 3257 764 3298 In
800 3267 888 3300 A.D.
927 3257 1021 3309 671,
1059 3258 1170 3300 Flor.
1226 3259 1402 3310 Sanctis,
1424 3260 1463 3302 6.
