<?xml version="1.0" encoding="UTF-8"?>
<!DOCTYPE html PUBLIC "-//W3C//DTD XHTML 1.0 Transitional//EN"
    "http://www.w3.org/TR/xhtml1/DTD/xhtml1-transitional.dtd">
<html xmlns="http://www.w3.org/1999/xhtml" xml:lang="en" lang="en">
 <head>
  <title>
</title>
<meta http-equiv="Content-Type" content="text/html;charset=utf-8" />
  <meta name='ocr-system' content='tesseract 3.04.00' />
  <meta name='ocr-capabilities' content='ocr_page ocr_carea ocr_par ocr_line ocrx_word'/>
</head>
<body>
  <div class='ocr_page' id='page_1' title='image "./historiaecclesia00bedeuoft_0446.png"; bbox 0 0 2216 3554; ppageno 0'>
   <div class='ocr_carea' id='block_1_1' title="bbox 309 111 1492 178">
    <p class='ocr_par' dir='ltr' id='par_1_1' title="bbox 309 111 1492 178">
     <span class='ocr_line' id='line_1_1' title="bbox 309 111 1492 178; baseline -0.001 -15"><span class='ocrx_word' id='word_1_1' title='bbox 309 118 406 163; x_wconf 86' lang='lat'><strong>414</strong></span> <span class='ocrx_word' id='word_1_2' title='bbox 882 111 1106 177; x_wconf 65' lang='lat' dir='ltr'><strong>Epistola</strong></span> <span class='ocrx_word' id='word_1_3' title='bbox 1141 112 1393 178; x_wconf 52' lang='lat' dir='ltr'><strong>Bonifacii</strong></span> <span class='ocrx_word' id='word_1_4' title='bbox 1425 114 1492 162; x_wconf 83' lang='lat' dir='ltr'><strong>ad</strong></span> 
     </span>
    </p>
   </div>
   <div class='ocr_carea' id='block_1_2' title="bbox 306 243 2070 2792">
    <p class='ocr_par' dir='ltr' id='par_1_2' title="bbox 306 243 2067 2047">
     <span class='ocr_line' id='line_1_2' title="bbox 382 243 2055 309; baseline 0.001 -14"><span class='ocrx_word' id='word_1_5' title='bbox 382 257 425 308; x_wconf 87' lang='lat'><strong>7.</strong></span> <span class='ocrx_word' id='word_1_6' title='bbox 460 244 664 304; x_wconf 81' lang='lat' dir='ltr'>Idcirco,</span> <span class='ocrx_word' id='word_1_7' title='bbox 688 244 839 293; x_wconf 89' lang='lat' dir='ltr'><strong>frater</strong></span> <span class='ocrx_word' id='word_1_8' title='bbox 874 243 1166 304; x_wconf 79' lang='lat' dir='ltr'><strong>charissime,</strong></span> <span class='ocrx_word' id='word_1_9' title='bbox 1193 244 1307 308; x_wconf 89' lang='lat' dir='ltr'><strong>quia</strong></span> <span class='ocrx_word' id='word_1_10' title='bbox 1339 245 1443 294; x_wconf 86' lang='lat' dir='ltr'><strong>haec</strong></span> <span class='ocrx_word' id='word_1_11' title='bbox 1478 245 1639 294; x_wconf 86' lang='lat' dir='ltr'><strong>omnia</strong></span> <span class='ocrx_word' id='word_1_12' title='bbox 1671 245 1743 295; x_wconf 86' lang='lat' dir='ltr'><strong>ita.</strong></span> <span class='ocrx_word' id='word_1_13' title='bbox 1777 263 1827 296; x_wconf 86' lang='lat' dir='ltr'><strong>se</strong></span> <span class='ocrx_word' id='word_1_14' title='bbox 1860 247 2055 309; x_wconf 89' lang='lat' dir='ltr'><strong>habent,</strong></span> 
     </span>
     <span class='ocr_line' id='line_1_3' title="bbox 311 326 2058 393; baseline 0.001 -16"><span class='ocrx_word' id='word_1_15' title='bbox 311 334 360 377; x_wconf 91' lang='lat' dir='ltr'><strong>et</strong></span> <span class='ocrx_word' id='word_1_16' title='bbox 390 327 569 377; x_wconf 87' lang='lat' dir='ltr'><strong>veritas</strong></span> <span class='ocrx_word' id='word_1_17' title='bbox 604 326 799 391; x_wconf 85' lang='lat' dir='ltr'><strong>fatigari</strong></span> <span class='ocrx_word' id='word_1_18' title='bbox 831 330 1005 391; x_wconf 90' lang='lat' dir='ltr'><strong>potest,</strong></span> <span class='ocrx_word' id='word_1_19' title='bbox 1031 327 1163 377; x_wconf 89' lang='lat' dir='ltr'><strong>vinci</strong></span> <span class='ocrx_word' id='word_1_20' title='bbox 1197 333 1361 376; x_wconf 91' lang='lat' dir='ltr'><strong>autem</strong></span> <span class='ocrx_word' id='word_1_21' title='bbox 1396 333 1444 376; x_wconf 92' lang='lat' dir='ltr'><strong>et</strong></span> <span class='ocrx_word' id='word_1_22' title='bbox 1479 328 1583 376; x_wconf 88' lang='lat' dir='ltr'><strong>falli</strong></span> <span class='ocrx_word' id='word_1_23' title='bbox 1617 346 1714 377; x_wconf 93' lang='lat' dir='ltr'><strong>non</strong></span> <span class='ocrx_word' id='word_1_24' title='bbox 1747 334 1920 393; x_wconf 90' lang='lat' dir='ltr'><strong>potest,</strong></span> <span class='ocrx_word' id='word_1_25' title='bbox 1945 331 2058 379; x_wconf 89' lang='lat' dir='ltr'><strong>fati-</strong></span> 
     </span>
     <span class='ocr_line' id='line_1_4' title="bbox 310 409 2054 477; baseline 0.002 -18"><span class='ocrx_word' id='word_1_26' title='bbox 310 417 424 477; x_wconf 88' lang='lat' dir='ltr'><strong>gata</strong></span> <span class='ocrx_word' id='word_1_27' title='bbox 447 428 583 459; x_wconf 89' lang='lat' dir='ltr'><strong>mens</strong></span> <span class='ocrx_word' id='word_1_28' title='bbox 608 416 774 459; x_wconf 86' lang='lat' dir='ltr'><strong>nostra</strong></span> <span class='ocrx_word' id='word_1_29' title='bbox 796 409 1040 474; x_wconf 77' lang='lat' dir='ltr'><strong>confugiat</strong></span> <span class='ocrx_word' id='word_1_30' title='bbox 1063 411 1124 458; x_wconf 85' lang='lat' dir='ltr'><strong>ad.</strong></span> <span class='ocrx_word' id='word_1_31' title='bbox 1146 410 1301 471; x_wconf 89' lang='lat' dir='ltr'><strong>illum,</strong></span> <span class='ocrx_word' id='word_1_32' title='bbox 1325 411 1410 474; x_wconf 89' lang='lat' dir='ltr'><strong>qui</strong></span> <span class='ocrx_word' id='word_1_33' title='bbox 1432 428 1519 474; x_wconf 91' lang='lat' dir='ltr'><strong>per</strong></span> <span class='ocrx_word' id='word_1_34' title='bbox 1542 411 1856 461; x_wconf 63' lang='lat' dir='ltr'><strong>Salomonem&gt;</strong></span> <span class='ocrx_word' id='word_1_35' title='bbox 1871 413 1991 462; x_wconf 89' lang='lat' dir='ltr'><strong>dicit</strong></span> <span class='ocrx_word' id='word_1_36' title='bbox 2005 413 2022 440; x_wconf 87' lang='lat'>¹</span> <span class='ocrx_word' id='word_1_37' title='bbox 2043 432 2054 462; x_wconf 90' lang='lat'>:</span> 
     </span>
     <span class='ocr_line' id='line_1_5' title="bbox 314 492 2059 545; baseline 0.002 -4"><span class='ocrx_word' id='word_1_38' title='bbox 314 499 324 519; x_wconf 92' lang='lat'>‘</span> <span class='ocrx_word' id='word_1_39' title='bbox 344 494 485 542; x_wconf 83' lang='lat' dir='ltr'>Habe</span> <span class='ocrx_word' id='word_1_40' title='bbox 519 492 746 541; x_wconf 87' lang='lat' dir='ltr'><strong>fiduciam</strong></span> <span class='ocrx_word' id='word_1_41' title='bbox 778 493 832 541; x_wconf 91' lang='lat' dir='ltr'><strong>in</strong></span> <span class='ocrx_word' id='word_1_42' title='bbox 867 493 1080 541; x_wconf 91' lang='lat' dir='ltr'><strong>Domino</strong></span> <span class='ocrx_word' id='word_1_43' title='bbox 1115 509 1175 541; x_wconf 85' lang='lat' dir='ltr'><strong>ex</strong></span> <span class='ocrx_word' id='word_1_44' title='bbox 1209 498 1313 542; x_wconf 91' lang='lat' dir='ltr'><strong>toto</strong></span> <span class='ocrx_word' id='word_1_45' title='bbox 1353 493 1497 541; x_wconf 88' lang='lat' dir='ltr'><strong>corde</strong></span> <span class='ocrx_word' id='word_1_46' title='bbox 1531 499 1618 542; x_wconf 93' lang='lat' dir='ltr'><strong>tuo</strong></span> <span class='ocrx_word' id='word_1_47' title='bbox 1654 499 1704 543; x_wconf 91' lang='lat' dir='ltr'><strong>et</strong></span> <span class='ocrx_word' id='word_1_48' title='bbox 1738 512 1798 543; x_wconf 92' lang='lat' dir='ltr'><strong>ne</strong></span> <span class='ocrx_word' id='word_1_49' title='bbox 1832 495 2059 545; x_wconf 78' lang='lat' dir='ltr'><strong>innitaris</strong></span> 
     </span>
     <span class='ocr_line' id='line_1_6' title="bbox 312 575 2059 642; baseline 0.002 -18"><span class='ocrx_word' id='word_1_50' title='bbox 312 576 587 641; x_wconf 83' lang='lat' dir='ltr'><strong>prudentiae</strong></span> <span class='ocrx_word' id='word_1_51' title='bbox 633 581 744 625; x_wconf 84' lang='lat' dir='ltr'><strong>tuae.</strong></span> <span class='ocrx_word' id='word_1_52' title='bbox 814 576 876 623; x_wconf 91' lang='lat' dir='ltr'><strong>In</strong></span> <span class='ocrx_word' id='word_1_53' title='bbox 923 575 1148 624; x_wconf 89' lang='lat' dir='ltr'><strong>omnibus</strong></span> <span class='ocrx_word' id='word_1_54' title='bbox 1187 575 1282 624; x_wconf 80' lang='lat' dir='ltr'><strong>viis</strong></span> <span class='ocrx_word' id='word_1_55' title='bbox 1326 576 1426 625; x_wconf 89' lang='lat' dir='ltr'><strong>tuis</strong></span> <span class='ocrx_word' id='word_1_56' title='bbox 1472 576 1632 639; x_wconf 90' lang='lat' dir='ltr'><strong>cogita</strong></span> <span class='ocrx_word' id='word_1_57' title='bbox 1673 577 1825 637; x_wconf 91' lang='lat' dir='ltr'><strong>illum,</strong></span> <span class='ocrx_word' id='word_1_58' title='bbox 1863 582 1914 627; x_wconf 91' lang='lat' dir='ltr'><strong>et</strong></span> <span class='ocrx_word' id='word_1_59' title='bbox 1953 579 2059 642; x_wconf 84' lang='lat' dir='ltr'><strong>ipse</strong></span> 
     </span>
     <span class='ocr_line' id='line_1_7' title="bbox 312 654 2061 722; baseline 0.002 -15"><span class='ocrx_word' id='word_1_60' title='bbox 312 659 492 722; x_wconf 85' lang='lat' dir='ltr'><strong>diriget</strong></span> <span class='ocrx_word' id='word_1_61' title='bbox 538 675 732 722; x_wconf 80' lang='lat' dir='ltr'><strong>gressus</strong></span> <span class='ocrx_word' id='word_1_62' title='bbox 778 658 918 708; x_wconf 89' lang='lat' dir='ltr'><strong>tuos.&#39;</strong></span> <span class='ocrx_word' id='word_1_63' title='bbox 988 657 1057 705; x_wconf 88' lang='lat' dir='ltr'><strong>Et</strong></span> <span class='ocrx_word' id='word_1_64' title='bbox 1098 654 1278 705; x_wconf 77' lang='lat' dir='ltr'><strong>alibi2:</strong></span> <span class='ocrx_word' id='word_1_65' title='bbox 1339 663 1351 686; x_wconf 78' lang='lat'><strong><em>⁶</em></strong></span> <span class='ocrx_word' id='word_1_66' title='bbox 1370 658 1536 707; x_wconf 82' lang='lat' dir='ltr'><strong>Turris</strong></span> <span class='ocrx_word' id='word_1_67' title='bbox 1573 659 1838 708; x_wconf 89' lang='lat' dir='ltr'><strong>fortissima</strong></span> <span class='ocrx_word' id='word_1_68' title='bbox 1883 678 2061 710; x_wconf 87' lang='lat' dir='ltr'><strong>nomen</strong></span> 
     </span>
     <span class='ocr_line' id='line_1_8' title="bbox 313 740 2061 804; baseline 0.001 -14"><span class='ocrx_word' id='word_1_69' title='bbox 313 741 530 791; x_wconf 90' lang='lat' dir='ltr'><strong>Domini.</strong></span> <span class='ocrx_word' id='word_1_70' title='bbox 599 740 683 790; x_wconf 87' lang='lat' dir='ltr'><strong>Ad</strong></span> <span class='ocrx_word' id='word_1_71' title='bbox 710 741 864 804; x_wconf 84' lang='lat' dir='ltr'><strong>ipsam</strong></span> <span class='ocrx_word' id='word_1_72' title='bbox 889 740 1104 803; x_wconf 78' lang='lat' dir='ltr'><strong>confugit</strong></span> <span class='ocrx_word' id='word_1_73' title='bbox 1132 741 1308 802; x_wconf 83' lang='lat' dir='ltr'><strong>justus,</strong></span> <span class='ocrx_word' id='word_1_74' title='bbox 1333 744 1384 789; x_wconf 88' lang='lat' dir='ltr'><strong>et</strong></span> <span class='ocrx_word' id='word_1_75' title='bbox 1416 741 1708 793; x_wconf 63' lang='lat' dir='ltr'><strong>salvabitur!</strong></span> <span class='ocrx_word' id='word_1_76' title='bbox 1779 743 1973 793; x_wconf 79' lang='lat' dir='ltr'><strong>Stemus</strong></span> <span class='ocrx_word' id='word_1_77' title='bbox 2006 744 2061 792; x_wconf 90' lang='lat' dir='ltr'><strong>in</strong></span> 
     </span>
     <span class='ocr_line' id='line_1_9' title="bbox 306 822 2060 889; baseline 0.002 -16"><span class='ocrx_word' id='word_1_78' title='bbox 306 825 511 889; x_wconf 87' lang='lat' dir='ltr'><strong>justitia,</strong></span> <span class='ocrx_word' id='word_1_79' title='bbox 538 830 586 873; x_wconf 92' lang='lat' dir='ltr'><strong>et</strong></span> <span class='ocrx_word' id='word_1_80' title='bbox 620 840 944 887; x_wconf 69' lang='lat' dir='ltr'><strong>praeparemus</strong></span> <span class='ocrx_word' id='word_1_81' title='bbox 978 822 1163 871; x_wconf 86' lang='lat' dir='ltr'><strong>animas</strong></span> <span class='ocrx_word' id='word_1_82' title='bbox 1197 827 1386 872; x_wconf 87' lang='lat' dir='ltr'><strong>nostras</strong></span> <span class='ocrx_word' id='word_1_83' title='bbox 1420 825 1482 872; x_wconf 89' lang='lat' dir='ltr'><strong>ad</strong></span> <span class='ocrx_word' id='word_1_84' title='bbox 1505 825 1840 886; x_wconf 86' lang='lat' dir='ltr'><strong>tentationem,</strong></span> <span class='ocrx_word' id='word_1_85' title='bbox 1866 832 1924 875; x_wconf 90' lang='lat' dir='ltr'><strong>ut</strong></span> <span class='ocrx_word' id='word_1_86' title='bbox 1957 843 2060 876; x_wconf 85' lang='lat' dir='ltr'><strong>sus-</strong></span> 
     </span>
     <span class='ocr_line' id='line_1_10' title="bbox 311 903 2061 974; baseline 0.002 -19"><span class='ocrx_word' id='word_1_87' title='bbox 311 908 551 956; x_wconf 91' lang='lat' dir='ltr'><strong>tineamus</strong></span> <span class='ocrx_word' id='word_1_88' title='bbox 575 904 976 955; x_wconf 87' lang='lat' dir='ltr'><strong>sustentationem</strong></span> <span class='ocrx_word' id='word_1_89' title='bbox 999 903 1107 964; x_wconf 83' lang='lat' dir='ltr'><strong>Dei,</strong></span> <span class='ocrx_word' id='word_1_90' title='bbox 1124 909 1173 952; x_wconf 89' lang='lat' dir='ltr'><strong>et</strong></span> <span class='ocrx_word' id='word_1_91' title='bbox 1195 904 1407 953; x_wconf 90' lang='lat' dir='ltr'><strong>dicamus</strong></span> <span class='ocrx_word' id='word_1_92' title='bbox 1431 906 1503 955; x_wconf 90' lang='lat' dir='ltr'><strong>ei:</strong></span> <span class='ocrx_word' id='word_1_93' title='bbox 1541 908 1794 956; x_wconf 77' lang='lat' dir='ltr'><strong>‘Domine³</strong></span> <span class='ocrx_word' id='word_1_94' title='bbox 1817 910 2061 974; x_wconf 90' lang='lat' dir='ltr'><strong>refugium</strong></span> 
     </span>
     <span class='ocr_line' id='line_1_11' title="bbox 313 987 2061 1054; baseline 0.001 -15"><span class='ocrx_word' id='word_1_95' title='bbox 313 992 470 1039; x_wconf 90' lang='lat' dir='ltr'><strong>factus</strong></span> <span class='ocrx_word' id='word_1_96' title='bbox 494 1007 544 1038; x_wconf 88' lang='lat' dir='ltr'><strong>es</strong></span> <span class='ocrx_word' id='word_1_97' title='bbox 568 988 707 1036; x_wconf 89' lang='lat' dir='ltr'><strong>nobis</strong></span> <span class='ocrx_word' id='word_1_98' title='bbox 738 1005 767 1036; x_wconf 90' lang='lat' dir='ltr'><strong>a</strong></span> <span class='ocrx_word' id='word_1_99' title='bbox 789 987 1099 1051; x_wconf 87' lang='lat' dir='ltr'><strong>generatione</strong></span> <span class='ocrx_word' id='word_1_100' title='bbox 1124 991 1172 1035; x_wconf 88' lang='lat' dir='ltr'><strong>et</strong></span> <span class='ocrx_word' id='word_1_101' title='bbox 1195 987 1451 1052; x_wconf 90' lang='lat' dir='ltr'><strong>progenie.&#39;</strong></span> <span class='ocrx_word' id='word_1_102' title='bbox 1523 989 1835 1040; x_wconf 76' lang='lat' dir='ltr'><strong>confidamus</strong></span> <span class='ocrx_word' id='word_1_103' title='bbox 1858 992 1911 1040; x_wconf 92' lang='lat' dir='ltr'><strong>in</strong></span> <span class='ocrx_word' id='word_1_104' title='bbox 1935 1010 2061 1054; x_wconf 87' lang='lat' dir='ltr'><strong>eum,</strong></span> 
     </span>
     <span class='ocr_line' id='line_1_12' title="bbox 314 1069 2060 1138; baseline 0.002 -17"><span class='ocrx_word' id='word_1_105' title='bbox 314 1073 401 1137; x_wconf 90' lang='lat' dir='ltr'><strong>qui</strong></span> <span class='ocrx_word' id='word_1_106' title='bbox 423 1072 563 1121; x_wconf 88' lang='lat' dir='ltr'><strong>nobis</strong></span> <span class='ocrx_word' id='word_1_107' title='bbox 586 1087 707 1120; x_wconf 89' lang='lat' dir='ltr'><strong>onus</strong></span> <span class='ocrx_word' id='word_1_108' title='bbox 730 1069 975 1134; x_wconf 88' lang='lat' dir='ltr'><strong>imposuit.</strong></span> <span class='ocrx_word' id='word_1_109' title='bbox 1046 1069 1188 1131; x_wconf 80' lang='lat' dir='ltr'><strong>Quod</strong></span> <span class='ocrx_word' id='word_1_110' title='bbox 1211 1086 1298 1133; x_wconf 88' lang='lat' dir='ltr'><strong>per</strong></span> <span class='ocrx_word' id='word_1_111' title='bbox 1321 1087 1409 1118; x_wconf 92' lang='lat' dir='ltr'><strong>nos</strong></span> <span class='ocrx_word' id='word_1_112' title='bbox 1441 1077 1638 1135; x_wconf 86' lang='lat' dir='ltr'><strong>portare</strong></span> <span class='ocrx_word' id='word_1_113' title='bbox 1660 1091 1760 1122; x_wconf 93' lang='lat' dir='ltr'><strong>non</strong></span> <span class='ocrx_word' id='word_1_114' title='bbox 1791 1091 2060 1138; x_wconf 87' lang='lat' dir='ltr'><strong>possumus,</strong></span> 
     </span>
     <span class='ocr_line' id='line_1_13' title="bbox 314 1151 2062 1221; baseline 0.001 -16"><span class='ocrx_word' id='word_1_115' title='bbox 314 1162 561 1221; x_wconf 91' lang='lat' dir='ltr'><strong>portemus</strong></span> <span class='ocrx_word' id='word_1_116' title='bbox 584 1171 672 1217; x_wconf 93' lang='lat' dir='ltr'><strong>per</strong></span> <span class='ocrx_word' id='word_1_117' title='bbox 694 1153 847 1212; x_wconf 92' lang='lat' dir='ltr'><strong>illum,</strong></span> <span class='ocrx_word' id='word_1_118' title='bbox 869 1153 953 1216; x_wconf 89' lang='lat' dir='ltr'><strong>qui</strong></span> <span class='ocrx_word' id='word_1_119' title='bbox 977 1157 1050 1202; x_wconf 89' lang='lat' dir='ltr'><strong>est</strong></span> <span class='ocrx_word' id='word_1_120' title='bbox 1074 1151 1393 1216; x_wconf 87' lang='lat' dir='ltr'><strong>omnipotens,</strong></span> <span class='ocrx_word' id='word_1_121' title='bbox 1413 1154 1498 1217; x_wconf 91' lang='lat' dir='ltr'><strong>qui</strong></span> <span class='ocrx_word' id='word_1_122' title='bbox 1521 1153 1676 1214; x_wconf 79' lang='lat' dir='ltr'><strong>dicit4,</strong></span> <span class='ocrx_word' id='word_1_123' title='bbox 1702 1157 1755 1204; x_wconf 87' lang='lat' dir='ltr'><strong>‘J</strong></span> <span class='ocrx_word' id='word_1_124' title='bbox 1758 1174 1908 1221; x_wconf 89' lang='lat' dir='ltr'><strong>ugum</strong></span> <span class='ocrx_word' id='word_1_125' title='bbox 1934 1159 2062 1207; x_wconf 91' lang='lat' dir='ltr'><strong>enim</strong></span> 
     </span>
     <span class='ocr_line' id='line_1_14' title="bbox 314 1236 2064 1303; baseline 0.002 -16"><span class='ocrx_word' id='word_1_126' title='bbox 314 1256 478 1287; x_wconf 89' lang='lat' dir='ltr'><strong>meum</strong></span> <span class='ocrx_word' id='word_1_127' title='bbox 510 1253 655 1286; x_wconf 91' lang='lat' dir='ltr'><strong>suave</strong></span> <span class='ocrx_word' id='word_1_128' title='bbox 691 1239 777 1295; x_wconf 88' lang='lat' dir='ltr'><strong>est,</strong></span> <span class='ocrx_word' id='word_1_129' title='bbox 802 1239 852 1283; x_wconf 90' lang='lat' dir='ltr'><strong>et</strong></span> <span class='ocrx_word' id='word_1_130' title='bbox 876 1252 997 1284; x_wconf 88' lang='lat' dir='ltr'><strong>onus</strong></span> <span class='ocrx_word' id='word_1_131' title='bbox 1029 1252 1193 1284; x_wconf 90' lang='lat' dir='ltr'><strong>meum</strong></span> <span class='ocrx_word' id='word_1_132' title='bbox 1219 1236 1352 1285; x_wconf 90' lang='lat' dir='ltr'><strong>leve.’</strong></span> <span class='ocrx_word' id='word_1_133' title='bbox 1423 1237 1619 1287; x_wconf 83' lang='lat' dir='ltr'><strong>Stemus</strong></span> <span class='ocrx_word' id='word_1_134' title='bbox 1641 1238 1695 1286; x_wconf 90' lang='lat' dir='ltr'><strong>in</strong></span> <span class='ocrx_word' id='word_1_135' title='bbox 1717 1240 1885 1303; x_wconf 85' lang='lat' dir='ltr'><strong>praelio</strong></span> <span class='ocrx_word' id='word_1_136' title='bbox 1908 1240 1961 1288; x_wconf 92' lang='lat' dir='ltr'><strong>in</strong></span> <span class='ocrx_word' id='word_1_137' title='bbox 1985 1241 2064 1290; x_wconf 88' lang='lat' dir='ltr'><strong>die</strong></span> 
     </span>
     <span class='ocr_line' id='line_1_15' title="bbox 315 1318 2065 1387; baseline 0.001 -17"><span class='ocrx_word' id='word_1_138' title='bbox 315 1320 530 1378; x_wconf 88' lang='lat' dir='ltr'><strong>Domini,</strong></span> <span class='ocrx_word' id='word_1_139' title='bbox 557 1318 785 1384; x_wconf 87' lang='lat' dir='ltr'><strong>quoniam</strong></span> <span class='ocrx_word' id='word_1_140' title='bbox 807 1318 909 1367; x_wconf 92' lang='lat' dir='ltr'><strong>dies</strong></span> <span class='ocrx_word' id='word_1_141' title='bbox 943 1318 1180 1382; x_wconf 80' lang='lat' dir='ltr'><strong>angustiae</strong></span> <span class='ocrx_word' id='word_1_142' title='bbox 1217 1324 1266 1367; x_wconf 88' lang='lat' dir='ltr'><strong>et</strong></span> <span class='ocrx_word' id='word_1_143' title='bbox 1297 1319 1624 1369; x_wconf 88' lang='lat' dir='ltr'><strong>tribulationis</strong></span> <span class='ocrx_word' id='word_1_144' title='bbox 1646 1326 1886 1371; x_wconf 89' lang='lat' dir='ltr'><strong>venerunt</strong></span> <span class='ocrx_word' id='word_1_145' title='bbox 1920 1340 2065 1387; x_wconf 91' lang='lat' dir='ltr'><strong>super</strong></span> 
     </span>
     <span class='ocr_line' id='line_1_16' title="bbox 315 1399 2065 1469; baseline 0.001 -16"><span class='ocrx_word' id='word_1_146' title='bbox 315 1421 415 1453; x_wconf 92' lang='lat' dir='ltr'><strong>nos.</strong></span> <span class='ocrx_word' id='word_1_147' title='bbox 487 1402 772 1461; x_wconf 87' lang='lat' dir='ltr'><strong>Moriamur‚</strong></span> <span class='ocrx_word' id='word_1_148' title='bbox 809 1400 852 1450; x_wconf 90' lang='lat' dir='ltr'><strong>si</strong></span> <span class='ocrx_word' id='word_1_149' title='bbox 885 1399 1020 1449; x_wconf 89' lang='lat' dir='ltr'><strong>Deus</strong></span> <span class='ocrx_word' id='word_1_150' title='bbox 1053 1401 1275 1461; x_wconf 86' lang='lat' dir='ltr'><strong>voluerit,</strong></span> <span class='ocrx_word' id='word_1_151' title='bbox 1310 1420 1400 1467; x_wconf 92' lang='lat' dir='ltr'><strong>pro</strong></span> <span class='ocrx_word' id='word_1_152' title='bbox 1435 1404 1614 1453; x_wconf 88' lang='lat' dir='ltr'><strong>sanctis</strong></span> <span class='ocrx_word' id='word_1_153' title='bbox 1649 1404 1835 1468; x_wconf 88' lang='lat' dir='ltr'><strong>legibus</strong></span> <span class='ocrx_word' id='word_1_154' title='bbox 1868 1411 2065 1469; x_wconf 88' lang='lat' dir='ltr'><strong>patrum</strong></span> 
     </span>
     <span class='ocr_line' id='line_1_17' title="bbox 314 1483 2065 1553; baseline 0.002 -18"><span class='ocrx_word' id='word_1_155' title='bbox 314 1491 605 1545; x_wconf 89' lang='lat' dir='ltr'><strong>nostrorum,</strong></span> <span class='ocrx_word' id='word_1_156' title='bbox 642 1489 699 1533; x_wconf 90' lang='lat' dir='ltr'><strong>ut</strong></span> <span class='ocrx_word' id='word_1_157' title='bbox 734 1483 1063 1532; x_wconf 80' lang='lat' dir='ltr'><strong>haereditatem</strong></span> <span class='ocrx_word' id='word_1_158' title='bbox 1098 1501 1207 1532; x_wconf 91' lang='lat' dir='ltr'><strong>cum</strong></span> <span class='ocrx_word' id='word_1_159' title='bbox 1248 1485 1346 1533; x_wconf 88' lang='lat' dir='ltr'><strong>illis</strong></span> <span class='ocrx_word' id='word_1_160' title='bbox 1386 1492 1618 1535; x_wconf 85' lang='lat' dir='ltr'><strong>aeternam</strong></span> <span class='ocrx_word' id='word_1_161' title='bbox 1651 1489 1878 1553; x_wconf 88' lang='lat' dir='ltr'><strong>consequi</strong></span> <span class='ocrx_word' id='word_1_162' title='bbox 1913 1506 2065 1538; x_wconf 90' lang='lat' dir='ltr'><strong>mere-</strong></span> 
     </span>
     <span class='ocr_line' id='line_1_18' title="bbox 315 1566 2066 1635; baseline 0 -16"><span class='ocrx_word' id='word_1_163' title='bbox 315 1586 469 1619; x_wconf 90' lang='lat' dir='ltr'><strong>amur.</strong></span> <span class='ocrx_word' id='word_1_164' title='bbox 529 1568 579 1615; x_wconf 91' lang='lat' dir='ltr'>N</span> <span class='ocrx_word' id='word_1_165' title='bbox 583 1584 647 1615; x_wconf 92' lang='lat' dir='ltr'><strong>on</strong></span> <span class='ocrx_word' id='word_1_166' title='bbox 664 1566 814 1615; x_wconf 88' lang='lat' dir='ltr'><strong>simus</strong></span> <span class='ocrx_word' id='word_1_167' title='bbox 838 1583 977 1615; x_wconf 89' lang='lat' dir='ltr'><strong>canes</strong></span> <span class='ocrx_word' id='word_1_168' title='bbox 1000 1567 1138 1627; x_wconf 89' lang='lat' dir='ltr'><strong>muti,</strong></span> <span class='ocrx_word' id='word_1_169' title='bbox 1158 1584 1257 1616; x_wconf 91' lang='lat' dir='ltr'><strong>non</strong></span> <span class='ocrx_word' id='word_1_170' title='bbox 1280 1568 1429 1618; x_wconf 86' lang='lat' dir='ltr'><strong>simus</strong></span> <span class='ocrx_word' id='word_1_171' title='bbox 1453 1569 1592 1619; x_wconf 88' lang='lat' dir='ltr'><strong>taciti</strong></span> <span class='ocrx_word' id='word_1_172' title='bbox 1610 1571 1949 1635; x_wconf 87' lang='lat' dir='ltr'><strong>speculatores,</strong></span> <span class='ocrx_word' id='word_1_173' title='bbox 1968 1588 2066 1619; x_wconf 94' lang='lat' dir='ltr'><strong>non</strong></span> 
     </span>
     <span class='ocr_line' id='line_1_19' title="bbox 315 1649 2065 1719; baseline 0.001 -17"><span class='ocrx_word' id='word_1_174' title='bbox 315 1654 468 1702; x_wconf 90' lang='lat' dir='ltr'><strong>simus</strong></span> <span class='ocrx_word' id='word_1_175' title='bbox 491 1650 774 1700; x_wconf 86' lang='lat' dir='ltr'><strong>mercenarii</strong></span> <span class='ocrx_word' id='word_1_176' title='bbox 797 1650 971 1714; x_wconf 90' lang='lat' dir='ltr'><strong>lupum</strong></span> <span class='ocrx_word' id='word_1_177' title='bbox 988 1649 1241 1714; x_wconf 84' lang='lat' dir='ltr'><strong>fugientes,</strong></span> <span class='ocrx_word' id='word_1_178' title='bbox 1262 1653 1344 1700; x_wconf 90' lang='lat' dir='ltr'><strong>sed</strong></span> <span class='ocrx_word' id='word_1_179' title='bbox 1367 1657 1583 1716; x_wconf 89' lang='lat' dir='ltr'><strong>pastores</strong></span> <span class='ocrx_word' id='word_1_180' title='bbox 1607 1654 1795 1714; x_wconf 85' lang='lat' dir='ltr'><strong>soliciti,</strong></span> <span class='ocrx_word' id='word_1_181' title='bbox 1811 1654 2065 1719; x_wconf 87' lang='lat' dir='ltr'><strong>vigilantes</strong></span> 
     </span>
     <span class='ocr_line' id='line_1_20' title="bbox 316 1732 2065 1800; baseline -0.001 -15"><span class='ocrx_word' id='word_1_182' title='bbox 316 1752 459 1800; x_wconf 88' lang='lat' dir='ltr'><strong>super</strong></span> <span class='ocrx_word' id='word_1_183' title='bbox 492 1751 689 1799; x_wconf 86' lang='lat' dir='ltr'><strong>gregem</strong></span> <span class='ocrx_word' id='word_1_184' title='bbox 726 1732 924 1790; x_wconf 89' lang='lat' dir='ltr'><strong>Christi,</strong></span> <span class='ocrx_word' id='word_1_185' title='bbox 964 1733 1281 1797; x_wconf 75' lang='lat' dir='ltr'><strong>praedicantes</strong></span> <span class='ocrx_word' id='word_1_186' title='bbox 1315 1736 1489 1798; x_wconf 83' lang='lat' dir='ltr'><strong>majori</strong></span> <span class='ocrx_word' id='word_1_187' title='bbox 1523 1753 1578 1785; x_wconf 86' lang='lat' dir='ltr'><strong>ac</strong></span> <span class='ocrx_word' id='word_1_188' title='bbox 1612 1736 1804 1795; x_wconf 87' lang='lat' dir='ltr'><strong>minori,</strong></span> <span class='ocrx_word' id='word_1_189' title='bbox 1829 1736 1975 1785; x_wconf 92' lang='lat' dir='ltr'><strong>diviti</strong></span> <span class='ocrx_word' id='word_1_190' title='bbox 2009 1752 2065 1784; x_wconf 89' lang='lat' dir='ltr'><strong>ac</strong></span> 
     </span>
     <span class='ocr_line' id='line_1_21' title="bbox 315 1815 2067 1883; baseline 0 -16"><span class='ocrx_word' id='word_1_191' title='bbox 315 1818 518 1883; x_wconf 86' lang='lat' dir='ltr'><strong>pauperi</strong></span> <span class='ocrx_word' id='word_1_192' title='bbox 547 1833 686 1865; x_wconf 92' lang='lat' dir='ltr'><strong>omne</strong></span> <span class='ocrx_word' id='word_1_193' title='bbox 722 1815 979 1865; x_wconf 85' lang='lat' dir='ltr'><strong>consilium</strong></span> <span class='ocrx_word' id='word_1_194' title='bbox 1003 1816 1112 1875; x_wconf 91' lang='lat' dir='ltr'><strong>Dei,</strong></span> <span class='ocrx_word' id='word_1_195' title='bbox 1138 1817 1360 1866; x_wconf 91' lang='lat' dir='ltr'><strong>omnibus</strong></span> <span class='ocrx_word' id='word_1_196' title='bbox 1393 1818 1624 1882; x_wconf 90' lang='lat' dir='ltr'><strong>gradibus</strong></span> <span class='ocrx_word' id='word_1_197' title='bbox 1646 1818 1723 1867; x_wconf 92' lang='lat' dir='ltr'><strong>vel</strong></span> <span class='ocrx_word' id='word_1_198' title='bbox 1748 1819 1988 1880; x_wconf 80' lang='lat' dir='ltr'><strong>aetatibus,</strong></span> <span class='ocrx_word' id='word_1_199' title='bbox 2012 1819 2067 1867; x_wconf 91' lang='lat' dir='ltr'><strong>in</strong></span> 
     </span>
     <span class='ocr_line' id='line_1_22' title="bbox 318 1899 2066 1966; baseline 0.001 -16"><span class='ocrx_word' id='word_1_200' title='bbox 318 1907 554 1966; x_wconf 90' lang='lat' dir='ltr'><strong>quantum</strong></span> <span class='ocrx_word' id='word_1_201' title='bbox 600 1899 736 1948; x_wconf 91' lang='lat' dir='ltr'><strong>Deus</strong></span> <span class='ocrx_word' id='word_1_202' title='bbox 783 1899 1035 1947; x_wconf 87' lang='lat' dir='ltr'><strong>donaverit</strong></span> <span class='ocrx_word' id='word_1_203' title='bbox 1081 1916 1232 1963; x_wconf 89' lang='lat' dir='ltr'><strong>posse,</strong></span> <span class='ocrx_word' id='word_1_204' title='bbox 1276 1903 1288 1926; x_wconf 92' lang='lat'>‘</span> <span class='ocrx_word' id='word_1_205' title='bbox 1308 1903 1579 1964; x_wconf 88' lang='lat' dir='ltr'><strong>opportune</strong></span> <span class='ocrx_word' id='word_1_206' title='bbox 1594 1900 1612 1926; x_wconf 81' lang='lat'>⁵</span> <span class='ocrx_word' id='word_1_207' title='bbox 1655 1901 1963 1963; x_wconf 85' lang='lat' dir='ltr'><strong>importune‚’</strong></span> <span class='ocrx_word' id='word_1_208' title='bbox 2011 1919 2066 1951; x_wconf 88' lang='lat' dir='ltr'><strong>eo</strong></span> 
     </span>
     <span class='ocr_line' id='line_1_23' title="bbox 316 1980 1913 2047; baseline 0.001 -15"><span class='ocrx_word' id='word_1_209' title='bbox 316 1984 474 2043; x_wconf 89' lang='lat' dir='ltr'><strong>modo,</strong></span> <span class='ocrx_word' id='word_1_210' title='bbox 502 1999 598 2046; x_wconf 92' lang='lat' dir='ltr'><strong>quo</strong></span> <span class='ocrx_word' id='word_1_211' title='bbox 622 1986 815 2031; x_wconf 87' lang='lat' dir='ltr'><strong>sanctus</strong></span> <span class='ocrx_word' id='word_1_212' title='bbox 839 1980 1103 2045; x_wconf 81' lang='lat' dir='ltr'><strong>Gregorius</strong></span> <span class='ocrx_word' id='word_1_213' title='bbox 1125 1981 1178 2028; x_wconf 90' lang='lat' dir='ltr'><strong>in</strong></span> <span class='ocrx_word' id='word_1_214' title='bbox 1202 1981 1328 2030; x_wconf 92' lang='lat' dir='ltr'><strong>libro</strong></span> <span class='ocrx_word' id='word_1_215' title='bbox 1353 1982 1590 2032; x_wconf 88' lang='lat' dir='ltr'><strong>Pastorali</strong></span> <span class='ocrx_word' id='word_1_216' title='bbox 1612 1983 1913 2047; x_wconf 89' lang='lat' dir='ltr'><strong>conscripsit.</strong></span> 
     </span>
    </p>

    <p class='ocr_par' dir='ltr' id='par_1_3' title="bbox 316 2054 2070 2792">
     <span class='ocr_line' id='line_1_24' title="bbox 387 2054 2068 2135; baseline 0.001 -20"><span class='ocrx_word' id='word_1_217' title='bbox 387 2070 430 2115; x_wconf 91' lang='lat'><strong>8.</strong></span> <span class='ocrx_word' id='word_1_218' title='bbox 470 2065 715 2114; x_wconf 80' lang='lat' dir='ltr'><strong>Praeterea</strong></span> <span class='ocrx_word' id='word_1_219' title='bbox 750 2081 849 2112; x_wconf 94' lang='lat' dir='ltr'><strong>non</strong></span> <span class='ocrx_word' id='word_1_220' title='bbox 880 2069 1014 2112; x_wconf 90' lang='lat' dir='ltr'><strong>taceo</strong></span> <span class='ocrx_word' id='word_1_221' title='bbox 1050 2064 1276 2113; x_wconf 88' lang='lat' dir='ltr'><strong>charitati</strong></span> <span class='ocrx_word' id='word_1_222' title='bbox 1300 2069 1489 2127; x_wconf 82' lang='lat' dir='ltr'><strong>vestrae,</strong></span> <span class='ocrx_word' id='word_1_223' title='bbox 1515 2066 1628 2129; x_wconf 86' lang='lat' dir='ltr'><strong>quia</strong></span> <span class='ocrx_word' id='word_1_224' title='bbox 1657 2066 1882 2116; x_wconf 88' lang='lat' dir='ltr'><strong>omnibus</strong></span> <span class='ocrx_word' id='word_1_225' title='bbox 1912 2054 2068 2135; x_wconf 25' lang='lat' dir='ltr'><strong>&#39;servis</strong></span> 
     </span>
     <span class='ocr_line' id='line_1_25' title="bbox 318 2147 2068 2218; baseline 0.001 -20"><span class='ocrx_word' id='word_1_226' title='bbox 318 2150 427 2210; x_wconf 88' lang='lat' dir='ltr'><strong>Dei,</strong></span> <span class='ocrx_word' id='word_1_227' title='bbox 453 2149 537 2212; x_wconf 90' lang='lat' dir='ltr'><strong>qui</strong></span> <span class='ocrx_word' id='word_1_228' title='bbox 561 2147 639 2196; x_wconf 86' lang='lat' dir='ltr'><strong>hic</strong></span> <span class='ocrx_word' id='word_1_229' title='bbox 662 2148 742 2195; x_wconf 91' lang='lat' dir='ltr'><strong>vel</strong></span> <span class='ocrx_word' id='word_1_230' title='bbox 762 2148 815 2195; x_wconf 91' lang='lat' dir='ltr'><strong>in</strong></span> <span class='ocrx_word' id='word_1_231' title='bbox 840 2147 1094 2211; x_wconf 88' lang='lat' dir='ltr'><strong>Scriptura</strong></span> <span class='ocrx_word' id='word_1_232' title='bbox 1115 2148 1200 2218; x_wconf 82' lang='lat' dir='ltr'><strong>vel</strong></span> <span class='ocrx_word' id='word_1_233' title='bbox 1218 2148 1270 2196; x_wconf 92' lang='lat' dir='ltr'><strong>in</strong></span> <span class='ocrx_word' id='word_1_234' title='bbox 1300 2148 1474 2197; x_wconf 92' lang='lat' dir='ltr'><strong>timore</strong></span> <span class='ocrx_word' id='word_1_235' title='bbox 1498 2148 1594 2197; x_wconf 91' lang='lat' dir='ltr'><strong>Dei</strong></span> <span class='ocrx_word' id='word_1_236' title='bbox 1616 2148 1943 2213; x_wconf 90' lang='lat' dir='ltr'><strong>probatissimi</strong></span> <span class='ocrx_word' id='word_1_237' title='bbox 1967 2166 2068 2199; x_wconf 86' lang='lat' dir='ltr'><strong>esse</strong></span> 
     </span>
     <span class='ocr_line' id='line_1_26' title="bbox 316 2229 2068 2296; baseline -0.001 -14"><span class='ocrx_word' id='word_1_238' title='bbox 316 2232 560 2291; x_wconf 89' lang='lat' dir='ltr'><strong>videntur,</strong></span> <span class='ocrx_word' id='word_1_239' title='bbox 586 2229 820 2294; x_wconf 89' lang='lat' dir='ltr'><strong>displicet,</strong></span> <span class='ocrx_word' id='word_1_240' title='bbox 848 2230 977 2294; x_wconf 86' lang='lat' dir='ltr'><strong>quod</strong></span> <span class='ocrx_word' id='word_1_241' title='bbox 999 2231 1194 2291; x_wconf 90' lang='lat' dir='ltr'><strong>bonum,</strong></span> <span class='ocrx_word' id='word_1_242' title='bbox 1221 2234 1270 2279; x_wconf 90' lang='lat' dir='ltr'><strong>et</strong></span> <span class='ocrx_word' id='word_1_243' title='bbox 1303 2231 1531 2281; x_wconf 88' lang='lat' dir='ltr'><strong>honestas</strong></span> <span class='ocrx_word' id='word_1_244' title='bbox 1558 2238 1608 2280; x_wconf 91' lang='lat' dir='ltr'><strong>et</strong></span> <span class='ocrx_word' id='word_1_245' title='bbox 1638 2232 1874 2296; x_wconf 84' lang='lat' dir='ltr'><strong>pudicitia</strong></span> <span class='ocrx_word' id='word_1_246' title='bbox 1895 2238 2068 2282; x_wconf 77' lang='lat' dir='ltr'><strong>vestrae</strong></span> 
     </span>
     <span class='ocr_line' id='line_1_27' title="bbox 318 2313 2068 2378; baseline 0 -13"><span class='ocrx_word' id='word_1_247' title='bbox 318 2314 527 2365; x_wconf 88' lang='lat' dir='ltr'><strong>ecclesiae</strong></span> <span class='ocrx_word' id='word_1_248' title='bbox 563 2313 799 2361; x_wconf 90' lang='lat' dir='ltr'><strong>illuditur.</strong></span> <span class='ocrx_word' id='word_1_249' title='bbox 870 2314 942 2362; x_wconf 88' lang='lat' dir='ltr'><strong>Et</strong></span> <span class='ocrx_word' id='word_1_250' title='bbox 982 2313 1181 2378; x_wconf 88' lang='lat' dir='ltr'><strong>aliquod</strong></span> <span class='ocrx_word' id='word_1_251' title='bbox 1214 2314 1539 2363; x_wconf 88' lang='lat' dir='ltr'><strong>levamentum</strong></span> <span class='ocrx_word' id='word_1_252' title='bbox 1573 2315 1894 2378; x_wconf 86' lang='lat' dir='ltr'><strong>turpitudinis</strong></span> <span class='ocrx_word' id='word_1_253' title='bbox 1928 2321 2068 2376; x_wconf 88' lang='lat' dir='ltr'><strong>esset,</strong></span> 
     </span>
     <span class='ocr_line' id='line_1_28' title="bbox 317 2396 2068 2462; baseline -0.001 -14"><span class='ocrx_word' id='word_1_254' title='bbox 317 2399 362 2449; x_wconf 89' lang='lat' dir='ltr'><strong>si</strong></span> <span class='ocrx_word' id='word_1_255' title='bbox 396 2397 673 2462; x_wconf 89' lang='lat' dir='ltr'><strong>prohiberet</strong></span> <span class='ocrx_word' id='word_1_256' title='bbox 708 2396 919 2459; x_wconf 84' lang='lat' dir='ltr'><strong>synodus</strong></span> <span class='ocrx_word' id='word_1_257' title='bbox 954 2401 1003 2444; x_wconf 91' lang='lat' dir='ltr'><strong>et</strong></span> <span class='ocrx_word' id='word_1_258' title='bbox 1037 2396 1279 2461; x_wconf 89' lang='lat' dir='ltr'><strong>principes</strong></span> <span class='ocrx_word' id='word_1_259' title='bbox 1302 2398 1454 2447; x_wconf 88' lang='lat' dir='ltr'><strong>vestri</strong></span> <span class='ocrx_word' id='word_1_260' title='bbox 1487 2397 1776 2446; x_wconf 87' lang='lat' dir='ltr'><strong>mulieribus</strong></span> <span class='ocrx_word' id='word_1_261' title='bbox 1811 2403 1861 2447; x_wconf 90' lang='lat' dir='ltr'><strong>et</strong></span> <span class='ocrx_word' id='word_1_262' title='bbox 1894 2399 2068 2448; x_wconf 90' lang='lat' dir='ltr'><strong>velatis</strong></span> 
     </span>
     <span class='ocr_line' id='line_1_29' title="bbox 318 2478 2069 2544; baseline -0.001 -14"><span class='ocrx_word' id='word_1_263' title='bbox 318 2480 526 2530; x_wconf 87' lang='lat' dir='ltr'><strong>foeminis</strong></span> <span class='ocrx_word' id='word_1_264' title='bbox 549 2478 671 2527; x_wconf 91' lang='lat' dir='ltr'><strong>illud</strong></span> <span class='ocrx_word' id='word_1_265' title='bbox 694 2478 802 2539; x_wconf 88' lang='lat' dir='ltr'><strong>iter,</strong></span> <span class='ocrx_word' id='word_1_266' title='bbox 827 2483 877 2528; x_wconf 92' lang='lat' dir='ltr'><strong>et</strong></span> <span class='ocrx_word' id='word_1_267' title='bbox 899 2478 1231 2543; x_wconf 86' lang='lat' dir='ltr'><strong>frequentiam,</strong></span> <span class='ocrx_word' id='word_1_268' title='bbox 1258 2498 1403 2544; x_wconf 88' lang='lat' dir='ltr'><strong>quam</strong></span> <span class='ocrx_word' id='word_1_269' title='bbox 1435 2480 1497 2530; x_wconf 90' lang='lat' dir='ltr'><strong>ad</strong></span> <span class='ocrx_word' id='word_1_270' title='bbox 1519 2480 1793 2529; x_wconf 85' lang='lat' dir='ltr'><strong>Romanam</strong></span> <span class='ocrx_word' id='word_1_271' title='bbox 1822 2481 2069 2530; x_wconf 86' lang='lat' dir='ltr'><strong>civitatem</strong></span> 
     </span>
     <span class='ocr_line' id='line_1_30' title="bbox 318 2561 2068 2627; baseline -0.001 -15"><span class='ocrx_word' id='word_1_272' title='bbox 318 2561 556 2612; x_wconf 86' lang='lat' dir='ltr'><strong>veniendo</strong></span> <span class='ocrx_word' id='word_1_273' title='bbox 598 2566 647 2609; x_wconf 90' lang='lat' dir='ltr'><strong>et</strong></span> <span class='ocrx_word' id='word_1_274' title='bbox 687 2561 931 2610; x_wconf 87' lang='lat' dir='ltr'><strong>redeundo</strong></span> <span class='ocrx_word' id='word_1_275' title='bbox 970 2562 1170 2623; x_wconf 91' lang='lat' dir='ltr'><strong>faciunt,</strong></span> <span class='ocrx_word' id='word_1_276' title='bbox 1206 2562 1320 2626; x_wconf 90' lang='lat' dir='ltr'><strong>quia</strong></span> <span class='ocrx_word' id='word_1_277' title='bbox 1354 2580 1528 2627; x_wconf 87' lang='lat' dir='ltr'><strong>magna</strong></span> <span class='ocrx_word' id='word_1_278' title='bbox 1569 2580 1630 2611; x_wconf 85' lang='lat' dir='ltr'><strong>ex</strong></span> <span class='ocrx_word' id='word_1_279' title='bbox 1669 2567 1808 2626; x_wconf 87' lang='lat' dir='ltr'><strong>parte</strong></span> <span class='ocrx_word' id='word_1_280' title='bbox 1846 2567 2068 2627; x_wconf 90' lang='lat' dir='ltr'><strong>pereunt,</strong></span> 
     </span>
     <span class='ocr_line' id='line_1_31' title="bbox 319 2643 2069 2708; baseline -0.001 -16"><span class='ocrx_word' id='word_1_281' title='bbox 319 2643 485 2708; x_wconf 90' lang='lat' dir='ltr'><strong>paucis</strong></span> <span class='ocrx_word' id='word_1_282' title='bbox 509 2643 868 2692; x_wconf 88' lang='lat' dir='ltr'><strong>remanentibus</strong></span> <span class='ocrx_word' id='word_1_283' title='bbox 891 2643 1109 2708; x_wconf 88' lang='lat' dir='ltr'><strong>integris.</strong></span> <span class='ocrx_word' id='word_1_284' title='bbox 1181 2644 1435 2708; x_wconf 86' lang='lat' dir='ltr'><strong>Perpaucae</strong></span> <span class='ocrx_word' id='word_1_285' title='bbox 1468 2645 1598 2693; x_wconf 87' lang='lat' dir='ltr'><strong>enim</strong></span> <span class='ocrx_word' id='word_1_286' title='bbox 1627 2651 1744 2693; x_wconf 90' lang='lat' dir='ltr'><strong>sunt</strong></span> <span class='ocrx_word' id='word_1_287' title='bbox 1773 2644 1993 2693; x_wconf 85' lang='lat' dir='ltr'><strong>civitates</strong></span> <span class='ocrx_word' id='word_1_288' title='bbox 2015 2644 2069 2692; x_wconf 92' lang='lat' dir='ltr'><strong>in</strong></span> 
     </span>
     <span class='ocr_line' id='line_1_32' title="bbox 319 2724 2070 2792; baseline -0.001 -16"><span class='ocrx_word' id='word_1_289' title='bbox 319 2724 672 2791; x_wconf 49' lang='lat' dir='ltr'><strong>Longobar‘dia„</strong></span> <span class='ocrx_word' id='word_1_290' title='bbox 707 2726 784 2774; x_wconf 90' lang='lat' dir='ltr'><strong>vel</strong></span> <span class='ocrx_word' id='word_1_291' title='bbox 822 2725 875 2773; x_wconf 92' lang='lat' dir='ltr'><strong>in</strong></span> <span class='ocrx_word' id='word_1_292' title='bbox 920 2726 1138 2787; x_wconf 87' lang='lat' dir='ltr'><strong>Francia,</strong></span> <span class='ocrx_word' id='word_1_293' title='bbox 1175 2730 1263 2775; x_wconf 88' lang='lat' dir='ltr'><strong>aut</strong></span> <span class='ocrx_word' id='word_1_294' title='bbox 1302 2727 1354 2776; x_wconf 91' lang='lat' dir='ltr'><strong>in</strong></span> <span class='ocrx_word' id='word_1_295' title='bbox 1391 2727 1552 2775; x_wconf 82' lang='lat' dir='ltr'><strong>Gallia</strong></span> <span class='ocrx_word' id='word_1_296' title='bbox 1570 2729 1601 2789; x_wconf 80' lang='lat'><strong>⁶,</strong></span> <span class='ocrx_word' id='word_1_297' title='bbox 1637 2727 1689 2775; x_wconf 93' lang='lat' dir='ltr'><strong>in</strong></span> <span class='ocrx_word' id='word_1_298' title='bbox 1730 2745 1827 2792; x_wconf 86' lang='lat' dir='ltr'><strong>qua</strong></span> <span class='ocrx_word' id='word_1_299' title='bbox 1868 2743 1964 2775; x_wconf 91' lang='lat' dir='ltr'><strong>non</strong></span> <span class='ocrx_word' id='word_1_300' title='bbox 2005 2726 2070 2775; x_wconf 88' lang='lat' dir='ltr'><strong>sit</strong></span> 
     </span>
    </p>
   </div>
   <div class='ocr_carea' id='block_1_3' title="bbox 373 2863 2072 3138">
    <p class='ocr_par' dir='ltr' id='par_1_4' title="bbox 373 2863 2072 3138">
     <span class='ocr_line' id='line_1_33' title="bbox 374 2863 2071 2918; baseline 0 -13"><span class='ocrx_word' id='word_1_301' title='bbox 374 2865 390 2889; x_wconf 90' lang='lat'>¹</span> <span class='ocrx_word' id='word_1_302' title='bbox 418 2863 540 2918; x_wconf 73' lang='lat' dir='ltr'><strong>dicit]</strong></span> <span class='ocrx_word' id='word_1_303' title='bbox 571 2865 696 2906; x_wconf 85' lang='lat' dir='ltr'><strong>Prov.</strong></span> <span class='ocrx_word' id='word_1_304' title='bbox 715 2863 774 2904; x_wconf 86' lang='lat' dir='ltr'><strong>iii.</strong></span> <span class='ocrx_word' id='word_1_305' title='bbox 797 2874 834 2914; x_wconf 83' lang='lat'><strong>5.</strong></span> <span class='ocrx_word' id='word_1_306' title='bbox 1220 2865 1389 2905; x_wconf 87' lang='lat' dir='ltr'><strong>habited</strong></span> <span class='ocrx_word' id='word_1_307' title='bbox 1423 2865 1480 2918; x_wconf 88' lang='lat' dir='ltr'><strong>by</strong></span> <span class='ocrx_word' id='word_1_308' title='bbox 1503 2865 1576 2905; x_wconf 89' lang='lat' dir='ltr'><strong>the</strong></span> <span class='ocrx_word' id='word_1_309' title='bbox 1610 2865 1792 2911; x_wconf 73' lang='lat' dir='ltr'><strong>anks3</strong></span> <span class='ocrx_word' id='word_1_310' title='bbox 1829 2865 1968 2905; x_wconf 82' lang='lat' dir='ltr'><strong>Gallia</strong></span> <span class='ocrx_word' id='word_1_311' title='bbox 1998 2865 2071 2905; x_wconf 89' lang='lat' dir='ltr'><strong>the</strong></span> 
     </span>
     <span class='ocr_line' id='line_1_34' title="bbox 374 2919 2072 2973; baseline 0 -13"><span class='ocrx_word' id='word_1_312' title='bbox 374 2920 391 2943; x_wconf 81' lang='lat'><strong>²</strong></span> <span class='ocrx_word' id='word_1_313' title='bbox 418 2920 541 2971; x_wconf 78' lang='lat' dir='ltr'><strong>alibi]</strong></span> <span class='ocrx_word' id='word_1_314' title='bbox 568 2919 677 2959; x_wconf 88' lang='lat' dir='ltr'><strong>Ibid.</strong></span> <span class='ocrx_word' id='word_1_315' title='bbox 696 2919 810 2959; x_wconf 89' lang='lat' dir='ltr'><strong>xviii.</strong></span> <span class='ocrx_word' id='word_1_316' title='bbox 834 2929 896 2959; x_wconf 94' lang='lat'><strong>10.</strong></span> <span class='ocrx_word' id='word_1_317' title='bbox 1221 2921 1291 2960; x_wconf 90' lang='lat' dir='ltr'><strong>old</strong></span> <span class='ocrx_word' id='word_1_318' title='bbox 1311 2921 1474 2959; x_wconf 89' lang='lat' dir='ltr'><strong>Roman</strong></span> <span class='ocrx_word' id='word_1_319' title='bbox 1492 2921 1683 2973; x_wconf 89' lang='lat' dir='ltr'><strong>province</strong></span> <span class='ocrx_word' id='word_1_320' title='bbox 1703 2921 1748 2960; x_wconf 87' lang='lat' dir='ltr'><strong>of</strong></span> <span class='ocrx_word' id='word_1_321' title='bbox 1768 2921 1908 2960; x_wconf 83' lang='lat' dir='ltr'><strong>Gallia</strong></span> <span class='ocrx_word' id='word_1_322' title='bbox 1926 2921 2072 2960; x_wconf 85' lang='lat' dir='ltr'><strong>Trans·</strong></span> 
     </span>
     <span class='ocr_line' id='line_1_35' title="bbox 373 2974 2072 3028; baseline -0.001 -12"><span class='ocrx_word' id='word_1_323' title='bbox 373 2976 389 2999; x_wconf 78' lang='lat'>⁸</span> <span class='ocrx_word' id='word_1_324' title='bbox 415 2976 608 3026; x_wconf 78' lang='lat' dir='ltr'><strong>Domine]</strong></span> <span class='ocrx_word' id='word_1_325' title='bbox 637 2974 778 3014; x_wconf 85' lang='lat' dir='ltr'><strong>Psalm</strong></span> <span class='ocrx_word' id='word_1_326' title='bbox 796 2987 860 3013; x_wconf 87' lang='lat' dir='ltr'><strong>xc.</strong></span> <span class='ocrx_word' id='word_1_327' title='bbox 883 2983 918 3013; x_wconf 86' lang='grc' dir='ltr'><strong>Ι.</strong></span> <span class='ocrx_word' id='word_1_328' title='bbox 1221 2976 1374 3028; x_wconf 79' lang='lat' dir='ltr'><strong>alpina.</strong></span> <span class='ocrx_word' id='word_1_329' title='bbox 1429 2975 1562 3016; x_wconf 90' lang='lat' dir='ltr'><strong>These</strong></span> <span class='ocrx_word' id='word_1_330' title='bbox 1599 2976 1792 3015; x_wconf 87' lang='lat' dir='ltr'><strong>however</strong></span> <span class='ocrx_word' id='word_1_331' title='bbox 1832 2975 1916 3015; x_wconf 85' lang='lat' dir='ltr'><strong>had</strong></span> <span class='ocrx_word' id='word_1_332' title='bbox 1957 2988 2072 3016; x_wconf 87' lang='lat' dir='ltr'><strong>come</strong></span> 
     </span>
     <span class='ocr_line' id='line_1_36' title="bbox 375 3028 2069 3083; baseline -0.001 -13"><span class='ocrx_word' id='word_1_333' title='bbox 375 3030 390 3052; x_wconf 71' lang='lat'><strong>⁴</strong></span> <span class='ocrx_word' id='word_1_334' title='bbox 418 3030 540 3083; x_wconf 73' lang='lat' dir='ltr'><strong>dicit]</strong></span> <span class='ocrx_word' id='word_1_335' title='bbox 573 3030 702 3069; x_wconf 88' lang='lat' dir='ltr'><strong>Matt.</strong></span> <span class='ocrx_word' id='word_1_336' title='bbox 720 3028 778 3070; x_wconf 84' lang='lat' dir='ltr'><strong>xi.</strong></span> <span class='ocrx_word' id='word_1_337' title='bbox 801 3040 864 3079; x_wconf 84' lang='lat'><strong>30.</strong></span> <span class='ocrx_word' id='word_1_338' title='bbox 1221 3030 1280 3083; x_wconf 84' lang='lat' dir='ltr'><strong>by</strong></span> <span class='ocrx_word' id='word_1_339' title='bbox 1297 3031 1382 3070; x_wconf 87' lang='lat' dir='ltr'><strong>this</strong></span> <span class='ocrx_word' id='word_1_340' title='bbox 1398 3030 1500 3070; x_wconf 88' lang='lat' dir='ltr'><strong>time</strong></span> <span class='ocrx_word' id='word_1_341' title='bbox 1517 3035 1562 3070; x_wconf 87' lang='lat' dir='ltr'><strong>to</strong></span> <span class='ocrx_word' id='word_1_342' title='bbox 1580 3031 1632 3070; x_wconf 90' lang='lat' dir='ltr'><strong>be</strong></span> <span class='ocrx_word' id='word_1_343' title='bbox 1654 3031 1799 3083; x_wconf 87' lang='lat' dir='ltr'><strong>nearly</strong></span> <span class='ocrx_word' id='word_1_344' title='bbox 1817 3031 2069 3083; x_wconf 85' lang='lat' dir='ltr'><strong>equivalent.</strong></span> 
     </span>
     <span class='ocr_line' id='line_1_37' title="bbox 376 3084 2070 3138; baseline -0.001 -13"><span class='ocrx_word' id='word_1_345' title='bbox 376 3086 392 3109; x_wconf 88' lang='lat'>⁵</span> <span class='ocrx_word' id='word_1_346' title='bbox 419 3084 659 3137; x_wconf 79' lang='lat' dir='ltr'><strong>opportune]</strong></span> <span class='ocrx_word' id='word_1_347' title='bbox 695 3096 714 3123; x_wconf 90' lang='lat'><strong>2</strong></span> <span class='ocrx_word' id='word_1_348' title='bbox 737 3084 843 3124; x_wconf 81' lang='lat' dir='ltr'><strong>Tim.</strong></span> <span class='ocrx_word' id='word_1_349' title='bbox 865 3084 920 3126; x_wconf 91' lang='lat' dir='ltr'><strong>iv.</strong></span> <span class='ocrx_word' id='word_1_350' title='bbox 945 3096 980 3125; x_wconf 92' lang='lat'><strong>2.</strong></span> <span class='ocrx_word' id='word_1_351' title='bbox 1223 3085 1469 3138; x_wconf 68' lang='lat' dir='ltr'><strong>Burgume,</strong></span> <span class='ocrx_word' id='word_1_352' title='bbox 1493 3086 1527 3125; x_wconf 91' lang='lat' dir='ltr'><strong>it</strong></span> <span class='ocrx_word' id='word_1_353' title='bbox 1559 3086 1594 3125; x_wconf 89' lang='lat' dir='ltr'><strong>is</strong></span> <span class='ocrx_word' id='word_1_354' title='bbox 1627 3091 1733 3132; x_wconf 89' lang='lat' dir='ltr'><strong>true,</strong></span> <span class='ocrx_word' id='word_1_355' title='bbox 1761 3099 1846 3126; x_wconf 84' lang='lat' dir='ltr'><strong>was</strong></span> <span class='ocrx_word' id='word_1_356' title='bbox 1875 3089 1950 3125; x_wconf 89' lang='lat' dir='ltr'><strong>not</strong></span> <span class='ocrx_word' id='word_1_357' title='bbox 1977 3098 2070 3137; x_wconf 90' lang='lat' dir='ltr'><strong>peo-</strong></span> 
     </span>
    </p>
   </div>
   <div class='ocr_carea' id='block_1_4' title="bbox 322 3138 2070 3248">
    <p class='ocr_par' dir='ltr' id='par_1_5' title="bbox 322 3138 2070 3248">
     <span class='ocr_line' id='line_1_38' title="bbox 377 3138 2070 3193; baseline -0.001 -13"><span class='ocrx_word' id='word_1_358' title='bbox 377 3140 393 3163; x_wconf 82' lang='lat'><strong>⁶</strong></span> <span class='ocrx_word' id='word_1_359' title='bbox 419 3140 482 3180; x_wconf 79' lang='lat' dir='ltr'><strong>vel</strong></span> <span class='ocrx_word' id='word_1_360' title='bbox 511 3141 559 3180; x_wconf 77' lang='lat' dir='ltr'><strong>in</strong></span> <span class='ocrx_word' id='word_1_361' title='bbox 590 3140 786 3186; x_wconf 76' lang='lat' dir='ltr'><strong>Francia,</strong></span> <span class='ocrx_word' id='word_1_362' title='bbox 817 3146 890 3180; x_wconf 82' lang='lat' dir='ltr'><strong>aut</strong></span> <span class='ocrx_word' id='word_1_363' title='bbox 923 3139 970 3179; x_wconf 78' lang='lat' dir='ltr'><strong>in</strong></span> <span class='ocrx_word' id='word_1_364' title='bbox 1007 3138 1168 3191; x_wconf 75' lang='lat' dir='ltr'><strong>Gallia]</strong></span> <span class='ocrx_word' id='word_1_365' title='bbox 1222 3141 1319 3192; x_wconf 86' lang='lat' dir='ltr'><strong>pled</strong></span> <span class='ocrx_word' id='word_1_366' title='bbox 1348 3141 1404 3193; x_wconf 89' lang='lat' dir='ltr'><strong>by</strong></span> <span class='ocrx_word' id='word_1_367' title='bbox 1431 3141 1594 3180; x_wconf 84' lang='lat' dir='ltr'><strong>Franks</strong></span> <span class='ocrx_word' id='word_1_368' title='bbox 1607 3156 1618 3191; x_wconf 90' lang='lat'>;</span> <span class='ocrx_word' id='word_1_369' title='bbox 1647 3141 1725 3180; x_wconf 88' lang='lat' dir='ltr'><strong>but</strong></span> <span class='ocrx_word' id='word_1_370' title='bbox 1755 3141 1791 3180; x_wconf 92' lang='lat' dir='ltr'><strong>it</strong></span> <span class='ocrx_word' id='word_1_371' title='bbox 1816 3153 1901 3180; x_wconf 83' lang='lat' dir='ltr'><strong>was</strong></span> <span class='ocrx_word' id='word_1_372' title='bbox 1932 3153 1977 3180; x_wconf 85' lang='lat' dir='ltr'><strong>so</strong></span> <span class='ocrx_word' id='word_1_373' title='bbox 2007 3139 2070 3178; x_wconf 90' lang='lat' dir='ltr'><strong>in-</strong></span> 
     </span>
     <span class='ocr_line' id='line_1_39' title="bbox 322 3194 2070 3248; baseline -0.002 -12"><span class='ocrx_word' id='word_1_374' title='bbox 322 3195 501 3237; x_wconf 78' lang='lat' dir='ltr'><strong>Francia</strong></span> <span class='ocrx_word' id='word_1_375' title='bbox 532 3195 569 3235; x_wconf 85' lang='lat' dir='ltr'><strong>is</strong></span> <span class='ocrx_word' id='word_1_376' title='bbox 600 3195 764 3247; x_wconf 82' lang='lat' dir='ltr'><strong>strictly</strong></span> <span class='ocrx_word' id='word_1_377' title='bbox 792 3194 864 3235; x_wconf 88' lang='lat' dir='ltr'><strong>the</strong></span> <span class='ocrx_word' id='word_1_378' title='bbox 900 3198 1076 3248; x_wconf 87' lang='lat' dir='ltr'><strong>country</strong></span> <span class='ocrx_word' id='word_1_379' title='bbox 1107 3195 1169 3235; x_wconf 88' lang='lat' dir='ltr'><strong>in-</strong></span> <span class='ocrx_word' id='word_1_380' title='bbox 1222 3196 1467 3248; x_wconf 86' lang='lat' dir='ltr'><strong>corporated</strong></span> <span class='ocrx_word' id='word_1_381' title='bbox 1492 3195 1582 3236; x_wconf 89' lang='lat' dir='ltr'><strong>into</strong></span> <span class='ocrx_word' id='word_1_382' title='bbox 1610 3196 1782 3246; x_wconf 80' lang='lat' dir='ltr'><strong>France,</strong></span> <span class='ocrx_word' id='word_1_383' title='bbox 1809 3195 1905 3235; x_wconf 87' lang='lat' dir='ltr'><strong>that</strong></span> <span class='ocrx_word' id='word_1_384' title='bbox 1930 3195 1966 3235; x_wconf 92' lang='lat' dir='ltr'><strong>it</strong></span> <span class='ocrx_word' id='word_1_385' title='bbox 1992 3206 2070 3233; x_wconf 83' lang='lat' dir='ltr'><strong>can</strong></span> 
     </span>
    </p>
   </div>
   <div class='ocr_carea' id='block_1_5' title="bbox 2191 2101 2216 3116">
    <p class='ocr_par' dir='ltr' id='par_1_6' title="bbox 2191 2101 2216 3116">
     <span class='ocr_line' id='line_1_40' title="bbox 2191 2101 2216 3116; baseline 0 0"><span class='ocrx_word' id='word_1_386' title='bbox 2191 2101 2216 3116; x_wconf 95' lang='lat' dir='ltr'><strong> </strong></span> 
     </span>
    </p>
   </div>
  </div>
 </body>
</html>
