2216 3554
311 175 375 220 46
888 172 1116 221 Historia
1151 174 1489 222 Ecclesiastica
1863 173 1995 242 [Lm.
2021 190 2055 223 1.

1017 461 1166 511 CAP.
1217 463 1355 512 XXI.

309 603 362 645 Ut
376 600 671 644 renascentibus
690 599 882 653 virqaltis
901 600 1137 653 Pelaqianoe
1156 600 1278 651 pestis
1296 599 1522 641 Germanus
1541 613 1630 641 cum
1643 600 1788 641 Severo
1799 601 2061 643 Brittaniam

417 684 607 716 reversus,
623 669 742 722 prius
762 670 910 710 claudo
921 670 1066 721 juveni
1076 669 1285 716 incessum,
1300 669 1447 710 deinde
1458 675 1494 709 ct
1503 671 1656 722 populo
1668 670 1760 718 Dei,
1783 671 2061 712 condemnatis

418 742 502 782 sive
520 739 741 780 emendatis
760 739 974 784 haereticis,
991 753 1171 791 yressum
1185 741 1436 791 recuperarit
1447 739 1564 790 fidei.

379 853 519 904 NEC¹
543 852 700 899 multo
728 851 1017 915 interposito
1046 855 1278 915 tempore,
1304 852 1565 900 nunciatur
1593 869 1651 900 ex
1686 853 1853 900 eadem
1889 851 2060 912 insula,

650 934 955 998 Pelagianam
984 935 1350 997 perversitatem
1379 935 1551 983 iterato
1582 935 1748 998 paucis
1780 934 2060 982 auctoribus

365 1004 579 1088 &232st
654 1016 880 1063 dilatari:
932 1033 1195 1079 rursusque
1233 1018 1294 1065 ad
1334 1017 1667 1065 beatissimum
1702 1017 1865 1065 virum
1898 1033 2062 1081 preces

331 1103 439 1138 visits
458 1102 608 1159 Britain
652 1098 954 1146 sacerdotum
1001 1099 1217 1146 omnium
1264 1099 1563 1159 deferuntur,
1607 1104 1666 1147 ut
1712 1118 1904 1148 causam
1953 1100 2063 1159 Dei,

417 1162 541 1195 agam,
652 1198 796 1245 quam
816 1181 952 1244 prius
977 1181 1271 1240 obtinuerat,
1292 1186 1551 1230 tutaretur.
1589 1182 1811 1243 Quorum
1835 1182 2063 1246 petitioni

310 1263 511 1312 festinus
535 1264 848 1328 obtemperat.
910 1264 1136 1328 Namque
1165 1264 1393 1327 adjuncto
1419 1264 1513 1311 sibi
1547 1265 1725 1313 Severo
1749 1266 1905 1313 totius
1930 1282 2062 1313 sanc—

309 1345 468 1394 titatis
506 1346 626 1406 viro,
660 1347 744 1409 qui
781 1352 883 1394 erat
918 1345 1183 1409 discipulus
1224 1346 1492 1394 beatissimi
1534 1346 1689 1409 patris
1727 1347 1858 1411 Lupi
1893 1348 2063 1396 Treca-

310 1444 535 1476 senorum
560 1428 786 1491 episcopi,
811 1434 860 1477 et
889 1433 1007 1476 tunc
1031 1428 1244 1476 Treviris
1278 1429 1528 1476 ordinatus
1558 1429 1806 1493 episcopus
1838 1431 2064 1494 gentibus

309 1511 513 1573 primae2
539 1510 812 1559 Germaniae
836 1512 1037 1559 verbum
1067 1511 1377 1575 praedicabat,
1402 1529 1535 1560 mare
1566 1512 1857 1573 conscendit,
1883 1516 1932 1561 et
1955 1530 2064 1562 con-

310 1593 630 1642 sentientibus
654 1594 906 1643 elementis
930 1595 1195 1658 tranquillo
1221 1595 1416 1658 navigio
1441 1595 1711 1643 Brittanias
1735 1596 1891 1659 petiit.

379 1676 574 1724 Interea
589 1676 776 1724 sinistri
800 1677 999 1741 spiritus
1023 1678 1329 1742 pervolantes
1347 1682 1502 1726 totam
1526 1678 1746 1738 insulam,
1769 1679 2065 1728 Germanum

310 1758 476 1807 venire
499 1758 668 1807 invitis
692 1759 1119 1808 vaticinationibus
1144 1761 1465 1820 nunciabant;
1504 1760 1555 1807 in
1587 1766 1778 1809 tantum
1803 1767 1859 1809 ut
1883 1762 2066 1810 Elafius

312 1841 508 1905 quidam
535 1841 745 1904 regionis
770 1842 901 1890 illius
925 1842 1127 1906 primus,
1152 1847 1209 1890 ut
1232 1842 1285 1890 in
1310 1859 1511 1890 occursu
1537 1847 1812 1891 sanctorum
1836 1844 1941 1892 sine
1966 1844 2066 1892 ulla

311 1924 558 1971 manifesti
607 1925 773 1972 nuncii
816 1925 1046 1973 relatione
1092 1930 1389 1990 properaret,
1426 1925 1656 1973 exhibens
1702 1943 1863 1974 secum
1909 1926 2065 1976 filium

314 2023 458 2070 quem
492 2005 544 2054 in
579 2006 684 2070 ipso
720 2007 835 2054 flore
871 2007 1201 2056 adolescentiae
1237 2007 1462 2056 debilitas
1498 2008 1704 2056 dolenda
1739 2010 2065 2058 damnaverat.

312 2089 434 2137 Erat
469 2089 598 2137 enim
634 2090 960 2138 arescentibus
995 2090 1156 2138 nervis
1192 2094 1436 2139 contracto
1472 2091 1673 2154 poplite,
1699 2091 1776 2139 cui
1812 2109 1900 2155 per
1934 2092 2066 2140 sicci-

313 2176 468 2220 tatem
496 2171 649 2220 cruris
672 2188 789 2220 usus
821 2173 1017 2235 vestigii
1050 2174 1332 2237 negabatur.
1406 2173 1554 2221 Hunc
1579 2173 1788 2222 Elafium
1819 2175 2067 2238 provincia

313 2259 418 2303 tota
442 2254 781 2317 subsequitur:
818 2255 1022 2303 veniunt
1054 2256 1334 2314 sacerdotes,
1361 2257 1573 2304 occurrit
1603 2256 1755 2304 inscia
1787 2257 2064 2317 multitud0‚

315 2338 566 2387 confestim
598 2337 884 2397 benedictio,
915 2342 965 2386 et
1003 2338 1237 2386 sermonis
1277 2338 1432 2386 divini
1474 2338 1698 2386 doctrina
1737 2339 2066 2401 profunditur.

317 2421 690 2484 Recognoscunt
721 2420 954 2483 populum
978 2420 1030 2467 in
1061 2437 1116 2468 ea
1148 2437 1244 2484 qua
1278 2421 1542 2484 reliquerat
1575 2421 1858 2470 credulitate
1890 2422 2067 2471 duran-

316 2510 447 2553 tem:
486 2502 764 2565 intelligunt
811 2502 1004 2565 culpam
1051 2519 1152 2550 esse
1199 2520 1476 2566 paucorum,
1528 2503 1787 2567 inquirunt
1831 2510 2065 2565 auctores,

316 2585 633 2647 inventosque
670 2584 1004 2633 condemnant.
1076 2585 1201 2633 Cum
1241 2585 1400 2634 subito
1432 2585 1614 2634 Elafius
1653 2586 1860 2649 pedibus
1901 2588 2065 2636 advol-

317 2669 450 2716 vitur
468 2667 782 2725 sacerdotum,
803 2667 1005 2714 offerens
1023 2666 1190 2727 filium,
1209 2668 1343 2731 cujus
1367 2668 1701 2717 necessitatem
1720 2670 1826 2732 ipsa
1843 2669 2069 2719 debilitas

318 2751 467 2799 etiam
512 2749 615 2798 sine
650 2748 869 2812 precibus
919 2749 1200 2813 adlegabat:
1256 2749 1314 2798 fit
1350 2751 1616 2798 communis
1651 2752 1869 2801 omnium
1915 2753 2066 2814 dolor,

319 2833 558 2898 praecipue
596 2831 913 2891 sacerdotum,
940 2832 1025 2895 qui
1057 2838 1333 2896 conceptam
1356 2820 1734 2882 misericordiam
1756 2835 1818 2884 ad
1851 2835 2067 2884 divinam

373 2969 389 2994 ¹
410 2970 496 3011 Nec
517 2999 526 3009 .
548 2999 559 3009 .
580 3000 590 3010 .
609 2969 799 3022 tempore]
857 2970 904 3009 If
921 2970 957 3009 it
986 2971 1038 3010 be
1063 2974 1157 3010 true
1222 2970 1288 3010 his
1325 2971 1464 3011 death.
1521 2971 1586 3013 M.
1599 2972 1658 3014 H.
1671 2973 1720 3012 B.
1753 2987 1793 3025 p.
1831 2981 1920 3024 127,
1954 2977 2065 3014 note.

319 3026 414 3066 that
442 3026 516 3065 the
546 3025 725 3065 interval
744 3038 829 3065 was
858 3029 931 3064 not
957 3025 1056 3077 long
1087 3026 1157 3064 be-
1224 3026 1311 3066 But
1340 3040 1404 3066 we
1433 3027 1541 3067 have
1573 3041 1628 3067 no
1650 3028 1760 3067 fixed
1784 3028 1882 3067 date
1907 3028 1970 3067 for
2003 3030 2068 3069 his

320 3085 457 3120 tween
487 3079 740 3121 Germanus’
769 3080 900 3125 visits,
928 3080 964 3119 it
992 3080 1078 3119 will
1105 3081 1157 3119 be
1225 3086 1370 3120 return
1390 3082 1493 3121 from
1515 3082 1580 3122 his
1600 3082 1690 3122 first
1710 3083 1819 3122 visit.
1867 3083 1937 3122 He
1956 3089 2068 3123 went

320 3149 537 3188 necessary
562 3140 605 3175 to
631 3135 830 3187 lengthen
854 3135 926 3174 the
952 3135 1067 3181 first;
1097 3136 1160 3173 for
1224 3135 1268 3174 in
1287 3137 1359 3175 the
1378 3137 1559 3176 interval
1578 3141 1622 3176 to
1646 3151 1714 3176 see
1733 3137 1897 3190 Hilary‚
1917 3138 2067 3191 bishop

321 3190 378 3228 all
397 3204 518 3242 agree
542 3191 636 3230 that
655 3190 738 3230 this
766 3189 916 3229 second
934 3189 1033 3228 visit
1058 3189 1158 3228 took
1225 3190 1271 3230 of
1285 3191 1421 3230 Arles.
1479 3192 1692 3231 Constant.
1713 3193 1740 3231 i.
1765 3203 1828 3241 33.

321 3245 437 3298 place
466 3246 511 3285 in
542 3256 628 3287 ΑΔ).
656 3252 750 3297 447,
782 3245 855 3284 the
887 3257 988 3297 year
1019 3244 1159 3284 before
1279 3243 1295 3266 ²
1306 3245 1475 3300 primae]
1492 3246 1822 3298 i.e.²Superioris.
