2216 3554
232 146 330 192 394
949 142 1179 208 Epistola
1211 143 1280 191 aa

236 288 266 320 a
293 269 510 320 Domino
534 270 728 331 electus,
752 270 806 320 in
829 271 919 321 hoc
952 276 1259 322 consecratus
1290 289 1355 332 es,
1380 277 1439 322 ut
1466 273 1672 322 verbum
1699 273 1997 339 evangelizes

235 353 421 402 virtute
467 369 656 417 magna,
704 355 953 418 praebente
998 354 1093 404 tibi
1139 354 1379 404 auxilium
1418 355 1526 419 ipso
1571 355 1711 421 Rege
1750 356 1999 406 virtutum

236 436 452 484 Domino
486 440 653 486 nostro
686 436 727 486 J
727 453 813 486 esu
844 437 1055 488 Christo.
1126 438 1272 500 Quod
1306 438 1377 487 ita
1411 438 1506 487 rite
1540 438 1760 502 perficies
1795 439 1853 498 si,
1887 439 2000 488 ubi-

239 534 431 583 eunque
464 519 758 590 perveneris,
794 537 910 569 mox
956 521 1168 570 collectis
1211 522 1272 570 ad
1322 527 1373 570 te
1419 521 1635 585 ejusdem
1680 521 1773 571 loci
1810 521 2000 582 incolis,

237 602 442 652 verbum
465 601 565 651 illis
588 603 942 652 exhortationis
959 603 1250 665 exhibueris,
1271 603 1417 653 simul
1436 607 1486 652 et
1508 604 1786 669 exemplum
1803 604 2004 654 vivendi

239 702 339 734 una
384 701 496 734 cum
535 685 761 735 omnibus
798 685 885 750 qui
926 689 1088 735 tecum
1128 686 1353 736 venerint
1391 686 1532 752 quasi
1568 686 1775 737 caelestis
1811 687 2003 737 militiae

242 768 414 818 ductor
447 769 731 819 ostenderis.

312 869 355 915 3.
394 852 464 901 Et
495 851 612 917 quia
642 851 820 900 latiora
851 855 970 900 sunt
1004 851 1162 915 spatia
1192 851 1426 913 locorum,
1449 869 1560 917 quae
1587 853 1650 902 ad
1682 852 2007 918 gubernacula

240 938 341 984 tuae
382 934 599 983 dioecesis
641 934 905 998 pertinent,
942 951 1088 999 quam
1126 938 1186 983 ut
1222 934 1357 984 solus
1394 952 1482 1000 per
1519 936 1682 985 omnia
1722 934 2006 995 discurrere,

241 1023 291 1068 et
314 1017 367 1066 in
391 1017 597 1082 singulis
620 1016 793 1065 viculis
816 1020 964 1082 atque
996 1016 1168 1080 agellis
1189 1017 1395 1068 verbum
1425 1018 1520 1067 Dei
1552 1018 1831 1084 praedicare,
1857 1019 2007 1068 etiam

241 1102 358 1151 anni
397 1101 551 1150 totius
598 1116 790 1149 emenso
831 1099 1090 1160 curriculo,
1132 1100 1353 1161 sufficias,
1396 1101 1720 1151 necessarium
1759 1101 1876 1151 satis
1918 1106 2008 1162 est,

241 1190 299 1234 ut
327 1185 494 1248 plures
516 1183 610 1232 tibi
639 1182 766 1232 sacri
797 1183 959 1248 operis
987 1183 1234 1248 adjutores
1266 1183 1519 1244 adsciscas,
1542 1185 1848 1250 presbyteros
1874 1184 2010 1233 vide·

241 1267 356 1316 licet
406 1267 691 1325 ordinando,
739 1271 887 1332 atque
934 1265 1241 1316 instituendo
1286 1267 1524 1329 doctores,
1572 1267 1658 1333 qui
1702 1268 1756 1317 in
1803 1267 2011 1332 singulis

241 1349 417 1400 viculis
448 1350 760 1415 praedicando
797 1350 892 1399 Dei
923 1349 1088 1411 verbo,
1121 1355 1172 1399 et
1202 1350 1539 1400 consecrandis
1571 1351 1818 1414 mysteriis
1849 1351 2010 1401 caeles-

242 1433 389 1494 tibus,
409 1450 464 1483 ac
488 1433 699 1483 maxime
722 1433 1011 1498 peragendis
1036 1433 1158 1484 sacri
1182 1433 1495 1499 baptismatis
1518 1433 1702 1490 officiis,
1724 1434 1811 1484 ubi
1834 1451 2013 1499 oppor-

244 1517 432 1567 tunitas
486 1516 743 1581 ingruerit,
792 1517 1038 1566 assistant.
1132 1515 1197 1566 In
1249 1533 1347 1582 qua
1393 1516 1620 1567 videlicet
1644 1517 2015 1582 ‘praedicatione

245 1600 440 1666 populis
464 1600 751 1662 exhibenda,
776 1600 869 1649 hoc
892 1618 994 1665 prae
1018 1598 1209 1649 caeteris
1231 1599 1365 1650 omni
1388 1599 1625 1650 instantia
1652 1600 2013 1665 procurandum

245 1684 474 1746 arbitror,
509 1690 567 1734 ut
608 1683 756 1733 fidem
794 1684 1080 1733 catholicam
1118 1700 1226 1748 quae
1269 1683 1600 1748 apostolorum
1641 1683 1861 1747 symbolo
1901 1700 2013 1733 con-

246 1768 450 1829 tinetur,
486 1773 537 1817 et
578 1767 888 1817 Dominicam
931 1767 1200 1816 orationem
1239 1783 1387 1831 quam
1429 1767 1586 1816 sancti
1625 1766 1885 1831 Evangelii
1925 1783 2016 1816 nos

246 1850 501 1915 Scriptura
547 1852 730 1911 edocet,
778 1850 998 1900 omnium
1046 1849 1133 1914 qui
1179 1849 1241 1898 ad
1296 1853 1439 1899 tuum
1487 1848 1705 1913 regimen
1752 1849 2014 1914 pertinent,

247 1933 492 1984 memorioe
550 1934 785 1983 radicitus
839 1932 1040 1998 infigere
1101 1949 1255 1982 cures.
1349 1932 1421 1981 Et
1474 1931 1671 1997 quidem
1718 1949 1884 1982 omnes
1930 1933 2016 1998 qui

248 2017 479 2066 Latinam
520 2017 737 2080 linguam
781 2015 1005 2065 lectionis
1041 2032 1135 2065 usu
1174 2014 1466 2076 didicerunt,
1502 2014 1650 2064 etiam
1689 2014 1793 2064 haec
1833 2015 2018 2081 optime

251 2099 479 2149 didicisse
512 2099 838 2149 certissimum
875 2104 980 2148 est:
1019 2098 1102 2147 sed
1131 2098 1325 2158 idiotae,
1350 2097 1442 2147 hoc
1474 2104 1561 2158 est,
1586 2114 1668 2147 eos
1692 2098 1779 2163 qui
1808 2098 2020 2163 propriae

252 2187 446 2232 tantum
470 2184 650 2249 linguae
682 2183 910 2232 notitiam
933 2182 1128 2244 habent,
1152 2182 1257 2231 haec
1289 2182 1396 2247 ipsa
1427 2197 1514 2231 sua
1546 2181 1717 2246 lingua
1739 2181 1940 2243 discere,
1964 2198 2021 2232 ac

252 2267 419 2318 sedulo
455 2267 713 2316 decantare
747 2266 908 2316 facit0.
980 2266 1126 2328 Quod
1161 2282 1258 2314 non
1294 2265 1450 2314 solum
1481 2264 1542 2314 de
1578 2264 1727 2325 laicis,
1764 2264 1816 2315 id
1847 2271 1936 2323 est,
1968 2265 2020 2314 in

251 2350 476 2415 populari
518 2350 676 2399 adhuc
715 2349 819 2399 vita
862 2348 1156 2408 constitutis,
1193 2365 1364 2397 verum
1405 2348 1555 2398 etiam
1597 2348 1658 2398 de
1694 2348 1881 2399 clericis
1918 2349 2021 2398 sive

253 2433 501 2483 monachis
538 2432 624 2498 qui
659 2433 849 2482 Latinae
886 2439 1001 2482 sunt
1035 2432 1215 2496 linguae
1251 2438 1477 2496 expertes
1516 2430 1626 2481 fieri
1666 2437 1868 2497 oportet.
1941 2431 2022 2481 Sic

254 2516 385 2567 enim
416 2515 486 2577 fit,
512 2521 568 2565 ut
603 2522 755 2565 coetus
787 2516 946 2566 omnis
980 2515 1199 2564 fidelium
1233 2515 1475 2580 quomodo
1510 2514 1668 2564 fidelis
1703 2531 1820 2575 esse,
1843 2531 1942 2581 qua
1972 2531 2022 2564 se

254 2598 493 2649 firmitate
540 2599 770 2648 credendi
812 2605 984 2649 contra
1030 2598 1398 2648 immundorum
1445 2597 1711 2663 spirituum
1758 2598 2024 2647 certamina

254 2683 446 2733 munire
480 2688 625 2747 atque
660 2699 848 2731 armare
884 2682 1071 2741 debeat,
1106 2681 1292 2731 discat:
1330 2681 1412 2741 sic,
1443 2686 1502 2730 ut
1528 2680 1706 2730 chorus
1736 2681 1893 2730 omnis
1916 2681 2023 2731 Deo

255 2765 636 2832 supplicantium
668 2765 788 2830 quid
820 2766 1030 2814 maxime
1054 2782 1085 2814 a
1109 2763 1294 2813 Divina
1321 2763 1580 2814 clementia
1603 2764 1758 2829 quaeri
1786 2768 2025 2829 oporteat,

255 2853 498 2914 agnoscat.
569 2847 780 2912 Propter
797 2849 929 2912 quod
952 2854 1002 2898 et
1026 2849 1131 2913 ipse
1156 2847 1328 2897 multis
1351 2864 1480 2912 saepe
1503 2847 1832 2898 sacerdotibus
1857 2848 2026 2897 idiotis

256 2932 360 2981 haec
384 2938 605 2997 utraque,
630 2935 681 2980 et
704 2931 976 2996 symbolum
1000 2930 1242 2991 videlicet,
1269 2935 1320 2980 et
1342 2929 1654 2980 Dominicam
1678 2931 1948 2980 orationem
1972 2932 2026 2981 in

257 3015 478 3081 linguam
500 3014 779 3081 Anglorum
803 3015 1093 3064 translatam
1117 3014 1277 3064 obtuli
1292 3014 1323 3063 ¹.
1393 3013 1526 3063 Nam
1541 3018 1592 3063 et
1614 3021 1808 3064 sanctus
1824 3015 2027 3065 antistes

313 3132 330 3156 ¹
358 3134 608 3175 translatam
643 3131 793 3184 obtuli]
842 3131 919 3172 See
951 3145 1005 3172 an
1038 3131 1121 3172 Old
1179 3131 1379 3185 [Nicone]
1412 3131 1559 3182 creed,
1586 3132 1632 3172 in
1650 3132 1840 3179 wheloc,
1865 3146 1907 3185 p.
1928 3143 2023 3186 495,

260 3188 438 3242 English
454 3189 633 3228 Version
650 3187 699 3228 of
711 3187 786 3228 the
801 3187 929 3227 Pater
948 3188 1118 3236 Noster,
1175 3188 1260 3228 and
1279 3187 1440 3237 Elstob,
1461 3201 1501 3240 p.
1519 3188 1647 3238 xxxii,
1671 3188 1775 3228 with
1794 3187 1879 3228 this
1902 3187 2026 3227 head·

261 3243 412 3284 Lesser
446 3242 698 3298 [Apostles’]
719 3242 865 3293 Creed,
885 3243 970 3283 and
1002 3243 1120 3283 Mass
1175 3243 1265 3296 ing.
1282 3249 1293 3266 ⁸
1307 3242 1426 3283 Here
1453 3243 1491 3283 is
1519 3242 1592 3283 the
1612 3243 1752 3283 Belief
1766 3242 1852 3284 and
1869 3242 2029 3295 Ptaym·
