2216 3554
180 231 508 303 Off.xxv11.]
805 231 968 282 Gentis
991 230 1278 295 Anqlorum.
1860 235 1924 282 63

185 400 190 415 ,-
246 367 399 419 VIII.
434 361 760 427 Interrogatio
791 360 1074 425 Augustini.
1149 365 1161 387 ‘
1177 361 1230 409 Si
1254 375 1511 425 praegnans
1542 360 1720 408 mulier
1753 362 1926 410 debeat

178 449 417 512 baptizari
432 450 458 496 2.
484 451 569 496 aut
590 450 842 510 postquam
874 443 1110 507 genuerit,
1135 448 1247 507 post
1282 446 1518 506 quantum
1548 446 1739 505 tempus
1772 444 1926 506 possit

179 531 423 589 ecclesiam
445 529 659 577 intrare‘l
696 531 782 576 aut
805 527 952 574 etiam
976 543 1036 574 ne
1055 531 1210 574 morte
1233 529 1596 589 praeoccupetur
1625 526 1753 588 quod
1777 542 1924 589 genu—

180 613 289 673 erit,
330 618 440 676 post
486 616 606 675 quot
652 609 752 657 dies
798 609 890 656 1100
936 608 1080 656 liceat
1122 608 1245 655 sacri
1286 607 1591 670 baptismatis
1630 614 1928 655 sacramenta

179 691 456 758 percipere?
491 698 577 741 aut
611 695 722 755 post
751 694 986 755 quantum
1022 690 1255 753 temporis
1290 689 1404 736 huic
1435 689 1512 736 vir
1548 706 1662 737 suus
1694 690 1846 752 possit
1875 690 1928 736 in

179 778 336 825 carnis
371 775 677 840 copulatione·
707 773 966 842 conjungi?
1003 776 1088 820 aut
1123 772 1163 820 si
1196 775 1446 819 menstrua
1481 772 1828 820 consuetudine
1858 778 1928 820 te-

180 864 335 919 netur,
368 875 430 906 an
465 857 711 906 ecclesiam
751 856 933 904 intrare
981 855 1024 903 ei
1067 855 1221 912 liceat,
1260 859 1345 902 aut
1387 870 1535 902 sacrae
1578 853 1929 902 communionis

179 943 475 989 sacramenta
492 939 770 1002 percipere?
806 942 891 986 aut
909 937 987 986 vir
1010 954 1108 985 suae
1128 937 1320 1000 conjugi
1339 936 1624 1000 permixtus,
1644 936 1930 1000 priusquam

179 1023 370 1071 lavetur
408 1038 547 1084 aqua,
574 1021 617 1069 si
655 1021 911 1069 ecclesiam*
937 1020 1089 1084 possit
1120 1007 1336 1067 intrare‘l
1374 1019 1453 1066 vel
1486 1019 1631 1066 etiam
1664 1020 1725 1066 ad
1754 1026 1931 1081 myste-

178 1105 306 1152 rium
330 1102 678 1152 communionis
703 1119 849 1151 sacrae
874 1103 1129 1151 accedere‘l
1189 1102 1309 1163 Quae
1335 1101 1497 1150 omnia
1521 1102 1633 1149 rudi
1657 1100 1931 1165 Anglorum

178 1187 311 1251 genti
335 1189 525 1250 oportet
545 1186 711 1233 haberi
736 1186 1012 1249 comperta!

247 1270 522 1334 Respondit
555 1270 830 1333 Gregorius.
903 1274 915 1295 ‘
931 1269 1041 1318 Hoc
1065 1287 1162 1317 non
1186 1269 1380 1333 ambigo
1413 1268 1771 1317 fraternitatem
1794 1273 1932 1317 tuam

179 1369 280 1401 esse
321 1353 618 1416 requisitam,
643 1353 723 1401 cui
755 1355 858 1416 jam
897 1358 946 1401 et
982 1368 1265 1416 responsum
1297 1351 1561 1400 reddidisse
1594 1368 1669 1399 me
1702 1351 1931 1400 arbitror.

181 1437 276 1486 Sed
312 1436 402 1484 hoc
439 1435 568 1499 quod
607 1435 713 1499 ipse
751 1435 907 1484 dicere
940 1439 989 1484 et
1026 1436 1204 1484 sentire
1246 1434 1464 1498 potuisti,
1490 1434 1633 1482 credo
1673 1434 1789 1497 quia
1827 1451 1934 1482 mea

181 1518 312 1581 apud
335 1523 384 1566 te
408 1518 619 1566 volueris
656 1518 963 1581 responsione
991 1517 1187 1565 firmari.
1260 1516 1438 1564 Mulier
1470 1516 1650 1564 etenim
1674 1533 1934 1580 praegnans

181 1617 270 1648 cur
310 1616 407 1647 non
444 1600 616 1648 debeat
645 1600 892 1663 baptizari,
919 1617 1037 1648 cum.
1070 1617 1167 1647 non
1210 1599 1276 1647 sit
1314 1603 1426 1646 ante
1467 1599 1814 1662 omnipotentis
1839 1598 1933 1646 Dei

182 1683 344 1731 oculos
368 1682 508 1745 culpa
531 1682 694 1745 aliqua
711 1682 997 1730 foecunditas
1023 1682 1211 1730 03111182
1260 1681 1390 1729 Ν3111
1415 1698 1524 1728 011111
1542 1681 1690 1744 primi
1709 1686 1935 1745 parentes

181 1765 338 1813 nostri
360 1765 411 1811 in
434 1765 658 1827 paradiso
682 1764 1011 1827 deliquissent,
1030 1763 1448 1812 immortalitatem
1475 1781 1618 1827 quam
1634 1771 1933 1828 acceperant,

180 1853 311 1898 recto
335 1847 431 1895 Dei
458 1848 639 1910 judicio
670 1847 999 1911 perdiderunt.
1072 1846 1202 1907 Quia
1240 1847 1405 1909 itaque
1437 1845 1591 1894 isdem
1629 1847 1937 1911 omnipotens

135 1975 139 1978 .
182 1929 314 1977 Deus
338 1930 602 1978 humanum
627 1947 777 1994 genus
800 1948 889 1994 pro
914 1930 1054 1993 culpa
1078 1946 1164 1978 sua
1187 1929 1412 1976 funditus
1432 1929 1738 1992 exstinguere
1762 1930 1935 1989 noluit,

181 2018 231 2061 et
271 2012 687 2061 immortalitatem
727 2013 910 2061 homini
951 2030 1039 2076 pro
1071 2015 1268 2076 peccato
1299 2028 1384 2059 suo
1427 2012 1654 2073 abstulit;
1694 2018 1742 2061 et
1773 2017 1937 2061 tamen

181 2111 270 2158 pro
293 2095 592 2159 benignitate
615 2113 713 2145 81138
742 2095 954 2159 pietatis,
980 2094 1345 2152 foecunditatem
1378 2094 1422 2142 ei
1450 2095 1625 2143 sobolis
1657 2096 1937 2144 reservavit.

183 2177 324 2238 Quod
347 2195 459 2242 ergo
483 2183 672 2227 naturae
703 2179 926 2228 humanae
952 2196 1012 2227 ex
1036 2164 1384 2242 omnipotentis
1411 2177 1504 2225 Dei
1529 2178 1657 2227 dono
1691 2185 1939 2227 servatum

182 2264 269 2319 est,
303 2277 399 2324 qua
438 2262 625 2310 ratione
666 2263 848 2326 poterit
885 2280 914 2310 a
951 2263 1074 2311 sacri
1110 2261 1413 2326 baptismatis
1455 2262 1614 2324 gratia
1649 2262 1939 2325 prohibere?

182 2343 243 2390 In
284 2343 368 2392 illo
406 2345 586 2408 quippe
618 2346 862 2408 mysterio,
898 2345 948 2392 in
987 2362 1084 2409 quo
1117 2344 1272 2393 omnis
1315 2345 1458 2408 culpa
1495 2345 1719 2393 funditus
1759 2344 1939 2393 exstin-

182 2427 363 2490 guitur,
399 2428 538 2476 valde
573 2428 777 2476 stultum
813 2432 900 2486 est,
939 2427 980 2476 si
1016 2429 1196 2476 donum
1233 2427 1405 2491 gratiae
1441 2428 1768 2476 contradicere
1803 2445 1940 2492 posse

183 2510 419 2558 videatur.
490 2511 615 2560 Cum
638 2528 753 2559 vero
778 2509 953 2559 enixa1
979 2512 1131 2559 fuerit
1154 2512 1344 2571 mulier,
1366 2517 1477 2575 post
1502 2516 1624 2574 quot
1647 2511 1750 2559 dies
1770 2511 1941 2558 debeat

184 2594 430 2641 ecclesiam
473 2593 667 2654 intrare,
694 2594 996 2643 Testamenti
1029 2594 1207 2644 vet-eris
1239 2594 1600 2658 praeceptione2
1625 2593 1857 2649 didicisti,
1884 2599 1941 2641 ut

186 2692 273 2738 pro
308 2676 516 2724 masculo
551 2677 722 2725 diebus
756 2677 962 2741 triginta
1008 2678 1183 2736 tribus,
1220 2694 1308 2740 pro
1344 2676 1524 2724 femina
1570 2680 1735 2725 autem
1771 2676 1942 2724 diebus

186 2757 439 2821 sexaginta
462 2774 545 2806 sex
570 2759 744 2808 debeat
768 2760 1026 2808 abstinere.
1099 2759 1243 2820 Quod
1266 2763 1428 2807 tamen
1454 2759 1704 2807 sciendum
1729 2764 1803 2807 est
1828 2759 1943 2822 quia

186 2839 238 2887 in
262 2841 494 2903 mysterio
519 2842 766 2905 accipitur,
837 2843 969 2891 Nam
994 2842 1035 2890 si
1059 2841 1178 2890 hora
1203 2842 1367 2890 eadem
1394 2859 1491 2906 qua
1514 2841 1750 2906 genuerit,
1775 2848 1943 2889 actura

187 2935 304 2975 these
338 2939 432 2975 true
465 2935 582 2975 relies
621 2937 768 2976 should
800 2937 852 2976 be
886 2937 1035 2977 buried
1089 2938 1173 2985 ine,
1194 2942 1287 2978 sent
1316 2942 1360 2978 to
1379 2938 1604 2990 Gregorius
1632 2938 1697 2977 for
1720 2938 1792 2977 the
1821 2937 1942 2976 relies

188 2991 434 3043 separately‚
473 2992 555 3030 and
593 2991 664 3031 the
702 2992 846 3045 people
881 2993 934 3032 be
971 2993 1034 3031 in·
1090 2993 1135 3032 of
1158 2993 1218 3033 St.
1239 2993 1381 3033 Sixtus
1409 2994 1546 3033 which
1576 3006 1683 3033 were
1713 2996 1757 3032 at
1788 2992 1940 3036 Rome;

188 3045 321 3084 duced
357 3050 400 3085 to
447 3046 626 3085 transfer
664 3046 772 3085 their
807 3047 1034 3099 allegiance
1089 3048 1302 3101 evidently
1344 3049 1458 3100 Pope
1504 3049 1680 3100 Xystus,
1722 3046 1942 3085 Latinized

188 3100 294 3139 from
332 3101 405 3139 the
442 3100 544 3140 false
580 3101 699 3141 relics
736 3105 781 3140 to
818 3102 890 3141 the
922 3106 1029 3142 true.
1087 3103 1178 3142 into
1198 3103 1352 3152 Sixtus,
1375 3103 1590 3156 martyred
1611 3113 1697 3141 ΑΛ).
1723 3102 1814 3152 258.

190 3155 327 3194 Smith
373 3169 468 3207 says
514 3156 608 3195 that
645 3156 908 3207 Augustinus
953 3157 1036 3197 had
1145 3157 1159 3181 ¹
1189 3157 1295 3199 Cam
1323 3171 1414 3198 vero
1443 3159 1584 3210 enixa]
1622 3157 1741 3197 Grat.
1773 3168 1869 3207 pars
1903 3155 1939 3194 I.

190 3209 318 3249 found
345 3210 390 3249 in
424 3210 542 3250 Kent
570 3210 642 3250 the
670 3211 789 3250 relies
821 3211 866 3250 of
887 3225 913 3251 a
940 3226 1034 3266 sup-
1091 3212 1185 3253 dist.
1207 3227 1246 3253 v.
1269 3218 1317 3263 ξς
1343 3226 1432 3265 2—4‚
1453 3227 1494 3265 p.
1522 3224 1584 3251 10.

191 3265 317 3316 posed
354 3269 515 3317 martyr
560 3265 711 3304 named
749 3265 914 3313 Sextus,
952 3267 1036 3308 and
1144 3268 1161 3292 ²
1186 3268 1473 3322 praeceptione]
1495 3267 1630 3307 Levit.
1650 3264 1720 3306 xii.
1742 3277 1781 3317 4,
1804 3276 1841 3318 5.

191 3319 393 3372 doubting
424 3319 613 3361 whether
645 3319 746 3375 they
777 3334 880 3362 were
911 3335 1036 3376 genu·
