2216 3554
299 171 396 216 416
468 168 693 231 Epistola
728 167 979 233 Bonffacii
1013 168 1080 216 ad
1116 166 1439 217 Cudbertlzum
1474 167 1912 235 Archiepiscopum.

300 299 549 364 Sapientia
572 298 690 347 dicit
705 298 733 358 ¹,
761 297 1126 363 ‘Arrogantiam
1150 303 1199 348 et
1222 300 1508 364 superbiam,
1535 306 1583 349 et
1607 301 1736 350 viam
1759 319 1974 365 pravam,
2000 306 2049 350 et

298 399 351 430 os
375 381 590 446 bilingue
614 382 858 430 detestor.'

372 460 446 513 10.
483 464 658 512 Fertur
703 481 892 528 quoque
938 465 991 512 in
1038 464 1277 528 parochiis
1318 465 1490 513 vestris
1537 464 1787 513 ebrietatis
1803 467 1820 492 2
1868 465 2048 513 malum

296 546 441 596 nimis
475 546 729 594 adsuetum
764 562 878 605 esse,
903 551 961 593 ut
995 563 1093 594 non
1129 546 1285 595 solum
1321 547 1535 610 episcopi
1571 547 1771 610 quidam
1806 564 1905 594 non
1939 565 2050 611 pro-

296 628 507 688 hibeant,
555 629 640 677 sed
685 629 833 677 etiam
880 628 974 692 ipsi
1020 628 1165 676 nimis
1211 628 1430 680 bibentes
1478 629 1793 689 inebrientur,
1831 635 1880 677 et
1928 630 2050 679 alios

294 711 527 774 porrectis
561 711 748 774 poculis
784 710 1047 774 majoribus
1084 714 1260 774 cogant
1282 716 1338 759 ut
1372 711 1686 771 inebrientur,
1712 712 1840 775 quod
1869 711 2050 776 absque

295 793 441 841 dubio
466 794 597 842 nefas
633 799 704 842 est
729 793 862 841 omni
893 810 1030 841 servo
1055 792 1149 840 Dei
1174 793 1329 840 facere
1352 794 1429 841 vel
1452 794 1620 842 fecisse
1640 811 1649 842 :
1689 795 1821 858 quod
1845 811 2050 843 canones

293 882 489 940 patrum
535 877 725 925 ebrium
773 875 1053 939 episcopum
1099 875 1176 923 vel
1222 876 1560 939 presbyterum
1609 881 1696 925 aut
1737 894 1921 925 cessare
1965 883 2050 928 aut

294 959 558 1022 degradare
587 959 776 1022 jubent,
814 963 862 1006 et
889 958 997 1021 ipsa
1033 957 1226 1005 Veritas
1261 957 1391 1006 dixit
1409 959 1453 1007 ³:
1515 959 1797 1007 ‘Attendite
1839 977 1899 1007 ne
1941 976 2050 1022 gra-

292 1046 469 1090 ventur
493 1042 636 1089 corda
659 1046 820 1089 vestra
855 1039 908 1087 in
943 1040 1140 1104 crapula
1175 1045 1223 1088 et
1259 1040 1519 1090 ebrietate.'
1590 1042 1659 1093 Et
1693 1041 1878 1090 Paulus
1895 1044 1912 1069 ⁴²
1936 1060 2050 1106 apo-

293 1126 471 1173 stolus:
522 1124 716 1171 ‘Nolite
751 1122 983 1172 inebriari
1007 1123 1123 1172 vino
1150 1122 1200 1170 in
1225 1140 1320 1188 quo
1350 1129 1423 1171 est
1455 1123 1679 1172 luxuria.’
1751 1125 1818 1172 Et
1842 1124 2049 1173 Esaias⁵

291 1207 553 1270 propheta:
591 1210 603 1232 ‘
619 1206 712 1255 Vae
737 1204 891 1265 vobiS‚
918 1206 1004 1270 qui
1027 1211 1252 1268 potentes
1276 1205 1392 1253 estis
1417 1206 1478 1253 ad
1502 1206 1767 1255 bibendum
1791 1207 1972 1266 vinum,
2001 1213 2050 1255 et

291 1290 387 1340 viri
411 1290 559 1336 fortes
583 1289 645 1336 ad
669 1288 964 1336 miscendam
989 1288 1273 1336 ebrietatem
1291 1304 1300 1336 :
1318 1289 1330 1307 '
1367 1287 1458 1336 1100
1483 1288 1614 1336 enim
1638 1289 1820 1337 malum
1846 1289 2050 1353 speciale

292 1378 363 1421 est
394 1388 706 1435 paganorum,
733 1374 782 1419 et
806 1374 983 1418 nostrae
1013 1369 1173 1433 gentis
1186 1387 1199 1430 ;
1238 1370 1328 1418 hoc
1352 1387 1440 1419 nec
1464 1371 1654 1429 Franci,
1680 1388 1766 1419 1100
1790 1370 1937 1431 Galli,
1963 1389 2049 1420 nec

290 1453 617 1518 Longobardi,
634 1471 720 1502 nec
743 1452 904 1502 Graeci
927 1453 1124 1501 faciunt.
1197 1453 1266 1501 Et
1291 1453 1380 1503 1100
1405 1453 1556 1502 0001110
1580 1453 1805 1501 similiter
1830 1454 2049 1518 synodali

290 1539 480 1586 decreto
516 1540 566 1585 et
600 1535 866 1584 interdictu
893 1535 1257 1599 Scripturarum
1291 1552 1661 1599 compescamus,
1687 1536 1729 1584 si
1762 1553 2017 1600 possumus
2033 1554 2047 1596 ;

290 1621 364 1669 sin
389 1625 567 1679 autem,
592 1619 804 1667 vitantes
837 1623 885 1666 et
915 1618 1272 1677 interdicentes,
1300 1618 1605 1667 absolvamus
1643 1618 1831 1667 animas
1855 1623 2048 1668 nostras

289 1722 317 1752 a
341 1703 573 1767 sanguine
597 1701 913 1765 perditorum.

362 1803 439 1835 11.
473 1785 550 1832 De
574 1784 789 1833 violenta
821 1799 1013 1848 quoque
1048 1782 1394 1831 monachorum
1430 1782 1662 1831 servitute
1677 1783 1708 1838 ⁶,
1734 1782 1960 1846 operibus
1997 1785 2046 1830 et

288 1867 501 1919 aedificiis
535 1867 792 1930 regalibus,
819 1883 927 1933 quae
962 1865 1014 1912 in
1049 1868 1151 1912 toto
1186 1865 1368 1912 mundo
1405 1864 1793 1913 Christianorum
1828 1882 1924 1912 non
1961 1881 2044 1913 au-

288 1949 422 1997 ditur
444 1949 583 2008 facta,
609 1948 705 1996 nisi
730 1952 923 1996 tantum
946 1947 999 1994 in
1031 1951 1176 2011 gente
1198 1945 1479 2010 Anglorum
1496 1963 1509 2007 ;
1553 1947 1683 2013 quod
1717 1946 2045 1995 sacerdotibus

288 2032 381 2080 Dei
405 2049 503 2079 non
526 2031 782 2081 tacendum
806 2046 894 2078 nec
918 2028 1313 2079 consentiendum
1337 2032 1422 2088 est,
1443 2046 1539 2093 quo
1564 2029 1838 2077 inauditum
1862 2029 2044 2076 malum

287 2120 360 2162 est
395 2113 657 2181 praeteritis
692 2113 895 2162 saeculis.
965 2112 1301 2164 Venerandam
1336 2111 1660 2184 fraternitatis
1689 2118 1865 2160 vestrae
1900 2112 2044 2160 dilec-

285 2196 469 2246 tionem
500 2201 669 2246 contra
703 2195 866 2243 omnia
901 2195 1116 2254 adversa,
1141 2194 1338 2242 illaesam
1363 2211 1453 2258 pro
1478 2194 1615 2243 nobis
1651 2194 2042 2254 intercedentem,

212 2273 217 2277 ⁹
286 2278 458 2327 dextra
482 2278 576 2326 Dei
601 2278 844 2326 custodire
869 2277 1113 2342 dignetur.

340 2403 356 2430 ¹
383 2404 504 2453 dicit]
533 2403 656 2444 Prov.
675 2403 764 2442 viii.
787 2414 849 2454 13.
1191 2402 1278 2441 also
1315 2405 1442 2442 wrote
1478 2405 1523 2441 to
1558 2401 1819 2448 AEthelba1d‚
1857 2402 1961 2454 king
2002 2404 2050 2444 of

340 2459 356 2482 ²
383 2460 608 2510 ebrietatis]
654 2459 743 2497 The
788 2461 907 2509 great
948 2457 1135 2497 national
1191 2457 1364 2506 Mereia‚
1396 2457 1588 2503 Wilkins,
1608 2457 1637 2497 i.
1663 2471 1703 2509 p.
1727 2458 1792 2508 87,
1818 2457 2042 2510 complain-

284 2514 375 2554 vice
406 2514 453 2552 of
479 2514 553 2552 the
583 2513 879 2564 Anglo-Saxon
909 2526 1015 2553 race.
1072 2512 1134 2552 Cf.
1191 2512 1264 2563 ing
1294 2512 1341 2551 of
1365 2511 1450 2551 this
1490 2525 1590 2564 very
1618 2512 1766 2564 thing:
1814 2512 2043 2553 ‘Praeterea

284 2569 468 2614 Tacitus,
502 2569 567 2607 De
601 2568 791 2607 Moribus
823 2567 1137 2613 Germanorum,
1193 2566 1439 2606 nunciatum
1475 2570 1538 2606 est
1582 2567 1712 2616 nobis,
1751 2567 1862 2618 quod
1907 2568 2042 2608 multa

289 2636 353 2670 22,
381 2623 465 2663 and
493 2623 567 2662 the
599 2623 791 2674 frequent
819 2623 1006 2662 mention
1035 2623 1081 2662 of
1102 2622 1138 2661 it
1193 2621 1409 2674 privilegia
1456 2621 1721 2661 ecelesiarum
1758 2626 1800 2661 et
1837 2626 2041 2662 monaste-

285 2679 330 2718 in
366 2678 440 2718 the
487 2691 640 2720 canons
679 2677 727 2716 of
762 2677 981 2726 Councils3
1031 2678 1139 2727 Ecg-
1193 2676 1350 2715 riorum
1380 2676 1582 2728 fregisses,
1601 2681 1643 2716 et
1673 2676 1912 2717 abstulisses
1943 2677 2040 2716 inde

284 2733 444 2773 berht's
475 2732 800 2780 Poenitentialia,
835 2732 891 2772 iv.
924 2743 989 2783 33,
1029 2732 1136 2771 Wil-
1190 2731 1390 2782 quasdam
1426 2731 1672 2772 facultates.’
1741 2732 1792 2770 P.
1830 2732 1907 2783 89:
1957 2731 2040 2771 ‘Et

285 2789 394 2829 kins’
413 2787 611 2832 Conciliat,
631 2787 658 2827 i.
683 2800 722 2838 p.
746 2798 836 2835 220,
859 2787 931 2827 &c.
1189 2799 1354 2838 quoque
1400 2785 1554 2826 dicitur
1602 2785 1713 2839 quod
1757 2786 1940 2839 praefecti
1996 2790 2040 2826 et

340 2845 355 2868 3
385 2841 514 2894 dixit]
543 2842 664 2881 Luke
682 2841 765 2881 xxi.
794 2852 859 2893 34.
1187 2842 1358 2881 comites
1393 2841 1459 2880 tui
1489 2841 1689 2893 majorem
1722 2841 1962 2880 violentiam
1995 2845 2038 2881 et

338 2897 354 2921 ⁴
381 2897 564 2950 Paulus]
595 2896 748 2949 Ephes.
766 2910 807 2936 v.
832 2895 894 2936 18.
1187 2895 1431 2936 servitutem
1450 2897 1662 2936 monachis
1689 2899 1732 2935 et
1756 2895 2038 2935 sacerdotibus

336 2954 357 2983 *⁵
383 2953 551 3005 Esaias]
582 2951 724 2995 Isaiah
742 2965 782 2992 v.
806 2962 869 2991 22.
1186 2951 1382 3002 irrogent,
1399 2963 1525 3002 quam
1541 2950 1679 2991 caeteri
1697 2955 1796 2991 ante
1809 2949 2038 2991 Christiani

338 3008 356 3034 *⁶
382 3008 670 3048 monachorum
697 3006 904 3059 servitute]
935 3005 1133 3045 Boniface
1187 3018 1303 3058 reges
1321 3004 1542 3047 fecissent?
