2216 3554
312 187 408 234 362
886 184 1117 233 Historia
1138 184 1478 235 Ecclesiastica
1851 183 1983 253 [LIB.
2007 200 2057 235 v.

308 317 478 367 Julius
493 316 510 344 ¹
546 315 723 375 Caesar,
757 315 943 380 primus
979 317 1323 378 Romanorum,
1361 315 1629 365 Brittanias
1670 317 1798 366 bello
1832 318 2058 382 pulsavit,

310 404 359 448 et
392 398 512 448 vicit
524 416 538 460 ;
580 415 667 447 nec
701 403 864 447 tamen
899 399 966 447 ibi
1001 417 1207 463 regnum
1241 400 1403 464 potuit
1438 399 1670 449 obtinere.

377 480 524 530 Anno
563 482 623 530 ab
660 480 986 531 incarnatione
1028 483 1228 531 Domini
1271 486 1334 543 46
1373 483 1605 532 Claudius
1620 485 1652 543 2,
1690 483 1925 532 secundus
1965 482 2062 530 Ro-

311 581 566 612 manorum
602 563 868 613 Brittanias
902 565 1085 622 adiens,
1113 564 1375 629 plurimam
1410 565 1581 613 insulae
1616 570 1805 628 partem
1840 565 1894 613 in
1929 563 2062 612 dedi-

310 646 494 695 tionem
540 646 755 710 recepit3
800 652 849 696 et
897 646 1110 696 Orcadas
1157 665 1348 712 quoque
1380 635 1571 697 'insulas
1617 647 1840 696 Romano
1886 645 2064 710 adjecit

310 727 531 792 imperio.

380 809 532 860 Anno
574 810 920 860 incarnationis
961 810 1231 860 Dominicae
1278 815 1369 875 167
1413 813 1650 861 Eleuther
1684 812 1851 860 Romae
1886 810 2065 876 praesul

312 892 481 952 factus,
539 893 816 957 quindecim
876 909 1026 941 annos
1078 894 1323 942 ecclesiam
1380 895 1721 960 gloriosissime
1770 894 1930 943 rexit:
1987 893 2066 941 cui

312 975 500 1024 litteras
528 992 615 1024 rex
650 975 911 1024 Brittaniae
949 975 1126 1024 Lucius
1139 976 1157 1002 ³
1194 977 1406 1038 mittens,
1430 983 1486 1027 ut
1521 977 1827 1027 Christianus
1863 976 2066 1025 efficere-

311 1063 396 1107 tur
419 1058 576 1122 petiit,
602 1064 650 1107 et
673 1058 971 1122 impetravit.

381 1140 526 1189 Anno
551 1141 611 1188 ab
635 1140 967 1189 incarnatione
992 1141 1193 1190 Domini
1222 1145 1315 1204 189
1342 1141 1580 1191 Severus*
1606 1142 1871 1206 imperator
1893 1141 2066 1199 factus,

313 1221 476 1272 decem
513 1229 562 1273 et
598 1228 782 1287 septem
818 1224 957 1272 annis
991 1224 1226 1288 regnavit,
1264 1224 1351 1288 qui
1384 1224 1683 1274 Brittaniam
1717 1225 1843 1274 vallo
1879 1241 1908 1272 a
1942 1223 2067 1271 mari

312 1322 465 1370 usque
500 1307 564 1356 ad
600 1323 731 1355 mare
766 1305 1036 1371 praecinxit.

380 1389 530 1437 Anno
580 1392 673 1452 381
727 1389 974 1438 Maximus
989 1390 1007 1416 ⁵
1052 1389 1104 1438 in
1150 1390 1394 1439 Brittania
1447 1394 1635 1440 creatus
1689 1390 1967 1455 imperator,
2015 1389 2070 1437 in

313 1471 524 1522 Galliam
558 1471 774 1532 transiit,
810 1477 861 1521 et
897 1472 1186 1522 Gratianum
1221 1473 1478 1523 interfecit.

381 1555 529 1604 Anno
565 1572 662 1619 409
699 1556 856 1604 Roma
879 1573 908 1605 a
933 1557 1142 1605 Gothis⁶
1172 1557 1353 1606 fracta:
1394 1574 1455 1607 ex
1482 1574 1582 1623 quo
1609 1562 1830 1622 tempore
1861 1555 2069 1606 Romani

315 1638 366 1686 in
391 1639 639 1687 Brittania
663 1655 864 1702 regnare
888 1643 1150 1689 cessarunt.

381 1720 528 1770 Anno
563 1738 664 1784 430
701 1721 955 1770 Palladius
969 1720 987 1751 ⁷
1028 1722 1090 1771 ad
1132 1722 1324 1772 Scottos
1365 1722 1417 1770 in
1461 1721 1714 1771 Christum
1760 1722 2007 1771 credentes
2041 1739 2070 1771 a

314 1803 574 1854 Caelestino
609 1822 735 1869 papa
768 1805 958 1868 primus
998 1805 1218 1854 mittitur
1253 1805 1518 1869 episcopus.

382 1886 528 1936 Anno
576 1905 674 1951 449
724 1889 1003 1938 Marcianus
1018 1890 1035 1916 ⁸
1077 1907 1186 1938 cum
1226 1888 1570 1937 Valentiniano
1611 1887 1872 1952 imperium
1919 1888 2069 1937 susci-

314 1967 465 2032 piens,
514 1974 698 2034 septem
739 1971 878 2019 annis
919 1970 1107 2020 tenuit:
1156 1987 1365 2034 quorum
1411 1974 1628 2035 tempore
1667 1969 1819 2034 Angli
1857 1986 1886 2017 a
1923 1968 2067 2017 Bret-

315 2052 510 2101 tonibus
545 2053 766 2102 accersiti
802 2053 1097 2102 Brittaniam
1133 2053 1374 2102 adierunt.

385 2133 530 2183 Anno
575 2138 671 2198 538
716 2135 906 2200 eclipsis
944 2136 1058 2184 solis
1104 2136 1234 2185 facta
1273 2139 1346 2186 est
1391 2134 1476 2184 xiv
1511 2134 1744 2183 kalendas
1782 2133 1966 2194 Martii,
2009 2133 2070 2182 ab

316 2216 437 2266 hora
471 2217 630 2280 prima
664 2235 819 2282 usque
853 2218 917 2267 ad
950 2218 1162 2268 tertiam.

383 2298 528 2347 Anno
566 2312 664 2361 540
701 2300 894 2364 eclipsis
925 2301 1040 2349 solis
1073 2301 1200 2349 facta
1235 2304 1309 2349 est
1343 2300 1414 2348 xii
1439 2298 1673 2348 kalendas
1704 2298 1736 2347 J
1740 2298 1877 2358 ulias‚
1902 2301 1953 2347 et
1987 2314 2070 2361 ap-

316 2387 587 2446 paruerunt
611 2383 763 2432 stellae
788 2400 912 2447 pene
935 2383 1055 2432 hora
1079 2383 1282 2431 dimidia
1306 2383 1366 2431 ab
1389 2383 1509 2431 hora
1532 2382 1629 2431 diei
1653 2382 1814 2430 tertia.

389 2465 532 2514 Anno
581 2478 676 2528 547
720 2468 815 2517 Ida
855 2484 1056 2531 regnare
1099 2467 1259 2531 coepit,
1302 2484 1331 2515 a
1373 2484 1468 2534 quo
1507 2466 1683 2530 regalis
1729 2464 2070 2529 Nordanhym-

317 2550 519 2597 brorum
554 2550 777 2614 prosapia
811 2551 1049 2616 originem
1083 2554 1231 2610 tenet,
1270 2556 1320 2600 et
1360 2550 1616 2599 duodecim
1656 2549 1797 2598 annis
1836 2549 1888 2596 in
1921 2565 2071 2612 regno

317 2631 596 2696 permansit.

386 2715 530 2764 Anno
572 2717 669 2777 565
708 2715 942 2765 Columba
955 2714 975 2743 ⁹
1009 2716 1262 2780 presbyter
1293 2716 1352 2765 de
1389 2715 1574 2765 Scottia
1607 2713 1743 2764 venit
1778 2713 2072 2763 Brittaniam

319 2799 381 2849 ad
404 2798 644 2847 docendos
670 2798 843 2858 Pictos,
870 2803 917 2847 et
942 2800 994 2847 in
1017 2800 1174 2848 insula
1197 2798 1291 2848 Hii
1314 2798 1661 2848 monasterium
1685 2797 1814 2847 fecit.

387 2880 533 2930 Anno
571 2884 668 2945 596
707 2881 970 2946 Gregorius
985 2883 1021 2910 ¹⁰
1057 2900 1183 2947 papa
1219 2881 1354 2931 misit
1391 2880 1690 2929 Brittaniam
1731 2878 2071 2943 Augustinum

319 2982 430 3013 cum
455 2964 715 3024 monachis,
735 2964 822 3028 qui
844 2966 1047 3014 verbum
1073 2965 1166 3014 Dei
1190 2965 1326 3030 genti
1348 2962 1626 3028 Anglorum
1650 2962 2054 3028 evangelizarent.

375 3067 389 3091 ¹
416 3067 582 3118 Julius]
613 3077 691 3109 Ro.
713 3078 792 3120 553
820 3082 862 3120 p.
886 3079 948 3108 11.
1275 3069 1292 3093 ⁶
1322 3067 1483 3119 Gothis]
1500 3079 1600 3109 ·A.D.
1621 3080 1703 3120 410
1719 3081 1730 3117 3
1757 3081 1799 3120 p.
1823 3065 1874 3106 26

376 3121 392 3144 ²
421 3122 648 3175 Claudius]
678 3133 766 3164 ΛΔ).
786 3134 864 3174 433
893 3137 933 3175 p.
958 3134 1021 3174 13.
1275 3123 1293 3147 ⁷
1321 3122 1567 3174 Palladius]
1597 3137 1638 3176 p.
1661 3134 1725 3174 32.

376 3178 392 3202 ⁸
419 3177 592 3229 Lucius]
622 3191 663 3230 p.
687 3189 751 3230 14.
1276 3179 1293 3203 ⁸
1321 3179 1586 3231 Marcianus]
1617 3188 1704 3218 As).
1724 3187 1832 3229 4503
1860 3190 1902 3229 p.
1922 3186 1987 3226 34.

377 3232 393 3256 ⁴
419 3232 608 3285 Severus]
639 3243 727 3272 A.D.
753 3244 856 3286 1933
882 3247 923 3285 p.
947 3243 1010 3284 15.
1277 3234 1293 3256 ⁹
1325 3232 1540 3285 Columba]
1571 3243 1657 3274 A.D.
1679 3233 1785 3283 5633
1811 3246 1853 3285 p.
1881 3229 1968 3281 146.

377 3287 393 3311 ⁵
420 3287 650 3341 Maximus]
682 3298 770 3329 ΑΛ).
790 3287 897 3339 378;
924 3301 965 3340 p.
990 3298 1051 3337 23.
1263 3287 1294 3311 ¹⁰
1323 3288 1559 3341 Gregorius]
1590 3301 1630 3339 p.
1650 3287 1718 3339 48.
