<?xml version="1.0" encoding="UTF-8"?>
<!DOCTYPE html PUBLIC "-//W3C//DTD XHTML 1.0 Transitional//EN"
    "http://www.w3.org/TR/xhtml1/DTD/xhtml1-transitional.dtd">
<html xmlns="http://www.w3.org/1999/xhtml" xml:lang="en" lang="en">
 <head>
  <title>
</title>
<meta http-equiv="Content-Type" content="text/html;charset=utf-8" />
  <meta name='ocr-system' content='tesseract 3.04.00' />
  <meta name='ocr-capabilities' content='ocr_page ocr_carea ocr_par ocr_line ocrx_word'/>
</head>
<body>
  <div class='ocr_page' id='page_1' title='image "./historiaecclesia00bedeuoft_0433.png"; bbox 0 0 2216 3554; ppageno 0'>
   <div class='ocr_carea' id='block_1_1' title="bbox 704 189 1893 254">
    <p class='ocr_par' dir='ltr' id='par_1_1' title="bbox 704 189 1893 254">
     <span class='ocr_line' id='line_1_1' title="bbox 704 189 1893 254; baseline 0.005 -17"><span class='ocrx_word' id='word_1_1' title='bbox 704 190 1015 254; x_wconf 72' lang='lat' dir='ltr'>Ecqbesrctum</span> <span class='ocrx_word' id='word_1_2' title='bbox 1050 189 1345 239; x_wconf 60' lang='lat' dir='ltr'>Antistium.</span> <span class='ocrx_word' id='word_1_3' title='bbox 1800 198 1893 243; x_wconf 87' lang='lat'>401</span> 
     </span>
    </p>
   </div>
   <div class='ocr_carea' id='block_1_2' title="bbox 120 309 1897 3202">
    <p class='ocr_par' dir='ltr' id='par_1_2' title="bbox 127 309 1897 2455">
     <span class='ocr_line' id='line_1_2' title="bbox 215 309 1896 389; baseline 0 -15"><span class='ocrx_word' id='word_1_4' title='bbox 215 325 297 374; x_wconf 84' lang='lat' dir='ltr'>Sic</span> <span class='ocrx_word' id='word_1_5' title='bbox 331 342 418 389; x_wconf 89' lang='lat' dir='ltr'>per</span> <span class='ocrx_word' id='word_1_6' title='bbox 453 309 603 372; x_wconf 88' lang='lat' dir='ltr'>annos</span> <span class='ocrx_word' id='word_1_7' title='bbox 639 323 830 373; x_wconf 78' lang='lat' dir='ltr'>circiter</span> <span class='ocrx_word' id='word_1_8' title='bbox 864 322 1084 386; x_wconf 89' lang='lat' dir='ltr'>triginta,</span> <span class='ocrx_word' id='word_1_9' title='bbox 1120 322 1210 371; x_wconf 90' lang='lat' dir='ltr'>hoc</span> <span class='ocrx_word' id='word_1_10' title='bbox 1246 328 1333 381; x_wconf 84' lang='lat' dir='ltr'>est,</span> <span class='ocrx_word' id='word_1_11' title='bbox 1359 340 1419 371; x_wconf 85' lang='lat' dir='ltr'>ex</span> <span class='ocrx_word' id='word_1_12' title='bbox 1456 341 1553 388; x_wconf 87' lang='lat' dir='ltr'>quo</span> <span class='ocrx_word' id='word_1_13' title='bbox 1577 323 1771 373; x_wconf 87' lang='lat' dir='ltr'>Aldfrid</span> <span class='ocrx_word' id='word_1_14' title='bbox 1808 344 1896 375; x_wconf 88' lang='lat' dir='ltr'>rex</span> 
     </span>
     <span class='ocr_line' id='line_1_3' title="bbox 145 395 1896 468; baseline 0.002 -14"><span class='ocrx_word' id='word_1_15' title='bbox 145 406 370 456; x_wconf 89' lang='lat' dir='ltr'>humanis</span> <span class='ocrx_word' id='word_1_16' title='bbox 407 407 551 455; x_wconf 90' lang='lat' dir='ltr'>rebus</span> <span class='ocrx_word' id='word_1_17' title='bbox 586 407 774 455; x_wconf 87' lang='lat' dir='ltr'>ablatus</span> <span class='ocrx_word' id='word_1_18' title='bbox 811 410 897 465; x_wconf 87' lang='lat' dir='ltr'>est,</span> <span class='ocrx_word' id='word_1_19' title='bbox 922 405 1174 468; x_wconf 88' lang='lat' dir='ltr'>provincia</span> <span class='ocrx_word' id='word_1_20' title='bbox 1210 409 1377 453; x_wconf 90' lang='lat' dir='ltr'>nostra</span> <span class='ocrx_word' id='word_1_21' title='bbox 1413 395 1590 459; x_wconf 85' lang='lat' dir='ltr'>vesano</span> <span class='ocrx_word' id='word_1_22' title='bbox 1622 408 1708 456; x_wconf 92' lang='lat' dir='ltr'>illo</span> <span class='ocrx_word' id='word_1_23' title='bbox 1734 426 1896 457; x_wconf 89' lang='lat' dir='ltr'>errore</span> 
     </span>
     <span class='ocr_line' id='line_1_4' title="bbox 145 472 1897 555; baseline 0.002 -19"><span class='ocrx_word' id='word_1_24' title='bbox 145 489 423 539; x_wconf 85' lang='lat' dir='ltr'>dementata</span> <span class='ocrx_word' id='word_1_25' title='bbox 454 497 541 550; x_wconf 90' lang='lat' dir='ltr'>est,</span> <span class='ocrx_word' id='word_1_26' title='bbox 565 496 620 539; x_wconf 92' lang='lat' dir='ltr'>ut</span> <span class='ocrx_word' id='word_1_27' title='bbox 643 490 806 539; x_wconf 91' lang='lat' dir='ltr'>nullus</span> <span class='ocrx_word' id='word_1_28' title='bbox 831 472 952 552; x_wconf 79' lang='lat' dir='ltr'>pene</span> <span class='ocrx_word' id='word_1_29' title='bbox 991 488 1164 535; x_wconf 81' lang='lat' dir='ltr'>exinde</span> <span class='ocrx_word' id='word_1_30' title='bbox 1199 488 1542 551; x_wconf 71' lang='lat' dir='ltr'>praefectorum</span> <span class='ocrx_word' id='word_1_31' title='bbox 1567 490 1785 539; x_wconf 85' lang='lat' dir='ltr'>extiterit</span> <span class='ocrx_word' id='word_1_32' title='bbox 1811 491 1897 555; x_wconf 88' lang='lat' dir='ltr'>qui</span> 
     </span>
     <span class='ocr_line' id='line_1_5' title="bbox 143 563 1897 637; baseline 0.002 -18"><span class='ocrx_word' id='word_1_33' title='bbox 143 589 242 620; x_wconf 92' lang='lat' dir='ltr'>non</span> <span class='ocrx_word' id='word_1_34' title='bbox 264 573 543 637; x_wconf 88' lang='lat' dir='ltr'>hujusmodi</span> <span class='ocrx_word' id='word_1_35' title='bbox 566 564 658 621; x_wconf 82' lang='lat' dir='ltr'>sibi</span> <span class='ocrx_word' id='word_1_36' title='bbox 683 571 1029 620; x_wconf 88' lang='lat' dir='ltr'>monasterium</span> <span class='ocrx_word' id='word_1_37' title='bbox 1053 570 1104 618; x_wconf 90' lang='lat' dir='ltr'>in</span> <span class='ocrx_word' id='word_1_38' title='bbox 1129 569 1298 619; x_wconf 88' lang='lat' dir='ltr'>diebus</span> <span class='ocrx_word' id='word_1_39' title='bbox 1324 587 1421 619; x_wconf 87' lang='lat' dir='ltr'>suae</span> <span class='ocrx_word' id='word_1_40' title='bbox 1445 573 1745 634; x_wconf 89' lang='lat' dir='ltr'>praefecturae</span> <span class='ocrx_word' id='word_1_41' title='bbox 1770 563 1897 622; x_wconf 91' lang='lat' dir='ltr'>com-</span> 
     </span>
     <span class='ocr_line' id='line_1_6' title="bbox 142 651 1897 719; baseline 0.003 -17"><span class='ocrx_word' id='word_1_42' title='bbox 142 656 401 717; x_wconf 85' lang='lat' dir='ltr'>paraverit,</span> <span class='ocrx_word' id='word_1_43' title='bbox 427 672 658 719; x_wconf 87' lang='lat' dir='ltr'>suamque</span> <span class='ocrx_word' id='word_1_44' title='bbox 695 654 838 703; x_wconf 90' lang='lat' dir='ltr'>simul</span> <span class='ocrx_word' id='word_1_45' title='bbox 875 655 1127 717; x_wconf 87' lang='lat' dir='ltr'>conjugem</span> <span class='ocrx_word' id='word_1_46' title='bbox 1156 651 1264 716; x_wconf 90' lang='lat' dir='ltr'>pari</span> <span class='ocrx_word' id='word_1_47' title='bbox 1294 658 1434 701; x_wconf 88' lang='lat' dir='ltr'>reatu</span> <span class='ocrx_word' id='word_1_48' title='bbox 1458 654 1620 702; x_wconf 88' lang='lat' dir='ltr'>nocivi</span> <span class='ocrx_word' id='word_1_49' title='bbox 1656 663 1897 715; x_wconf 80' lang='lat' dir='ltr'>mercatus</span> 
     </span>
     <span class='ocr_line' id='line_1_7' title="bbox 142 735 1896 805; baseline 0.003 -21"><span class='ocrx_word' id='word_1_50' title='bbox 142 738 425 787; x_wconf 80' lang='lat' dir='ltr'>astrinxerit</span> <span class='ocrx_word' id='word_1_51' title='bbox 445 756 455 787; x_wconf 90' lang='lat'><strong>:</strong></span> <span class='ocrx_word' id='word_1_52' title='bbox 492 756 547 787; x_wconf 87' lang='lat' dir='ltr'>ac</span> <span class='ocrx_word' id='word_1_53' title='bbox 570 738 859 802; x_wconf 73' lang='lat' dir='ltr'>praevalente</span> <span class='ocrx_word' id='word_1_54' title='bbox 882 735 1093 800; x_wconf 88' lang='lat' dir='ltr'>pessima</span> <span class='ocrx_word' id='word_1_55' title='bbox 1109 735 1454 783; x_wconf 86' lang='lat' dir='ltr'>consuetudine</span> <span class='ocrx_word' id='word_1_56' title='bbox 1470 736 1682 785; x_wconf 89' lang='lat' dir='ltr'>ministri</span> <span class='ocrx_word' id='word_1_57' title='bbox 1703 756 1896 805; x_wconf 90' lang='lat' dir='ltr'>quoque</span> 
     </span>
     <span class='ocr_line' id='line_1_8' title="bbox 141 817 1897 887; baseline 0.002 -21"><span class='ocrx_word' id='word_1_58' title='bbox 141 819 271 883; x_wconf 87' lang='lat' dir='ltr'>regis</span> <span class='ocrx_word' id='word_1_59' title='bbox 304 838 358 869; x_wconf 92' lang='lat' dir='ltr'>ac</span> <span class='ocrx_word' id='word_1_60' title='bbox 393 821 564 874; x_wconf 87' lang='lat' dir='ltr'>famuli</span> <span class='ocrx_word' id='word_1_61' title='bbox 599 821 727 868; x_wconf 89' lang='lat' dir='ltr'>idem</span> <span class='ocrx_word' id='word_1_62' title='bbox 763 820 921 868; x_wconf 85' lang='lat' dir='ltr'>facere</span> <span class='ocrx_word' id='word_1_63' title='bbox 957 818 1239 883; x_wconf 87' lang='lat' dir='ltr'>sategerint.</span> <span class='ocrx_word' id='word_1_64' title='bbox 1311 817 1474 882; x_wconf 85' lang='lat' dir='ltr'>Atque</span> <span class='ocrx_word' id='word_1_65' title='bbox 1498 818 1569 866; x_wconf 90' lang='lat' dir='ltr'>ita</span> <span class='ocrx_word' id='word_1_66' title='bbox 1594 821 1765 869; x_wconf 91' lang='lat' dir='ltr'>ordine</span> <span class='ocrx_word' id='word_1_67' title='bbox 1788 841 1897 887; x_wconf 86' lang='lat' dir='ltr'>per-</span> 
     </span>
     <span class='ocr_line' id='line_1_9' title="bbox 140 900 1895 967; baseline 0.003 -18"><span class='ocrx_word' id='word_1_68' title='bbox 140 919 278 950; x_wconf 87' lang='lat' dir='ltr'>verso</span> <span class='ocrx_word' id='word_1_69' title='bbox 301 903 546 952; x_wconf 87' lang='lat' dir='ltr'>innumeri</span> <span class='ocrx_word' id='word_1_70' title='bbox 569 904 668 952; x_wconf 86' lang='lat' dir='ltr'>sint</span> <span class='ocrx_word' id='word_1_71' title='bbox 691 903 893 961; x_wconf 88' lang='lat' dir='ltr'>inventi,</span> <span class='ocrx_word' id='word_1_72' title='bbox 920 902 1005 965; x_wconf 90' lang='lat' dir='ltr'>qui</span> <span class='ocrx_word' id='word_1_73' title='bbox 1042 919 1091 950; x_wconf 91' lang='lat' dir='ltr'>se</span> <span class='ocrx_word' id='word_1_74' title='bbox 1127 900 1323 949; x_wconf 76' lang='lat' dir='ltr'>abbates</span> <span class='ocrx_word' id='word_1_75' title='bbox 1360 902 1544 964; x_wconf 88' lang='lat' dir='ltr'>pariter</span> <span class='ocrx_word' id='word_1_76' title='bbox 1569 906 1617 950; x_wconf 92' lang='lat' dir='ltr'>et</span> <span class='ocrx_word' id='word_1_77' title='bbox 1641 905 1895 967; x_wconf 76' lang='lat' dir='ltr'>praefectos</span> 
     </span>
     <span class='ocr_line' id='line_1_10' title="bbox 139 983 1894 1050; baseline 0.004 -18"><span class='ocrx_word' id='word_1_78' title='bbox 139 983 242 1046; x_wconf 63' lang='lat' dir='ltr'>sive</span> <span class='ocrx_word' id='word_1_79' title='bbox 266 985 512 1034; x_wconf 86' lang='lat' dir='ltr'>ministros</span> <span class='ocrx_word' id='word_1_80' title='bbox 537 990 623 1033; x_wconf 90' lang='lat' dir='ltr'>aut</span> <span class='ocrx_word' id='word_1_81' title='bbox 646 986 854 1034; x_wconf 88' lang='lat' dir='ltr'>famulos</span> <span class='ocrx_word' id='word_1_82' title='bbox 878 983 1006 1048; x_wconf 89' lang='lat' dir='ltr'>regis</span> <span class='ocrx_word' id='word_1_83' title='bbox 1032 984 1292 1047; x_wconf 89' lang='lat' dir='ltr'>appellant,</span> <span class='ocrx_word' id='word_1_84' title='bbox 1319 983 1406 1047; x_wconf 87' lang='lat' dir='ltr'>qui</span> <span class='ocrx_word' id='word_1_85' title='bbox 1442 984 1535 1032; x_wconf 88' lang='lat' dir='ltr'>etsi</span> <span class='ocrx_word' id='word_1_86' title='bbox 1570 985 1754 1050; x_wconf 88' lang='lat' dir='ltr'>aliquid</span> <span class='ocrx_word' id='word_1_87' title='bbox 1778 989 1894 1039; x_wconf 89' lang='lat' dir='ltr'>vitae</span> 
     </span>
     <span class='ocr_line' id='line_1_11' title="bbox 140 1066 1894 1132; baseline 0.003 -19"><span class='ocrx_word' id='word_1_88' title='bbox 140 1067 492 1123; x_wconf 85' lang='lat' dir='ltr'>monasterialis</span> <span class='ocrx_word' id='word_1_89' title='bbox 527 1068 735 1116; x_wconf 84' lang='lat' dir='ltr'>ediscere</span> <span class='ocrx_word' id='word_1_90' title='bbox 763 1067 875 1115; x_wconf 91' lang='lat' dir='ltr'>laici</span> <span class='ocrx_word' id='word_1_91' title='bbox 906 1083 1004 1114; x_wconf 93' lang='lat' dir='ltr'>non</span> <span class='ocrx_word' id='word_1_92' title='bbox 1039 1066 1332 1130; x_wconf 83' lang='lat' dir='ltr'>experiendo</span> <span class='ocrx_word' id='word_1_93' title='bbox 1368 1067 1453 1115; x_wconf 86' lang='lat' dir='ltr'>sed</span> <span class='ocrx_word' id='word_1_94' title='bbox 1485 1068 1724 1117; x_wconf 87' lang='lat' dir='ltr'>audiendo</span> <span class='ocrx_word' id='word_1_95' title='bbox 1752 1074 1894 1132; x_wconf 87' lang='lat' dir='ltr'>potu-</span> 
     </span>
     <span class='ocr_line' id='line_1_12' title="bbox 139 1148 1894 1217; baseline 0.003 -21"><span class='ocrx_word' id='word_1_96' title='bbox 139 1148 282 1217; x_wconf 61' lang='lat' dir='ltr'>erintz</span> <span class='ocrx_word' id='word_1_97' title='bbox 318 1168 347 1198; x_wconf 92' lang='lat' dir='ltr'>a</span> <span class='ocrx_word' id='word_1_98' title='bbox 392 1167 596 1214; x_wconf 88' lang='lat' dir='ltr'>persona</span> <span class='ocrx_word' id='word_1_99' title='bbox 642 1155 805 1198; x_wconf 87' lang='lat' dir='ltr'>tamen</span> <span class='ocrx_word' id='word_1_100' title='bbox 852 1150 935 1197; x_wconf 87' lang='lat' dir='ltr'>illa</span> <span class='ocrx_word' id='word_1_101' title='bbox 981 1167 1037 1197; x_wconf 86' lang='lat' dir='ltr'>ac</span> <span class='ocrx_word' id='word_1_102' title='bbox 1077 1149 1372 1212; x_wconf 84' lang='lat' dir='ltr'>professione</span> <span class='ocrx_word' id='word_1_103' title='bbox 1410 1167 1517 1213; x_wconf 85' lang='lat' dir='ltr'>quae</span> <span class='ocrx_word' id='word_1_104' title='bbox 1559 1150 1682 1199; x_wconf 89' lang='lat' dir='ltr'>hanc</span> <span class='ocrx_word' id='word_1_105' title='bbox 1723 1152 1894 1202; x_wconf 88' lang='lat' dir='ltr'>docere</span> 
     </span>
     <span class='ocr_line' id='line_1_13' title="bbox 137 1232 1894 1301; baseline 0.002 -21"><span class='ocrx_word' id='word_1_106' title='bbox 137 1232 323 1291; x_wconf 87' lang='lat' dir='ltr'>debeat,</span> <span class='ocrx_word' id='word_1_107' title='bbox 365 1238 479 1288; x_wconf 90' lang='lat' dir='ltr'>sunt</span> <span class='ocrx_word' id='word_1_108' title='bbox 523 1232 743 1281; x_wconf 89' lang='lat' dir='ltr'>funditus</span> <span class='ocrx_word' id='word_1_109' title='bbox 790 1237 994 1281; x_wconf 87' lang='lat' dir='ltr'>exortes.</span> <span class='ocrx_word' id='word_1_110' title='bbox 1066 1232 1135 1280; x_wconf 91' lang='lat' dir='ltr'>Et</span> <span class='ocrx_word' id='word_1_111' title='bbox 1172 1232 1368 1295; x_wconf 87' lang='lat' dir='ltr'>quidem</span> <span class='ocrx_word' id='word_1_112' title='bbox 1415 1233 1537 1281; x_wconf 88' lang='lat' dir='ltr'>tales</span> <span class='ocrx_word' id='word_1_113' title='bbox 1584 1240 1797 1301; x_wconf 90' lang='lat' dir='ltr'>repente,</span> <span class='ocrx_word' id='word_1_114' title='bbox 1836 1240 1894 1284; x_wconf 90' lang='lat' dir='ltr'>ut</span> 
     </span>
     <span class='ocr_line' id='line_1_14' title="bbox 137 1302 1893 1380; baseline 0.002 -18"><span class='ocrx_word' id='word_1_115' title='bbox 137 1316 280 1375; x_wconf 87' lang='lat' dir='ltr'>nosti,</span> <span class='ocrx_word' id='word_1_116' title='bbox 306 1320 556 1365; x_wconf 83' lang='lat' dir='ltr'>tonsuram</span> <span class='ocrx_word' id='word_1_117' title='bbox 591 1334 679 1380; x_wconf 88' lang='lat' dir='ltr'>pro</span> <span class='ocrx_word' id='word_1_118' title='bbox 711 1333 796 1365; x_wconf 90' lang='lat' dir='ltr'>suo</span> <span class='ocrx_word' id='word_1_119' title='bbox 828 1316 975 1364; x_wconf 88' lang='lat' dir='ltr'>libitu</span> <span class='ocrx_word' id='word_1_120' title='bbox 1003 1314 1264 1379; x_wconf 89' lang='lat' dir='ltr'>accipiunt,</span> <span class='ocrx_word' id='word_1_121' title='bbox 1292 1332 1377 1363; x_wconf 92' lang='lat' dir='ltr'>suo</span> <span class='ocrx_word' id='word_1_122' title='bbox 1415 1302 1645 1364; x_wconf 22' lang='lat' dir='ltr'>examine*</span> <span class='ocrx_word' id='word_1_123' title='bbox 1663 1317 1723 1366; x_wconf 86' lang='lat' dir='ltr'>de</span> <span class='ocrx_word' id='word_1_124' title='bbox 1758 1318 1893 1366; x_wconf 89' lang='lat' dir='ltr'>laicis</span> 
     </span>
     <span class='ocr_line' id='line_1_15' title="bbox 134 1397 1892 1462; baseline 0.002 -18"><span class='ocrx_word' id='word_1_125' title='bbox 134 1415 233 1445; x_wconf 92' lang='lat' dir='ltr'>non</span> <span class='ocrx_word' id='word_1_126' title='bbox 268 1399 504 1458; x_wconf 86' lang='lat' dir='ltr'>monachi,</span> <span class='ocrx_word' id='word_1_127' title='bbox 542 1400 625 1447; x_wconf 90' lang='lat' dir='ltr'>sed</span> <span class='ocrx_word' id='word_1_128' title='bbox 661 1399 858 1447; x_wconf 88' lang='lat' dir='ltr'>abbates</span> <span class='ocrx_word' id='word_1_129' title='bbox 900 1398 1189 1447; x_wconf 87' lang='lat' dir='ltr'>efficiuntur.</span> <span class='ocrx_word' id='word_1_130' title='bbox 1261 1397 1357 1447; x_wconf 80' lang='lat' dir='ltr'>Sed</span> <span class='ocrx_word' id='word_1_131' title='bbox 1392 1398 1506 1462; x_wconf 89' lang='lat' dir='ltr'>quia</span> <span class='ocrx_word' id='word_1_132' title='bbox 1540 1399 1756 1462; x_wconf 87' lang='lat' dir='ltr'>praefatae</span> <span class='ocrx_word' id='word_1_133' title='bbox 1791 1400 1892 1448; x_wconf 86' lang='lat' dir='ltr'>vir-</span> 
     </span>
     <span class='ocr_line' id='line_1_16' title="bbox 134 1479 1891 1546; baseline 0.002 -19"><span class='ocrx_word' id='word_1_134' title='bbox 134 1479 257 1528; x_wconf 90' lang='lat' dir='ltr'>tutis</span> <span class='ocrx_word' id='word_1_135' title='bbox 293 1498 378 1536; x_wconf 90' lang='lat' dir='ltr'>nec</span> <span class='ocrx_word' id='word_1_136' title='bbox 402 1483 628 1530; x_wconf 88' lang='lat' dir='ltr'>notitiam</span> <span class='ocrx_word' id='word_1_137' title='bbox 653 1483 920 1546; x_wconf 86' lang='lat' dir='ltr'>probantur</span> <span class='ocrx_word' id='word_1_138' title='bbox 943 1482 1122 1530; x_wconf 90' lang='lat' dir='ltr'>habere</span> <span class='ocrx_word' id='word_1_139' title='bbox 1145 1498 1233 1533; x_wconf 77' lang='lat' dir='ltr'>nec</span> <span class='ocrx_word' id='word_1_140' title='bbox 1259 1481 1491 1540; x_wconf 86' lang='lat' dir='ltr'>studium,</span> <span class='ocrx_word' id='word_1_141' title='bbox 1517 1482 1635 1544; x_wconf 90' lang='lat' dir='ltr'>quid</span> <span class='ocrx_word' id='word_1_142' title='bbox 1659 1482 1734 1530; x_wconf 89' lang='lat' dir='ltr'>his</span> <span class='ocrx_word' id='word_1_143' title='bbox 1758 1483 1891 1531; x_wconf 87' lang='lat' dir='ltr'>aliud</span> 
     </span>
     <span class='ocr_line' id='line_1_17' title="bbox 134 1563 1892 1628; baseline 0.002 -19"><span class='ocrx_word' id='word_1_144' title='bbox 134 1578 282 1626; x_wconf 89' lang='lat' dir='ltr'>quam</span> <span class='ocrx_word' id='word_1_145' title='bbox 307 1564 581 1628; x_wconf 89' lang='lat' dir='ltr'>evangelica</span> <span class='ocrx_word' id='word_1_146' title='bbox 606 1565 832 1613; x_wconf 87' lang='lat' dir='ltr'>convenit</span> <span class='ocrx_word' id='word_1_147' title='bbox 863 1563 1136 1613; x_wconf 85' lang='lat' dir='ltr'>maledictio</span> <span class='ocrx_word' id='word_1_148' title='bbox 1162 1563 1259 1622; x_wconf 91' lang='lat' dir='ltr'>illa,</span> <span class='ocrx_word' id='word_1_149' title='bbox 1287 1580 1381 1627; x_wconf 90' lang='lat' dir='ltr'>qua</span> <span class='ocrx_word' id='word_1_150' title='bbox 1406 1564 1586 1611; x_wconf 88' lang='lat' dir='ltr'>dicitur</span> <span class='ocrx_word' id='word_1_151' title='bbox 1602 1563 1618 1590; x_wconf 81' lang='lat'>1</span> <span class='ocrx_word' id='word_1_152' title='bbox 1643 1582 1652 1612; x_wconf 90' lang='lat'>:</span> <span class='ocrx_word' id='word_1_153' title='bbox 1694 1569 1706 1590; x_wconf 87' lang='lat'>‘</span> <span class='ocrx_word' id='word_1_154' title='bbox 1724 1565 1892 1613; x_wconf 84' lang='lat' dir='ltr'>Caecus</span> 
     </span>
     <span class='ocr_line' id='line_1_18' title="bbox 132 1644 1891 1711; baseline 0.002 -19"><span class='ocrx_word' id='word_1_155' title='bbox 132 1644 174 1692; x_wconf 91' lang='lat' dir='ltr'>si</span> <span class='ocrx_word' id='word_1_156' title='bbox 222 1663 342 1693; x_wconf 91' lang='lat' dir='ltr'>caeco</span> <span class='ocrx_word' id='word_1_157' title='bbox 389 1647 619 1695; x_wconf 91' lang='lat' dir='ltr'>ducatum</span> <span class='ocrx_word' id='word_1_158' title='bbox 672 1650 888 1711; x_wconf 87' lang='lat' dir='ltr'>praestet,</span> <span class='ocrx_word' id='word_1_159' title='bbox 936 1648 1076 1695; x_wconf 91' lang='lat' dir='ltr'>ambo</span> <span class='ocrx_word' id='word_1_160' title='bbox 1125 1647 1176 1694; x_wconf 91' lang='lat' dir='ltr'>in</span> <span class='ocrx_word' id='word_1_161' title='bbox 1222 1646 1408 1694; x_wconf 85' lang='lat' dir='ltr'>foveam</span> <span class='ocrx_word' id='word_1_162' title='bbox 1458 1647 1634 1706; x_wconf 87' lang='lat' dir='ltr'>cadunt</span> <span class='ocrx_word' id='word_1_163' title='bbox 1654 1647 1702 1694; x_wconf 74' lang='lat' dir='ltr'>‘l&#39;</span> <span class='ocrx_word' id='word_1_164' title='bbox 1769 1648 1891 1709; x_wconf 77' lang='lat' dir='ltr'>Quae</span> 
     </span>
     <span class='ocr_line' id='line_1_19' title="bbox 132 1728 1889 1794; baseline 0.002 -19"><span class='ocrx_word' id='word_1_165' title='bbox 132 1728 365 1776; x_wconf 88' lang='lat' dir='ltr'>nimirum</span> <span class='ocrx_word' id='word_1_166' title='bbox 402 1729 590 1777; x_wconf 88' lang='lat' dir='ltr'>caecitas</span> <span class='ocrx_word' id='word_1_167' title='bbox 626 1735 789 1793; x_wconf 89' lang='lat' dir='ltr'>posset</span> <span class='ocrx_word' id='word_1_168' title='bbox 823 1729 1083 1794; x_wconf 86' lang='lat' dir='ltr'>aliquando</span> <span class='ocrx_word' id='word_1_169' title='bbox 1118 1728 1386 1789; x_wconf 87' lang='lat' dir='ltr'>terminari,</span> <span class='ocrx_word' id='word_1_170' title='bbox 1411 1746 1466 1777; x_wconf 90' lang='lat' dir='ltr'>ac</span> <span class='ocrx_word' id='word_1_171' title='bbox 1502 1729 1713 1793; x_wconf 89' lang='lat' dir='ltr'>regulari</span> <span class='ocrx_word' id='word_1_172' title='bbox 1748 1730 1889 1778; x_wconf 92' lang='lat' dir='ltr'>disci-</span> 
     </span>
     <span class='ocr_line' id='line_1_20' title="bbox 130 1811 1889 1876; baseline 0.001 -18"><span class='ocrx_word' id='word_1_173' title='bbox 130 1811 266 1875; x_wconf 88' lang='lat' dir='ltr'>plina</span> <span class='ocrx_word' id='word_1_174' title='bbox 301 1811 526 1871; x_wconf 85' lang='lat' dir='ltr'>cohiberi,</span> <span class='ocrx_word' id='word_1_175' title='bbox 552 1817 601 1860; x_wconf 89' lang='lat' dir='ltr'>et</span> <span class='ocrx_word' id='word_1_176' title='bbox 636 1813 694 1860; x_wconf 87' lang='lat' dir='ltr'>de</span> <span class='ocrx_word' id='word_1_177' title='bbox 720 1812 897 1861; x_wconf 90' lang='lat' dir='ltr'>finibus</span> <span class='ocrx_word' id='word_1_178' title='bbox 934 1816 1113 1860; x_wconf 87' lang='lat' dir='ltr'>sanctae</span> <span class='ocrx_word' id='word_1_179' title='bbox 1151 1811 1361 1861; x_wconf 87' lang='lat' dir='ltr'>ecclesiae</span> <span class='ocrx_word' id='word_1_180' title='bbox 1399 1812 1587 1860; x_wconf 91' lang='lat' dir='ltr'>cunctis</span> <span class='ocrx_word' id='word_1_181' title='bbox 1621 1813 1889 1876; x_wconf 89' lang='lat' dir='ltr'>pontificali</span> 
     </span>
     <span class='ocr_line' id='line_1_21' title="bbox 131 1894 1889 1959; baseline 0.001 -18"><span class='ocrx_word' id='word_1_182' title='bbox 131 1910 185 1942; x_wconf 87' lang='lat' dir='ltr'>ac</span> <span class='ocrx_word' id='word_1_183' title='bbox 231 1894 459 1957; x_wconf 82' lang='lat' dir='ltr'>synodica</span> <span class='ocrx_word' id='word_1_184' title='bbox 506 1895 794 1943; x_wconf 85' lang='lat' dir='ltr'>auctoritate</span> <span class='ocrx_word' id='word_1_185' title='bbox 832 1895 1002 1957; x_wconf 89' lang='lat' dir='ltr'>procul</span> <span class='ocrx_word' id='word_1_186' title='bbox 1043 1895 1234 1958; x_wconf 84' lang='lat' dir='ltr'>expelli,</span> <span class='ocrx_word' id='word_1_187' title='bbox 1275 1895 1317 1942; x_wconf 92' lang='lat' dir='ltr'>si</span> <span class='ocrx_word' id='word_1_188' title='bbox 1359 1912 1455 1943; x_wconf 92' lang='lat' dir='ltr'>non</span> <span class='ocrx_word' id='word_1_189' title='bbox 1500 1894 1596 1959; x_wconf 89' lang='lat' dir='ltr'>ipsi</span> <span class='ocrx_word' id='word_1_190' title='bbox 1636 1895 1889 1959; x_wconf 89' lang='lat' dir='ltr'>pontifices</span> 
     </span>
     <span class='ocr_line' id='line_1_22' title="bbox 129 1976 1888 2049; baseline 0.003 -26"><span class='ocrx_word' id='word_1_191' title='bbox 129 1976 284 2040; x_wconf 87' lang='lat' dir='ltr'>magis</span> <span class='ocrx_word' id='word_1_192' title='bbox 319 1976 596 2040; x_wconf 88' lang='lat' dir='ltr'>hujusmodi</span> <span class='ocrx_word' id='word_1_193' title='bbox 621 1977 878 2026; x_wconf 90' lang='lat' dir='ltr'>sceleribus</span> <span class='ocrx_word' id='word_1_194' title='bbox 915 1995 1056 2041; x_wconf 87' lang='lat' dir='ltr'>opem</span> <span class='ocrx_word' id='word_1_195' title='bbox 1085 1979 1211 2026; x_wconf 86' lang='lat' dir='ltr'>ferre</span> <span class='ocrx_word' id='word_1_196' title='bbox 1246 1983 1392 2042; x_wconf 86' lang='lat' dir='ltr'>atque</span> <span class='ocrx_word' id='word_1_197' title='bbox 1428 1978 1682 2049; x_wconf 82' lang='lat' dir='ltr'>astipulari</span> <span class='ocrx_word' id='word_1_198' title='bbox 1717 1979 1888 2042; x_wconf 85' lang='lat' dir='ltr'>proba-</span> 
     </span>
     <span class='ocr_line' id='line_1_23' title="bbox 130 2060 1886 2127; baseline 0.001 -21"><span class='ocrx_word' id='word_1_199' title='bbox 130 2065 333 2108; x_wconf 89' lang='lat' dir='ltr'>rentur:</span> <span class='ocrx_word' id='word_1_200' title='bbox 383 2060 469 2123; x_wconf 88' lang='lat' dir='ltr'>qui</span> <span class='ocrx_word' id='word_1_201' title='bbox 502 2076 600 2107; x_wconf 91' lang='lat' dir='ltr'>non</span> <span class='ocrx_word' id='word_1_202' title='bbox 635 2060 937 2109; x_wconf 89' lang='lat' dir='ltr'>solummodo</span> <span class='ocrx_word' id='word_1_203' title='bbox 972 2061 1251 2123; x_wconf 86' lang='lat' dir='ltr'>hujusmodi</span> <span class='ocrx_word' id='word_1_204' title='bbox 1287 2062 1479 2109; x_wconf 87' lang='lat' dir='ltr'>decreta</span> <span class='ocrx_word' id='word_1_205' title='bbox 1520 2062 1705 2124; x_wconf 87' lang='lat' dir='ltr'>injusta</span> <span class='ocrx_word' id='word_1_206' title='bbox 1741 2060 1886 2127; x_wconf 85' lang='lat' dir='ltr'>justis</span> 
     </span>
     <span class='ocr_line' id='line_1_24' title="bbox 129 2141 1885 2214; baseline 0.002 -25"><span class='ocrx_word' id='word_1_207' title='bbox 129 2141 393 2204; x_wconf 88' lang='lat' dir='ltr'>infringere</span> <span class='ocrx_word' id='word_1_208' title='bbox 428 2142 632 2190; x_wconf 87' lang='lat' dir='ltr'>decretis</span> <span class='ocrx_word' id='word_1_209' title='bbox 672 2160 770 2197; x_wconf 91' lang='lat' dir='ltr'>non</span> <span class='ocrx_word' id='word_1_210' title='bbox 809 2149 994 2203; x_wconf 90' lang='lat' dir='ltr'>curant,</span> <span class='ocrx_word' id='word_1_211' title='bbox 1028 2161 1199 2193; x_wconf 89' lang='lat' dir='ltr'>verum</span> <span class='ocrx_word' id='word_1_212' title='bbox 1235 2145 1335 2198; x_wconf 86' lang='lat' dir='ltr'>suis</span> <span class='ocrx_word' id='word_1_213' title='bbox 1375 2143 1538 2214; x_wconf 87' lang='lat' dir='ltr'>potius</span> <span class='ocrx_word' id='word_1_214' title='bbox 1574 2143 1885 2208; x_wconf 53' lang='lat' dir='ltr'>subscripti&amp;</span> 
     </span>
     <span class='ocr_line' id='line_1_25' title="bbox 129 2219 1886 2291; baseline 0.002 -19"><span class='ocrx_word' id='word_1_215' title='bbox 129 2225 289 2284; x_wconf 85' lang='lat' dir='ltr'>nibus,</span> <span class='ocrx_word' id='word_1_216' title='bbox 331 2228 388 2272; x_wconf 89' lang='lat' dir='ltr'>ut</span> <span class='ocrx_word' id='word_1_217' title='bbox 428 2226 622 2289; x_wconf 88' lang='lat' dir='ltr'>praefati</span> <span class='ocrx_word' id='word_1_218' title='bbox 669 2243 848 2286; x_wconf 88' lang='lat' dir='ltr'>sumus,</span> <span class='ocrx_word' id='word_1_219' title='bbox 894 2227 1177 2276; x_wconf 88' lang='lat' dir='ltr'>confirmare</span> <span class='ocrx_word' id='word_1_220' title='bbox 1224 2233 1485 2291; x_wconf 87' lang='lat' dir='ltr'>satagunt:</span> <span class='ocrx_word' id='word_1_221' title='bbox 1543 2219 1721 2276; x_wconf 72' lang='lat' dir='ltr'>&#39;eadem</span> <span class='ocrx_word' id='word_1_222' title='bbox 1767 2226 1886 2290; x_wconf 89' lang='lat' dir='ltr'>ipsis</span> 
     </span>
     <span class='ocr_line' id='line_1_26' title="bbox 127 2307 1884 2374; baseline 0.002 -20"><span class='ocrx_word' id='word_1_223' title='bbox 127 2307 426 2371; x_wconf 83' lang='lat' dir='ltr'>philargyria</span> <span class='ocrx_word' id='word_1_224' title='bbox 484 2308 712 2367; x_wconf 88' lang='lat' dir='ltr'>dictante,</span> <span class='ocrx_word' id='word_1_225' title='bbox 771 2310 833 2357; x_wconf 90' lang='lat' dir='ltr'>ad</span> <span class='ocrx_word' id='word_1_226' title='bbox 892 2309 1275 2366; x_wconf 85' lang='lat' dir='ltr'>confirmandum</span> <span class='ocrx_word' id='word_1_227' title='bbox 1339 2310 1464 2359; x_wconf 90' lang='lat' dir='ltr'>male</span> <span class='ocrx_word' id='word_1_228' title='bbox 1534 2310 1726 2374; x_wconf 87' lang='lat' dir='ltr'>scripta,</span> <span class='ocrx_word' id='word_1_229' title='bbox 1788 2326 1884 2374; x_wconf 88' lang='lat' dir='ltr'>qua</span> 
     </span>
     <span class='ocr_line' id='line_1_27' title="bbox 128 2391 1660 2455; baseline 0.001 -17"><span class='ocrx_word' id='word_1_230' title='bbox 128 2396 370 2454; x_wconf 88' lang='lat' dir='ltr'>emptores</span> <span class='ocrx_word' id='word_1_231' title='bbox 394 2391 455 2438; x_wconf 87' lang='lat' dir='ltr'>ad</span> <span class='ocrx_word' id='word_1_232' title='bbox 480 2391 856 2454; x_wconf 87' lang='lat' dir='ltr'>comparandum</span> <span class='ocrx_word' id='word_1_233' title='bbox 879 2391 1155 2455; x_wconf 90' lang='lat' dir='ltr'>hujusmodi</span> <span class='ocrx_word' id='word_1_234' title='bbox 1180 2392 1470 2445; x_wconf 87' lang='lat' dir='ltr'>monasteria</span> <span class='ocrx_word' id='word_1_235' title='bbox 1494 2392 1660 2441; x_wconf 87' lang='lat' dir='ltr'>coacti.</span> 
     </span>
    </p>

    <p class='ocr_par' dir='ltr' id='par_1_3' title="bbox 122 2473 1882 3034">
     <span class='ocr_line' id='line_1_28' title="bbox 196 2473 1882 2540; baseline 0.002 -20"><span class='ocrx_word' id='word_1_236' title='bbox 196 2473 356 2522; x_wconf 89' lang='lat' dir='ltr'>Multa</span> <span class='ocrx_word' id='word_1_237' title='bbox 391 2473 587 2537; x_wconf 86' lang='lat' dir='ltr'>quidem</span> <span class='ocrx_word' id='word_1_238' title='bbox 622 2473 778 2529; x_wconf 87' lang='lat' dir='ltr'>adhuc</span> <span class='ocrx_word' id='word_1_239' title='bbox 806 2474 900 2522; x_wconf 91' lang='lat' dir='ltr'>tibi</span> <span class='ocrx_word' id='word_1_240' title='bbox 935 2491 1124 2539; x_wconf 89' lang='lat' dir='ltr'>possem</span> <span class='ocrx_word' id='word_1_241' title='bbox 1162 2475 1221 2529; x_wconf 88' lang='lat' dir='ltr'>de</span> <span class='ocrx_word' id='word_1_242' title='bbox 1245 2475 1320 2523; x_wconf 87' lang='lat' dir='ltr'>his</span> <span class='ocrx_word' id='word_1_243' title='bbox 1357 2479 1408 2523; x_wconf 90' lang='lat' dir='ltr'>et</span> <span class='ocrx_word' id='word_1_244' title='bbox 1443 2475 1725 2538; x_wconf 83' lang='lat' dir='ltr'>hujusmodi</span> <span class='ocrx_word' id='word_1_245' title='bbox 1760 2493 1882 2540; x_wconf 86' lang='lat' dir='ltr'>prae-</span> 
     </span>
     <span class='ocr_line' id='line_1_29' title="bbox 125 2555 1881 2620; baseline 0.002 -16"><span class='ocrx_word' id='word_1_246' title='bbox 125 2555 502 2604; x_wconf 85' lang='lat' dir='ltr'>varicationibus</span> <span class='ocrx_word' id='word_1_247' title='bbox 539 2555 715 2620; x_wconf 89' lang='lat' dir='ltr'>quibus</span> <span class='ocrx_word' id='word_1_248' title='bbox 755 2561 922 2616; x_wconf 84' lang='lat' dir='ltr'>nostra</span> <span class='ocrx_word' id='word_1_249' title='bbox 963 2557 1214 2620; x_wconf 89' lang='lat' dir='ltr'>provincia</span> <span class='ocrx_word' id='word_1_250' title='bbox 1248 2557 1515 2608; x_wconf 82' lang='lat' dir='ltr'>miserrime</span> <span class='ocrx_word' id='word_1_251' title='bbox 1550 2562 1767 2619; x_wconf 85' lang='lat' dir='ltr'>vexatur,</span> <span class='ocrx_word' id='word_1_252' title='bbox 1806 2558 1881 2607; x_wconf 89' lang='lat' dir='ltr'>his</span> 
     </span>
     <span class='ocr_line' id='line_1_30' title="bbox 124 2638 1881 2703; baseline 0.002 -17"><span class='ocrx_word' id='word_1_253' title='bbox 124 2638 352 2687; x_wconf 85' lang='lat' dir='ltr'>intimare</span> <span class='ocrx_word' id='word_1_254' title='bbox 388 2638 557 2697; x_wconf 88' lang='lat' dir='ltr'>literis,</span> <span class='ocrx_word' id='word_1_255' title='bbox 594 2638 636 2686; x_wconf 91' lang='lat' dir='ltr'>si</span> <span class='ocrx_word' id='word_1_256' title='bbox 671 2656 768 2687; x_wconf 91' lang='lat' dir='ltr'>non</span> <span class='ocrx_word' id='word_1_257' title='bbox 804 2640 1017 2703; x_wconf 88' lang='lat' dir='ltr'>teipsum</span> <span class='ocrx_word' id='word_1_258' title='bbox 1052 2657 1242 2694; x_wconf 88' lang='lat' dir='ltr'>nossem</span> <span class='ocrx_word' id='word_1_259' title='bbox 1277 2641 1376 2690; x_wconf 90' lang='lat' dir='ltr'>haec</span> <span class='ocrx_word' id='word_1_260' title='bbox 1411 2641 1578 2690; x_wconf 88' lang='lat' dir='ltr'>eadem</span> <span class='ocrx_word' id='word_1_261' title='bbox 1614 2641 1881 2690; x_wconf 87' lang='lat' dir='ltr'>certissime</span> 
     </span>
     <span class='ocr_line' id='line_1_31' title="bbox 125 2721 1879 2788; baseline 0.001 -18"><span class='ocrx_word' id='word_1_262' title='bbox 125 2721 414 2786; x_wconf 87' lang='lat' dir='ltr'>cognovisse.</span> <span class='ocrx_word' id='word_1_263' title='bbox 486 2721 616 2768; x_wconf 91' lang='lat' dir='ltr'>Nam</span> <span class='ocrx_word' id='word_1_264' title='bbox 663 2738 816 2785; x_wconf 88' lang='lat' dir='ltr'>neque</span> <span class='ocrx_word' id='word_1_265' title='bbox 853 2721 955 2770; x_wconf 87' lang='lat' dir='ltr'>haec</span> <span class='ocrx_word' id='word_1_266' title='bbox 996 2722 1066 2771; x_wconf 88' lang='lat' dir='ltr'>ita</span> <span class='ocrx_word' id='word_1_267' title='bbox 1113 2723 1299 2788; x_wconf 81' lang='lat' dir='ltr'>scripsi,</span> <span class='ocrx_word' id='word_1_268' title='bbox 1344 2723 1484 2788; x_wconf 87' lang='lat' dir='ltr'>quasi</span> <span class='ocrx_word' id='word_1_269' title='bbox 1523 2723 1789 2772; x_wconf 91' lang='lat' dir='ltr'>certissime</span> <span class='ocrx_word' id='word_1_270' title='bbox 1829 2729 1879 2773; x_wconf 89' lang='lat' dir='ltr'>te</span> 
     </span>
     <span class='ocr_line' id='line_1_32' title="bbox 123 2795 1878 2874; baseline 0.001 -22"><span class='ocrx_word' id='word_1_271' title='bbox 123 2819 179 2852; x_wconf 89' lang='lat' dir='ltr'>ea</span> <span class='ocrx_word' id='word_1_272' title='bbox 219 2821 327 2867; x_wconf 89' lang='lat' dir='ltr'>quae</span> <span class='ocrx_word' id='word_1_273' title='bbox 361 2809 504 2852; x_wconf 87' lang='lat' dir='ltr'>antea</span> <span class='ocrx_word' id='word_1_274' title='bbox 537 2803 744 2852; x_wconf 88' lang='lat' dir='ltr'>nescires</span> <span class='ocrx_word' id='word_1_275' title='bbox 779 2821 932 2853; x_wconf 91' lang='lat' dir='ltr'>essem</span> <span class='ocrx_word' id='word_1_276' title='bbox 963 2805 1207 2874; x_wconf 83' lang='lat' dir='ltr'>docturus,</span> <span class='ocrx_word' id='word_1_277' title='bbox 1233 2806 1316 2855; x_wconf 88' lang='lat' dir='ltr'>sed</span> <span class='ocrx_word' id='word_1_278' title='bbox 1339 2795 1395 2856; x_wconf 76' lang='lat' dir='ltr'>ut</span> <span class='ocrx_word' id='word_1_279' title='bbox 1428 2811 1478 2855; x_wconf 87' lang='lat' dir='ltr'>te</span> <span class='ocrx_word' id='word_1_280' title='bbox 1514 2807 1667 2855; x_wconf 86' lang='lat' dir='ltr'>amica</span> <span class='ocrx_word' id='word_1_281' title='bbox 1703 2807 1878 2855; x_wconf 89' lang='lat' dir='ltr'>exhor-</span> 
     </span>
     <span class='ocr_line' id='line_1_33' title="bbox 123 2886 1877 2953; baseline 0.002 -19"><span class='ocrx_word' id='word_1_282' title='bbox 123 2886 309 2935; x_wconf 86' lang='lat' dir='ltr'>tatione</span> <span class='ocrx_word' id='word_1_283' title='bbox 356 2903 721 2947; x_wconf 88' lang='lat' dir='ltr'>commonerem,</span> <span class='ocrx_word' id='word_1_284' title='bbox 759 2903 814 2935; x_wconf 89' lang='lat' dir='ltr'>ea</span> <span class='ocrx_word' id='word_1_285' title='bbox 854 2904 962 2951; x_wconf 89' lang='lat' dir='ltr'>quae</span> <span class='ocrx_word' id='word_1_286' title='bbox 1003 2889 1179 2952; x_wconf 86' lang='lat' dir='ltr'>optime</span> <span class='ocrx_word' id='word_1_287' title='bbox 1219 2905 1421 2941; x_wconf 87' lang='lat' dir='ltr'>noveras</span> <span class='ocrx_word' id='word_1_288' title='bbox 1459 2895 1619 2941; x_wconf 87' lang='lat' dir='ltr'>errata</span> <span class='ocrx_word' id='word_1_289' title='bbox 1655 2889 1877 2953; x_wconf 83' lang='lat' dir='ltr'>diligenti</span> 
     </span>
     <span class='ocr_line' id='line_1_34' title="bbox 122 2968 954 3034; baseline 0.005 -18"><span class='ocrx_word' id='word_1_290' title='bbox 122 2972 268 3032; x_wconf 90' lang='lat' dir='ltr'>prout</span> <span class='ocrx_word' id='word_1_291' title='bbox 292 2969 422 3017; x_wconf 89' lang='lat' dir='ltr'>vales</span> <span class='ocrx_word' id='word_1_292' title='bbox 446 2968 681 3018; x_wconf 84' lang='lat' dir='ltr'>instantia</span> <span class='ocrx_word' id='word_1_293' title='bbox 704 2969 954 3034; x_wconf 87' lang='lat' dir='ltr'>corrigere.</span> 
     </span>
    </p>

    <p class='ocr_par' dir='ltr' id='par_1_4' title="bbox 120 3051 1875 3202">
     <span class='ocr_line' id='line_1_35' title="bbox 193 3051 1875 3126; baseline 0.001 -27"><span class='ocrx_word' id='word_1_294' title='bbox 193 3054 237 3099; x_wconf 90' lang='lat'>8.</span> <span class='ocrx_word' id='word_1_295' title='bbox 273 3051 340 3100; x_wconf 84' lang='lat' dir='ltr'>Et</span> <span class='ocrx_word' id='word_1_296' title='bbox 379 3052 482 3116; x_wconf 87' lang='lat' dir='ltr'>jam</span> <span class='ocrx_word' id='word_1_297' title='bbox 522 3051 721 3116; x_wconf 86' lang='lat' dir='ltr'>jamque</span> <span class='ocrx_word' id='word_1_298' title='bbox 762 3056 812 3101; x_wconf 89' lang='lat' dir='ltr'>te</span> <span class='ocrx_word' id='word_1_299' title='bbox 851 3053 1062 3102; x_wconf 89' lang='lat' dir='ltr'>multum</span> <span class='ocrx_word' id='word_1_300' title='bbox 1103 3054 1332 3126; x_wconf 88' lang='lat' dir='ltr'>deprecor</span> <span class='ocrx_word' id='word_1_301' title='bbox 1378 3060 1524 3126; x_wconf 88' lang='lat' dir='ltr'>atque</span> <span class='ocrx_word' id='word_1_302' title='bbox 1567 3055 1783 3103; x_wconf 86' lang='lat' dir='ltr'>obtestor</span> <span class='ocrx_word' id='word_1_303' title='bbox 1822 3052 1875 3101; x_wconf 93' lang='lat' dir='ltr'>in</span> 
     </span>
     <span class='ocr_line' id='line_1_36' title="bbox 120 3132 1874 3202; baseline 0.002 -20"><span class='ocrx_word' id='word_1_304' title='bbox 120 3132 346 3195; x_wconf 86' lang='lat' dir='ltr'>Domin0‚</span> <span class='ocrx_word' id='word_1_305' title='bbox 395 3140 451 3184; x_wconf 91' lang='lat' dir='ltr'>ut</span> <span class='ocrx_word' id='word_1_306' title='bbox 498 3134 806 3184; x_wconf 84' lang='lat' dir='ltr'>commissum</span> <span class='ocrx_word' id='word_1_307' title='bbox 852 3135 946 3184; x_wconf 89' lang='lat' dir='ltr'>tibi</span> <span class='ocrx_word' id='word_1_308' title='bbox 992 3151 1188 3202; x_wconf 85' lang='lat' dir='ltr'>gregem</span> <span class='ocrx_word' id='word_1_309' title='bbox 1237 3139 1431 3189; x_wconf 90' lang='lat' dir='ltr'>sedulus</span> <span class='ocrx_word' id='word_1_310' title='bbox 1476 3138 1536 3187; x_wconf 90' lang='lat' dir='ltr'>ab</span> <span class='ocrx_word' id='word_1_311' title='bbox 1583 3135 1874 3192; x_wconf 86' lang='lat' dir='ltr'>irruentium</span> 
     </span>
    </p>
   </div>
   <div class='ocr_carea' id='block_1_3' title="bbox 718 3258 1275 3380">
    <p class='ocr_par' dir='ltr' id='par_1_5' title="bbox 718 3258 1275 3380">
     <span class='ocr_line' id='line_1_37' title="bbox 718 3258 1275 3317; baseline 0.009 -17"><span class='ocrx_word' id='word_1_312' title='bbox 718 3258 733 3283; x_wconf 88' lang='lat'>²</span> <span class='ocrx_word' id='word_1_313' title='bbox 760 3259 937 3314; x_wconf 78' lang='lat' dir='ltr'>dicitur]</span> <span class='ocrx_word' id='word_1_314' title='bbox 968 3260 1098 3302; x_wconf 84' lang='lat' dir='ltr'>Matt.</span> <span class='ocrx_word' id='word_1_315' title='bbox 1118 3274 1188 3303; x_wconf 87' lang='lat' dir='ltr'>xv.</span> <span class='ocrx_word' id='word_1_316' title='bbox 1212 3275 1275 3317; x_wconf 82' lang='lat'>14.</span> 
     </span>
     <span class='ocr_line' id='line_1_38' title="bbox 953 3332 1046 3380; baseline 0.011 -1"><span class='ocrx_word' id='word_1_317' title='bbox 953 3347 988 3379; x_wconf 87' lang='lat' dir='ltr'>D</span> <span class='ocrx_word' id='word_1_318' title='bbox 1012 3332 1046 3380; x_wconf 90' lang='lat' dir='ltr'>d</span> 
     </span>
    </p>
   </div>
  </div>
 </body>
</html>
