2216 3554
294 154 391 200 316
870 151 1097 200 Historia
1131 147 1472 202 Ecclesiastica
1837 153 1973 222 [LIB.
1990 173 2040 206 v.

287 282 548 333 videretur.
620 282 759 348 Coepi
792 287 957 333 autem
991 283 1162 333 mirari
1189 302 1339 349 quare
1370 285 1432 333 ad
1466 302 1661 334 murum
1690 287 2040 349 accederemus,

288 381 398 413 cum
432 366 485 414 in
521 383 576 414 eo
611 367 796 414 nullam
826 367 1027 430 januam
1061 368 1138 415 vel
1173 368 1447 427 fenestram,
1474 369 1550 416 vel
1584 386 1835 418 ascensum
1865 371 2043 419 alicubi

287 448 624 511 conspicerem.
684 449 809 498 Cum
833 466 946 512 ergo
970 450 1353 513 pervenissemus
1375 450 1437 498 ad
1460 467 1670 511 murum,
1695 453 1859 500 statim
1882 453 2042 501 nescio

287 546 385 594 quo
409 531 578 580 ordine
602 531 782 580 fuimus
813 531 865 579 in
889 520 1168 581 summitate
1193 533 1308 596 ejus.
1379 533 1446 581 Et
1479 550 1583 582 ecce
1615 534 1687 582 ibi
1719 552 1916 599 campus
1939 542 2043 585 erat

285 611 547 662 latissimus
580 631 636 662 ac
663 613 953 674 laetissimus,
985 619 1218 678 tantaque
1242 615 1509 679 fragrantia
1541 617 1847 665 vernantium
1870 618 2040 667 floscu-

284 693 445 743 lorum
480 696 666 760 plenus,
691 700 748 744 ut
784 713 974 744 omnem
1010 714 1125 745 mox
1159 698 1377 746 foetorem
1406 699 1673 747 tenebrosae
1709 700 1931 760 fornacis,
1957 702 2042 765 qui

285 793 364 825 me
387 782 675 840 pervaserat,
701 777 932 840 effugaret
956 778 1229 826 admirandi
1252 779 1397 843 hujus
1422 780 1633 829 suavitas
1657 781 1830 830 odoris.
1883 781 2042 830 Tanta

285 863 450 907 autem
484 859 570 908 lux
606 863 778 908 cuncta
812 878 868 908 ea
902 860 1008 908 loca
1043 861 1339 923 perfuderat,
1378 866 1436 911 ut
1471 863 1603 911 omni
1639 864 1894 927 splendore
1929 865 2040 925 diei,

285 942 387 990 sive
422 942 537 990 solis
560 942 815 990 meridiani
845 943 995 991 radiis
1026 944 1276 992 videretur
1293 962 1395 993 esse
1427 947 1721 1009 praeclarior.
1793 947 2042 1012 Erantque

284 1026 335 1073 in
357 1025 448 1073 hoc
471 1042 640 1088 campo
663 1025 919 1074 innumera
942 1026 1192 1074 hominum
1216 1027 1489 1076 albatorum
1514 1030 1862 1090 conventicula,
1886 1032 2041 1079 sedes-

284 1125 378 1171 que
412 1108 636 1171 plurimae
671 1109 918 1171 agminum
949 1109 1238 1158 laetantium.
1312 1110 1535 1174 Cumque
1572 1111 1702 1160 inter
1736 1113 1907 1161 choros
1934 1113 2039 1162 feli-

284 1190 412 1238 cium
459 1190 723 1239 incolarum
770 1192 954 1240 medios
991 1208 1069 1240 me
1109 1193 1320 1252 duceret,
1363 1193 1576 1257 cogitare
1615 1196 1735 1258 coepi
1779 1196 1910 1259 quod
1949 1196 2039 1244 hoc

282 1273 484 1322 fortasse
508 1277 633 1322 esset
656 1291 861 1337 regnum
884 1275 1125 1336 caelorum,
1150 1275 1210 1323 de
1244 1293 1340 1339 quo
1374 1276 1629 1339 praedicari
1661 1278 1836 1341 saepius
1859 1279 2038 1327 audivi.

283 1355 560 1419 Respondit
593 1356 678 1404 ille
714 1356 949 1420 cogitatui
984 1373 1126 1406 meo:
1165 1357 1367 1417 “Non,”
1399 1358 1638 1422 inquiens,
1666 1363 1807 1409 “non
1842 1360 1933 1410 hoc
1965 1368 2039 1411 est

281 1455 487 1504 regnum
512 1438 740 1486 caelorum
764 1440 894 1502 quod
918 1438 1187 1489 autumaS.''
1229 1462 1235 1472 ·

353 1525 365 1546 ‘
382 1521 605 1585 Cumque
622 1523 933 1585 procedentes
955 1523 1297 1572 transissemus
1313 1527 1362 1571 et
1380 1523 1466 1571 has
1490 1524 1744 1572 beatorum
1764 1526 2037 1575 mansiones

281 1603 559 1667 spirituum,
600 1605 781 1668 aspicio
822 1612 936 1654 ante
982 1623 1070 1654 nos
1116 1606 1274 1654 multo
1315 1606 1547 1669 majorem
1587 1607 1788 1656 luminis
1828 1609 2036 1673 gratiam

282 1703 428 1749 quam
473 1688 641 1751 prius;
700 1689 752 1736 in
805 1707 901 1753 qua
955 1690 1103 1738 etiam
1149 1705 1315 1737 vocem
1362 1688 1664 1737 cantantium
1712 1689 2037 1739 dulcissimam

280 1769 447 1818 audivi
465 1786 476 1829 ;
513 1777 585 1819 set
609 1775 657 1819 et
681 1772 841 1820 odoris
864 1772 1132 1836 fragrantia
1155 1770 1269 1819 miri
1300 1775 1440 1819 tanta
1462 1771 1522 1819 de
1554 1772 1660 1820 loco
1684 1772 2032 1834 effiindebatur,

280 1857 336 1898 ut
367 1851 410 1899 is
435 1869 581 1916 quem
608 1859 751 1902 antea
775 1855 1038 1919 degustans
1062 1854 1200 1918 quasi
1232 1853 1502 1901 maximum
1535 1854 1689 1913 rebar,
1712 1857 1814 1918 jam
1846 1872 2035 1919 permo-

279 1933 414 1982 dicus
449 1935 572 1982 mihi
601 1937 721 1984 odor
742 1936 1020 1985 videretur:
1058 1937 1185 1986 sicut
1217 1936 1366 1985 etiam
1394 1936 1481 1984 lux
1516 1936 1601 1984 illa
1631 1938 1791 2000 campi
1813 1937 2034 1986 florentis

280 2016 471 2075 eximia,
499 2018 551 2064 in
570 2019 929 2082 comparatione
945 2019 1046 2082 ejus
1065 2035 1173 2082 quae
1190 2035 1319 2067 nunc
1339 2019 1572 2082 apparuit
1595 2019 1731 2079 lucis,
1751 2020 2034 2069 tenuissima

278 2109 479 2161 prorsus
502 2099 771 2159 videbatur,
798 2106 846 2149 et
870 2118 1033 2164 parva.
1088 2102 1150 2149 In
1175 2101 1312 2165 cujus
1341 2102 1673 2150 amoenitatem
1697 2102 1789 2150 loci
1813 2120 1923 2151 cum
1946 2120 2033 2151 nos

248 2243 251 2246 ἢ
278 2181 548 2230 intraturos
573 2199 829 2246 sperarem,
849 2190 1047 2247 repente
1065 2185 1239 2233 ductor
1257 2184 1509 2245 substitit3
1548 2201 1635 2233 nec
1650 2202 1797 2245 mora,
1816 2201 2032 2250 gressum

277 2269 576 2328 retorquens,
600 2265 707 2328 ipsa
730 2283 807 2313 me
832 2283 929 2329 qua
951 2267 1173 2315 venimus
1196 2267 1277 2315 via
1300 2267 1510 2315 reduxit.

349 2351 360 2371 ‘
378 2347 598 2410 Cumque
622 2350 802 2397 reversi
825 2350 1186 2413 perveniremus
1211 2350 1273 2398 ad
1296 2350 1568 2399 mansiones
1592 2351 1700 2399 illas
1734 2351 1868 2400 laetas
1892 2352 2031 2415 spiri·

276 2435 419 2478 tuum
442 2431 822 2493 candidatorum,
847 2433 975 2481 dixit
996 2433 1142 2482 mihi:
1187 2437 1213 2460 “
1228 2433 1333 2483 Scis
1357 2450 1466 2497 quae
1499 2434 1598 2482 sint
1622 2434 1717 2482 ista
1740 2435 1900 2482 omnia
1924 2452 2032 2498 quae

276 2513 520 2562 vidistifffl
574 2514 826 2578 Respondi
860 2533 963 2580 ego,
997 2520 1023 2544 “
1037 2517 1087 2564 N
1089 2515 1198 2564 on.’'
1270 2517 1337 2565 Et
1377 2517 1477 2565 ait:
1519 2517 1722 2567 “Vallis
1760 2517 1845 2564 illa
1885 2534 2030 2581 quam

276 2596 510 2659 aspexisti
533 2597 742 2646 flammis
766 2598 1063 2646 ferventibus
1087 2603 1138 2647 et
1169 2598 1432 2663 frigoribus
1456 2599 1696 2647 horrenda
1718 2599 1902 2662 rigidis,
1928 2599 2030 2663 ipse

275 2683 349 2727 est
374 2679 507 2728 locus
531 2680 583 2727 in
607 2697 701 2743 quo
726 2681 1057 2730 examinandae
1082 2685 1132 2729 et
1162 2681 1452 2745 castigandae
1484 2688 1599 2729 sunt
1623 2682 1795 2730 animae
1818 2683 2028 2741 illorum,

276 2760 362 2825 qui
399 2761 673 2810 differentes
711 2763 929 2810 confiteri
971 2769 1019 2811 et
1057 2764 1310 2812 emendare
1349 2764 1529 2813 scelera
1566 2782 1676 2828 quae
1716 2765 1939 2825 fecerant,
1977 2766 2028 2813 in

275 2844 379 2908 ipso
414 2845 611 2893 tandem
646 2845 816 2893 mortis
852 2846 1056 2895 articulo
1092 2848 1153 2895 ad
1180 2848 1516 2911 poenitentiam
1551 2848 1850 2912 confugiunt,
1875 2854 1926 2896 et
1960 2848 2028 2896 sic

275 2927 335 2975 de
371 2944 571 2990 corpore
607 2933 811 2976 exeunt:
856 2930 942 2991 qui
977 2936 1140 2978 tamen
1175 2931 1289 2994 quia
1324 2931 1671 2980 confessionem
1707 2935 1757 2980 et
1790 2931 2028 2995 poeniten-

274 3009 396 3057 tiam
430 3009 508 3058 vel
542 3009 595 3057 in
626 3013 784 3057 morte
814 3010 1101 3070 habuerunt,
1132 3029 1297 3062 omnes
1332 3014 1385 3061 in
1413 3014 1492 3062 die
1521 3014 1693 3077 judicii
1725 3014 1787 3062 ad
1821 3030 2024 3077 regnum

275 3092 504 3140 caelorum
539 3092 845 3155 perveniunt.
918 3094 1100 3143 Multos
1132 3100 1297 3144 autem
1324 3113 1488 3160 preces
1519 3097 1790 3145 viventium
1821 3101 1870 3144 et
1904 3096 2024 3144 elee-

274 3191 487 3237 mosynae
512 3180 561 3222 et
581 3175 766 3237 jejunia
790 3181 839 3223 et
862 3175 1073 3224 maxime
1098 3178 1353 3227 celebratio
1376 3179 1648 3239 missarum,
1666 3183 1724 3227 ut
1747 3178 1893 3227 etiam
1912 3186 2024 3225 ante

275 3256 405 3304 diem
438 3258 612 3320 judicii
649 3259 928 3319 liberentur,
968 3260 1217 3323 adjuvant.
1287 3261 1442 3310 Porro
1484 3266 1656 3326 puteus
1695 3261 1779 3310 ille
1818 3260 2021 3309 flammi-
