2216 3554
211 189 333 238 CAP.
351 186 453 257 'IX.]
854 188 1017 238 Gentis
1050 186 1338 253 Anqiornm.
1895 189 1962 238 -23

210 321 479 369 stantinum
519 320 677 369 filium
712 338 772 370 ex
807 320 1075 369 concubina
1110 319 1300 368 Helena
1314 319 1331 346 ¹
1368 322 1585 367 creatum
1619 318 1960 382 imperatorem

211 404 483 453 Galliarum
517 404 729 468 reliquit.
818 400 1005 453 Scribit
1039 407 1203 451 autem
1237 402 1519 465 Eutropius,
1555 402 1686 465 quod
1723 402 1959 451 Constan-

209 487 341 535 tinus
359 487 377 513 2
412 487 466 534 in
501 485 744 535 Brittania
778 491 968 534 creatus
1004 484 1269 548 imperator
1286 484 1318 544 ³,
1354 484 1486 548 patri
1523 484 1574 531 in
1609 495 1812 547 regnum
1848 500 1958 531 suc-

210 569 434 617 cesserit:
472 569 608 632 cujus
630 566 930 630 temporibus
953 566 1165 615 Arriana
1188 566 1384 615 haeresis
1409 570 1577 615 exorta
1607 570 1656 615 et
1679 566 1730 613 in
1755 566 1959 614 Nicaena

209 652 392 714 synodo
427 651 616 699 detecta
648 654 793 713 atque
828 649 1071 708 damnata,
1108 648 1426 697 nihilominus
1458 648 1708 697 exitiabile
1743 648 1959 711 perfidiae

207 750 308 782 suae
331 734 479 791 virus,
505 738 562 781 ut
585 732 812 792 diximus,
838 748 937 780 non
971 732 1130 781 solum
1165 731 1296 780 orbis
1327 731 1483 781 totius
1505 731 1591 780 sed
1614 735 1664 779 et
1688 730 1958 779 insularum

210 815 418 865 ecclesiis
432 814 662 879 aspersit.

929 923 1078 974 OAP.
1114 925 1227 973 ΙΧ.4

207 1042 260 1088 Ut
277 1049 469 1100 reynan'te
490 1038 692 1087 Gratiano
713 1045 923 1086 Maximus
945 1046 994 1085 in
1014 1044 1233 1086 Brittania
1257 1046 1483 1099 imperator
1508 1052 1678 1096 creatas,
1702 1058 1793 1087 cum
1812 1056 1961 1096 mayno

790 1115 973 1156 exercita
994 1114 1180 1156 Galliam
1198 1115 1380 1157 redierit.

273 1213 427 1262 ANNO
442 1214 460 1241 ⁵
495 1206 556 1263 ab
596 1212 928 1262 incarnatione
974 1212 1177 1262 Domini
1223 1215 1562 1264 trecentesimo
1603 1211 1958 1278 septuagesimo

203 1297 410 1360 septimo
436 1295 697 1345 Gratianus
729 1288 1126 1359 quadragesimus
1149 1297 1210 1344 ab
1234 1295 1480 1360 Augusto,
1503 1303 1616 1361 post

205 1385 412 1428 mortem
427 1378 648 1427 Valentis
665 1394 748 1426 sex
771 1377 912 1426 annis
931 1369 1194 1441 *imperium
1218 1380 1379 1428 tenuit
1399 1397 1409 1428 z
1447 1396 1614 1443 quam·
1686 1358 1879 1447 fiss'iggg

204 1461 278 1509 vis
308 1461 598 1524 jamdudum
642 1463 786 1508 antea
820 1476 930 1507 cum
963 1463 1138 1523 patruo
1173 1458 1392 1520 Valente,
1418 1466 1468 1511 et
1503 1479 1613 1511 cum
1669 1463 1852 1518 Emperor
1865 1462 1907 1496 in

204 1542 553 1593 Valentiniano
578 1542 725 1591 fratre
748 1545 973 1606 regnaret
995 1560 1006 1590 ε
1044 1542 1130 1606 qui
1154 1560 1265 1592 cum
1288 1545 1538 1594 adflictum
1562 1547 1613 1593 et
1709 1511 1874 1546 Butam.

203 1642 326 1690 pene
361 1625 626 1688 collapsum
666 1623 944 1686 reipublicae
978 1629 1162 1672 statum
1202 1619 1402 1686 videret,
1440 1622 1768 1675 Theodosium
1782 1626 1799 1652 ⁶
1837 1624 1955 1673 His-

201 1724 383 1770 panum
405 1707 579 1766 virum,
605 1706 916 1754 restituendae
946 1705 1224 1769 reipublicae
1248 1709 1531 1758 necessitate
1554 1709 1685 1772 apud
1709 1707 1955 1771 Syrmium

200 1805 416 1853 purpura
443 1787 621 1849 induit,
648 1788 958 1853 Orientisque
993 1794 1043 1839 et
1071 1790 1292 1843 Thraciae
1319 1784 1464 1839 simul
1492 1791 1710 1855 prae‘fecit
1732 1789 1953 1852 imperio.

201 1873 310 1934 Qua
331 1876 618 1935 tempestate
634 1865 882 1920 Maximus
897 1873 927 1932 ⁷,
947 1872 1026 1921 vir
1049 1873 1245 1938 quidem
1269 1879 1495 1922 strenuus
1515 1878 1564 1922 et
1586 1875 1784 1937 probus,
1809 1878 1956 1936 atque

200 1954 423 2018 Augusto
459 1948 635 2019 dignus
671 1948 770 2003 nisi
805 1960 974 2004 contra
1019 1956 1309 2006 sacramenti
1343 1955 1489 2004 fidem
1521 1972 1610 2020 per
1643 1954 1955 2018 tyrannidem

200 2038 486 2097 emersisset,
520 2037 573 2085 in
609 2031 857 2086 Brittania
896 2037 1082 2088 invitus
1123 2038 1474 2102 propemodum
1514 2037 1576 2086 ab
1610 2037 1829 2086 exercitu
1863 2036 1956 2083 im-

198 2125 392 2184 perator
415 2125 604 2174 creatus
628 2120 682 2167 in
707 2120 916 2168 Galliam
938 2122 1137 2170 transiit
1152 2122 1182 2171 ⁸.
1248 2121 1329 2169 Ibi
1356 2120 1647 2169 Gratianum
1673 2120 1955 2184 Augustum

200 2203 361 2252 subita
383 2203 658 2251 incursione
682 2203 998 2267 perterritum
1021 2210 1167 2268 atque
1190 2204 1245 2252 in
1267 2204 1465 2253 Ital-iam
1486 2203 1694 2252 transire
1718 2203 1956 2251 meditan-

198 2290 313 2344 tem,
367 2285 493 2333 dolis
546 2285 931 2334 circumventum
970 2287 1225 2347 interfecit,
1262 2287 1558 2351 fratremque
1600 2289 1701 2349 ejus
1737 2284 1955 2334 Valenti-

198 2368 398 2417 nianum
421 2366 702 2431 Augustum
730 2369 880 2417 Itali-a
909 2370 1108 2434 expulit
1125 2371 1155 2419 ⁹.
1227 2369 1604 2421 Valentinianus
1628 2369 1679 2417 in
1704 2369 1956 2419 Orientem

255 2491 269 2515 ¹
297 2505 346 2533 ex
380 2492 601 2534 concubina
632 2491 810 2545 Helena]
848 2500 858 2516 ⁶
874 2494 942 2534 Ex
958 2504 961 2507 ·
979 2494 1049 2534 ob·
1150 2492 1173 2517 '4
1190 2493 1295 2534 CAP.
1315 2493 1420 2546 IX.]
1451 2491 1553 2533 This
1573 2494 1706 2534 whole
1726 2494 1900 2546 chapter
1918 2492 1956 2532 is

199 2548 379 2587 scuriore
406 2548 696 2588 matrimonio.’
725 2549 903 2601 Eutrop.
932 2563 972 2588 x.
1006 2562 1044 2590 2.
1102 2549 1280 2589 omitted
1299 2549 1355 2601 by
1373 2549 1445 2589 the
1466 2550 1605 2589 Saxon
1624 2548 1814 2589 Version.

200 2602 382 2647 Orosius,
416 2602 588 2654 making
628 2603 705 2643 her
741 2617 768 2643 a
804 2604 1046 2651 concubine,
1158 2605 1173 2629 ⁵
1200 2607 1321 2644 Anno
1342 2636 1351 2645 .
1373 2635 1383 2645 .
1407 2633 1417 2643 .
1437 2604 1622 2657 septimo]
1645 2604 1735 2644 The
1754 2604 1842 2644 real
1857 2604 1955 2643 date

198 2657 298 2697 here
339 2657 496 2696 follows
542 2658 744 2705 Zosimus,
782 2658 826 2698 ii.
868 2659 918 2708 83
965 2660 1043 2699 but
1098 2659 1134 2699 is
1154 2670 1243 2700 A.D.
1268 2661 1361 2710 378.

200 2711 483 2752 Diocletianus
502 2712 824 2766 acknowledged
842 2714 918 2754 her
936 2728 1042 2755 mar·
1151 2715 1168 2739 ⁶
1189 2715 1462 2755 Theodosium
1476 2745 1486 2756 .
1509 2744 1519 2754 .
1541 2743 1551 2754 .
1570 2713 1734 2766 induit]
1752 2724 1840 2755 A.D.
1859 2721 1953 2766 379.

198 2768 312 2819 riage
340 2767 397 2818 by
429 2766 620 2819 insisting
658 2781 711 2807 on
749 2770 823 2808 her
860 2769 1040 2811 divorce.
1154 2768 1170 2791 ⁷
1187 2770 1399 2810 Maximus
1415 2801 1424 2811 .
1447 2802 1456 2810 .
1479 2800 1489 2810 .
1507 2771 1719 2810 restitutus
1732 2769 1808 2821 est]
1826 2769 1954 2808 From

199 2822 281 2862 She
310 2834 395 2861 was
433 2834 488 2860 an
522 2821 785 2875 innkeeper‘s
826 2822 1046 2876 daughter.
1104 2825 1286 2871 Orosius,
1325 2825 1398 2865 vii.
1439 2837 1506 2876 34.
1560 2825 1687 2864 After
1724 2820 1953 2863 Maximus’

198 2877 376 2923 Gibbon,
397 2875 439 2915 ii.
464 2886 555 2929 109,
575 2877 658 2916 and
676 2881 786 2918 note.
1102 2880 1241 2926 death,
1286 2879 1352 2919 his
1398 2879 1685 2925 descendants,
1733 2877 1951 2927 according

253 2930 270 2953 ²
309 2931 603 2972 Constantinus
641 2961 651 2971 .
690 2961 701 2971 .
747 2962 758 2972 .
797 2934 1043 2988 successerit]
1102 2938 1146 2974 to
1179 2934 1394 2980 tradition,
1425 2934 1650 2974 continued
1679 2938 1723 2973 to
1758 2933 1875 2984 reign
1905 2943 1952 2970 as

200 2987 375 3039 Eutrop.
396 2999 436 3025 x,
461 2997 498 3027 2.
1100 2990 1261 3043 princes
1290 2990 1335 3029 of
1357 2990 1515 3041 Reged,
1554 2988 1831 3040 Strathclyde,
1865 2985 1950 3030 δια,

253 3041 269 3065 ³
295 3042 344 3081 in
373 3041 596 3082 Brittania
624 3048 780 3082 creatus
803 3043 1044 3096 imperator]
1102 3045 1185 3084 and
1220 3044 1363 3084 traced
1394 3044 1645 3084 themselves
1679 3047 1722 3082 to
1758 3048 1767 3063 ‘
1783 3040 1948 3080 Maxim

202 3100 215 3120 ί
230 3099 347 3135 Daere
376 3110 429 3135 on
459 3096 668 3135 Breotene
696 3098 907 3149 acenned,’
933 3105 943 3121 ‘
961 3112 1047 3139 was
1103 3099 1300 3151 Wledig.’
1329 3099 1549 3151 Palgrave,
1590 3099 1696 3150 Eng.
1738 3097 1950 3136 Common-

199 3152 304 3191 born
319 3152 362 3190 in
381 3151 572 3191 Britain!
592 3151 633 3190 S.
653 3151 709 3191 V.
766 3152 836 3192 He
855 3167 939 3194 was
957 3167 1050 3206 pro·
1103 3154 1270 3200 wealth,
1290 3168 1329 3206 p.
1353 3155 1402 3204 38
1405 3167 1444 3204 3.

195 3206 330 3258 'bably
370 3206 475 3245 born
513 3209 559 3245 at
602 3206 780 3246 Naissus
822 3207 868 3248 in
901 3209 1046 3250 Dacia.
1159 3210 1174 3233 ⁸
1202 3209 1394 3261 transiit]
1416 3219 1503 3248 ΑΛ).
1529 3207 1622 3258 383.

200 3260 379 3309 Gibbon,
399 3261 444 3302 ii.
468 3273 558 3315 109,
578 3260 663 3302 and
680 3265 793 3304 note.
1151 3263 1175 3289 ·⁹
1202 3263 1383 3317 expulit]
1404 3274 1493 3305 mn.
1516 3263 1607 3313 387.
