2216 3554
321 230 418 274 1:04
901 223 1128 271 Historia
1164 222 1502 271 Ecclesiastica
1855 217 1990 288 [Lm.
2006 237 2065 271 11.

316 371 376 403 ex
409 371 505 418 quo
536 354 774 412 abierunt,
806 353 987 401 reversi
1022 358 1160 418 sunt;
1209 358 1259 402 et
1290 353 1322 400 J
1325 359 1463 401 ustus
1495 350 1691 415 quidem
1725 350 1786 399 ad
1819 351 2066 399 civitatem

373 481 459 516 who
480 481 613 516 recans
655 435 808 495 Hrofi,
835 435 914 483 cui
936 436 1210 499 praefuerat,
1235 435 1394 494 rediit,
1416 434 1658 482 Mellitum
1683 450 1795 480 vero
1819 433 2066 481 Lundoni-

349 531 521 566 Mellitus
544 530 623 564 and
658 534 791 565 enses
823 517 1101 581 episcopum
1124 517 1334 581 recipere
1369 517 1640 574 noluerunt,
1665 515 1884 563 idolatris
1916 515 2068 578 magis

412 581 561 616 Justus.
656 599 964 663 pontificibus
1001 601 1182 648 servire
1228 600 1503 664 gaudentes.
1598 599 1710 647 Non
1754 598 1884 645 enim
1930 602 2069 646 tanta

317 687 423 731 erat
457 682 517 740 ei,
548 686 732 744 quanta
758 682 887 745 patri
922 682 1073 746 ipsius
1103 682 1241 745 regni
1271 686 1497 746 potestas,
1522 685 1581 728 ut
1612 680 1759 728 etiam
1790 680 2069 727 nolentibus

318 783 374 814 ac
397 764 835 812 contradicentibus
866 765 1066 828 paganis
1096 765 1367 814 antistitem
1395 780 1493 812 suae
1528 767 1688 826 posset
1719 762 1928 810 ecclesiae
1963 761 2071 809 red-

319 848 446 896 dere.
516 848 866 898 Verumtamen
896 847 998 910 ipse
1031 864 1146 895 cum.
1172 863 1258 895 sua
1293 852 1450 909 gente,
1480 862 1539 893 ex
1575 862 1670 908 quo
1706 845 1767 891 ad
1801 843 2071 891 Dominum

319 946 577 978 conversus
601 935 686 988 est,
706 929 884 977 divinis
915 945 965 977 se
997 929 1186 978 studuit
1212 929 1488 991 mancipare
1511 926 1776 991 praeceptis.
1847 926 2073 989 Denique

308 1019 370 1060 et
416 1011 468 1060 in
516 1011 807 1060 monasterio
824 1012 838 1038 ¹
873 1011 1140 1059 beatissimi
1174 1011 1503 1074 apostolorum
1537 1009 1786 1073 principis,
1823 1009 2072 1056 ecclesiam

322 1100 498 1143 sanctae
547 1094 646 1142 Dei
688 1093 936 1158 genitricis
982 1093 1110 1153 fecit,
1158 1110 1308 1156 quam.
1349 1092 1642 1142 consecravit
1687 1091 2079 1155 archiepiscopus

322 1177 563 1226 Mellitus..

1048 1356 1192 1406 CAP.
1231 1357 1356 1408 VH.

378 1497 431 1538 Ut
450 1496 637 1539 Mellitus
655 1496 864 1547 episcopus
872 1494 1069 1546 flammas
1088 1495 1277 1537 ardentis
1295 1509 1376 1537 suoe
1396 1497 1582 1537 civitatis
1601 1497 1755 1537 orando
1775 1496 2018 1537 restinxerit.
2064 1492 2068 1497 '

388 1626 508 1673 Hoc
544 1623 673 1671 enim
710 1625 942 1686 regnante
986 1638 1102 1686 rege
1142 1623 1313 1672 beatus
1359 1622 1746 1687 archiepiscopus
1782 1622 2075 1671 Laurentius

324 1723 528 1770 regnum
551 1705 736 1753 caeleste
760 1705 1050 1764 conscendit,
1075 1709 1231 1769 atque·
1245 1706 1297 1753 in
1323 1707 1519 1754 ecclesia
1543 1713 1591 1754 et
1615 1706 1905 1754 monasterio
1924 1705 2076 1754 sancti

324 1789 530 1854 apostoli
563 1787 699 1836 Petri
727 1786 873 1850 juxta
904 1787 1306 1850 praedecessorem·
1333 1805 1474 1836 suum
1499 1787 1831 1851 Augustinum
1860 1787 2076 1850 sepultus

324 1880 396 1922 est
434 1872 512 1920 die
553 1875 725 1935 quarto
766 1886 1004 1917 nonarum
1046 1862 1456 1919 Februariarum-t
1504 1877 1615 1934 post
1656 1888 1802 1934 quem
1843 1870 2074 1928 Mellitus,

669 1952 756 2017 qui
789 1957 892 2000 erat
924 1951 1192 2000 Lundoniae
1216 1953 1481 2016 episcopus,
1507 1954 1668 2001 sedem
1693 1953 2077 2001 Doruvernensis

409 2007 535 2044 Death
549 2007 590 2042 of
823 2033 833 2043 ,
1027 2033 1037 2043 ‚
1467 2035 1477 2045 ο
1774 2033 1784 2042 .

377 2056 621 2096 Laurentius,
670 2034 878 2082 ecclesiae
925 2036 1100 2081 tertius
1154 2034 1215 2082 ab
1269 2034 1545 2096 Augustmo
1600 2038 1838 2097 suscepit:
1898 2034 1936 2082 J
1937 2040 2076 2081 ustus

417 2107 571 2202 5:3ng
668 2121 832 2163 autem
851 2115 1007 2164 adhuc
1026 2122 1267 2179 superstes
1287 2117 1578 2164 Hrofensem
1596 2116 1794 2179 regebat
1818 2116 2077 2164 ecclesiam.

360 2212 631 2265 Mellitussuc—
668 2197 765 2259 Qui
790 2214 900 2245 cum
922 2213 1098 2261 magna·
1127 2198 1375 2246 eeclesiam
1397 2197 1674 2262 Anglorum
1699 2215 1812 2246 cura
1837 2215 1891 2246 ac
1914 2199 2077 2247 labore

383 2261 493 2297 ceeds
508 2260 603 2294 lum.
667 2281 1004 2344 gubernarent,
1026 2287 1340 2344 susceperunt
1364 2281 1543 2344 scripta
1565 2281 1894 2329 exhortatoria
1911 2299 1943 2329 a·
1959 2298 2077 2344 pon-

328 2366 456 2415 tifice
479 2364 708 2411 Romanae
734 2365 783 2410 et
806 2363 1077 2425 apostolicae
1100 2363 1226 2411 sedis
1255 2363 1493 2412 Bonifatio
1508 2365 1540 2423 ²,
1567 2364 1652 2428 qui
1675 2368 1787 2428 post
1810 2364 2077 2412 Deusdedit

329 2446 540 2504 ecclesiae
581 2445 792 2509 praefuit,
833 2461 959 2493 anno
975 2445 992 2471 ⁸
1031 2444 1375 2493 incarnationis
1423 2446 1691 2494 Dominicae
1732 2446 2078 2494 sexcentesimo

330 2530 517 2581 decimo
541 2544 680 2576 nono.
750 2527 871 2575 Erat
895 2532 1058 2576 autem
1084 2527 1302 2576 Mellitus
1326 2528 1540 2592 corporis
1564 2529 1758 2592 quidem
1781 2528 2079 2589 infirmitate,

331 2613 383 2660 id
419 2617 517 2670 est,
540 2611 755 2674 podagra
789 2616 1029 2672 gravatus,
1068 2611 1151 2659 sed
1191 2611 1367 2658 mentis
1401 2611 1640 2674 gressibus
1677 2610 1820 2669 sanis,
1857 2611 2079 2659 alacriter

331 2701 525 2743 terrena
559 2709 760 2755 quaeque
795 2693 1086 2752 transiliens,
1117 2697 1262 2757 atque
1297 2693 1358 2741 ad
1393 2693 1602 2742 caelestia
1636 2710 1824 2757 semper
1858 2695 2076 2754 amanda,

331 2776 552 2842 petenda,
590 2781 638 2823 et
674 2775 930 2838 quaerenda
963 2776 1229 2838 pervolans.
1312 2777 1436 2825 Erat
1472 2777 1628 2825 carnis
1667 2777 1859 2841 origine·
1889 2776 2078 2835 nobilis,

334 2859 425 2909 sed·
442 2856 650 2906 culmine
675 2857 851 2905 mentis
875 2857 1095 2908 nobilior.

389 2995 404 3019 ¹
430 2997 478 3036 in
515 2994 775 3046 monasterio]
832 2995 884 3034 In
924 2995 984 3035 St.
1013 2996 1180 3048 Augus-
1232 3011 1318 3037 was
1346 2997 1608 3037 consecrated
1638 2997 1739 3037 Dec.
1779 3008 1798 3036 2
1804 3009 1841 3048 3,
1878 2996 2079 3049 probably

335 3050 460 3092 tine's
488 3055 724 3102 monastery
753 3052 797 3088 at
827 3050 1101 3103 Canterbury‚
1134 3051 1176 3090 in
1232 3052 1306 3092 the
1325 3066 1448 3092 same·
1455 3066 1566 3105 year.

336 3106 475 3146 which
489 3106 554 3144 his
568 3105 704 3144 father
717 3104 800 3144 had
817 3105 924 3144 built
937 3105 1009 3144 the
1023 3105 1178 3145 church
1285 3107 1302 3130 ³
1329 3120 1442 3147 anno
1463 3138 1472 3147 .
1498 3138 1508 3147 .
1533 3139 1542 3148 .
1561 3106 1683 3158 nono]
1713 3106 1813 3145 This
1832 3105 1928 3145 date
1948 3119 2078 3145 seems

336 3162 382 3201 of
395 3161 466 3201 Ss.
486 3161 611 3199 Peter
628 3160 711 3199 and
729 3159 848 3200 Paul.
1233 3165 1280 3201 to
1299 3162 1406 3201 refer
1429 3166 1473 3201 to
1500 3162 1572 3201 the
1599 3161 1751 3201 arrival
1779 3161 1826 3200 of
1848 3161 2079 3201 Boniface's

393 3215 409 3238 ²
436 3213 677 3266 Bonifatio]
714 3215 828 3266 Pope
851 3213 1080 3253 Deusdedit
1098 3214 1181 3254 had
1233 3216 1358 3258 letter
1375 3217 1421 3256 in
1440 3217 1646 3270 England.
1701 3215 1814 3255 Stev.

337 3270 432 3312 died
462 3271 567 3323 May
589 3281 650 3321 25,
682 3280 767 3310 ΑΒ.
791 3268 898 3316 6183.
922 3268 1118 3310 Boniface
1135 3269 1180 3310 V
