2216 3554
170 195 293 244 OAP.
319 191 436 262 ΧΗ]
557 241 561 246 ,
815 191 979 241 Gentis
1003 189 1297 254 Anqlorum,
1816 191 1921 237 'ns

172 325 301 372 solus
347 322 480 381 foris,
526 320 834 384 residensque
869 322 1068 367 moestus
1110 323 1223 366 ante
1263 316 1516 381 palatium,
1561 317 1730 364 multis
1776 316 1922 379 coepit

172 406 526 469 cogitationum
558 403 755 453 aestibus
789 402 926 461 affici,
958 401 1077 464 quid
1111 387 1288 464 ageret,
1322 416 1477 463 quove
1508 399 1682 462 pedem
1712 404 1924 447 verteret

175 489 374 536 nescius.

244 571 465 633 Cumque
510 569 597 617 diu
642 566 804 616 tacitis
849 565 1027 614 mentis
1073 564 1334 629 angoribus
1382 570 1431 614 et
1476 581 1602 612 caeco
1646 567 1925 626 carperetur

174 653 276 715 igni
292 654 320 711 ¹,
346 651 471 700 vidit
506 651 666 699 subito
702 650 1006 712 intempestae
1042 648 1195 696 noctis
1228 646 1421 695 silentio
1454 645 1925 710 adpropinquantem

174 735 270 782 sibi
306 734 580 782 hominem²
614 733 780 781 vultus
825 731 1115 794 habitusque
1157 729 1422 792 incogniti:
1471 746 1613 793 quem
1648 729 1831 787 videns,
1869 736 1926 776 ut

173 817 394 880 ignotum
430 821 479 864 et
513 814 831 878 inopinatum,
860 829 957 860 non
992 829 1167 875 parum
1197 811 1410 874 expavit.
1480 810 1550 858 At
1584 810 1668 859 ille
1699 810 1926 858 accedens

175 898 405 947 salutavit
445 914 568 957 eum,
613 903 661 944 et
706 895 1039 958 interrogavit,
1089 911 1237 957 quare
1275 894 1369 941 ,illa
1416 893 1546 951 hora,
1590 893 1775 941 caeteris
1823 892 1926 955 qui-

175 981 446 1029 escentibus
483 986 531 1028 et
564 980 664 1027 alto
700 994 869 1041 sopore
903 977 1095 1040 pressis,
1132 976 1262 1025 solus
1296 976 1400 1039 ipse
1441 980 1640 1024 moestus
1681 976 1732 1022 in
1767 975 1928 1038 lapide

175 1063 383 1127 pervigil
416 1062 614 1110 sederet.
708 1060 778 1108 At
818 1059 903 1107 ille
934 1057 1146 1106 vicissim
1184 1058 1530 1118 sciscitabatur,
1567 1058 1685 1122 quid
1720 1059 1781 1105 ad
1816 1075 1927 1106 eum

174 1146 449 1207 pertineret,
477 1151 643 1191 utrum
678 1143 780 1206 ipse
815 1141 948 1190 intus
983 1158 1045 1189 an
1080 1140 1199 1189 foris
1232 1144 1423 1189 noctem
1458 1141 1762 1203 transigeret.
1830 1140 1928 1201 Qui

176 1227 464 1292 respondens
491 1227 589 1275 ait:
628 1232 639 1254 ‘
656 1227 705 1273 N
707 1243 732 1274 e
756 1243 834 1274 me
861 1225 1067 1274 aestimes
1091 1230 1189 1272 tuae
1213 1223 1457 1272 moestitiae
1482 1227 1530 1272 et
1550 1223 1926 1282 insomniorum,

175 1317 223 1358 et
262 1310 506 1358 forinsecae
541 1315 590 1357 et
627 1308 856 1357 solitariae
899 1307 1122 1357 sessionis
1163 1323 1357 1355 causam
1392 1306 1603 1354 nescire:
1654 1305 1750 1354 scio
1797 1305 1927 1354 enim

175 1393 436 1441 certissime
485 1391 570 1455 qui
618 1409 679 1451 es,
723 1395 772 1440 et
818 1407 968 1455 quare
1016 1406 1200 1448 moeres,
1244 1394 1293 1437 et
1338 1405 1448 1451 quae
1489 1394 1694 1436 ventura
1735 1388 1829 1436 tibi
1874 1387 1928 1435 in

175 1476 397 1539 proximo
421 1476 549 1522 mala
570 1475 814 1522 formidaS.
887 1474 982 1524 Sed
1007 1473 1154 1521 dicito
1179 1471 1301 1520 mihi
1324 1471 1443 1535 quid
1475 1470 1647 1519 mercis
1671 1470 1784 1518 dare
1808 1470 1928 1518 velis

176 1557 231 1614 ei,
281 1557 321 1603 si
369 1556 452 1620 qui
491 1557 567 1616 sit,
618 1556 701 1619 qui
748 1556 823 1603 his
869 1562 919 1604 te
965 1553 1250 1602 moeroribus
1297 1552 1531 1611 absolvat,
1580 1557 1629 1600 et
1676 1551 1927 1600 Redualdo

175 1639 387 1698 suadeat,
413 1645 470 1686 ut
493 1656 580 1687 nec
603 1639 705 1702 ipse
729 1639 822 1687 tibi
847 1638 1033 1701 aliquid
1064 1637 1179 1684 mali
1211 1635 1371 1695 faciat,
1397 1652 1486 1683 nec
1505 1635 1608 1683 tuis
1622 1641 1680 1683 ²te
1711 1634 1929 1682 hostibus

175 1722 512 1784 perimendum
549 1722 742 1770 tradat.'
813 1721 912 1782 Qui
947 1738 1059 1769 cum
1090 1737 1142 1768 se
1178 1719 1476 1782 omnia-quae
1505 1721 1678 1781 posset,
1705 1717 1818 1764 huic
1841 1716 1929 1764 tali

176 1821 266 1867 pro
313 1804 528 1851 mercede
570 1802 789 1851 beneficii
830 1804 1059 1851 daturum
1096 1818 1197 1849 esse
1235 1801 1558 1863 responderet,
1598 1799 1773 1862 adjecit
1809 1798 1891 1847 ille
1903 1815 1926 1846 1:

178 1892 189 1913 ⁶
209 1886 342 1947 Quid
373 1886 416 1934 si
444 1885 591 1933 etiam
616 1903 778 1949 regem
800 1889 850 1933 te
882 1886 1103 1933 futurum
1129 1883 1383 1932 exstinctis
1407 1881 1628 1931 hostibus
1653 1882 1703 1928 in
1727 1881 1930 1929 veritate

175 1969 442 2032 promittat,
478 1968 550 2016 ita
583 1972 641 2016 ut
679 1985 777 2015 non
816 1968 973 2016 solum
1015 1983 1179 2015 omnes
1216 1970 1330 2014 tuos
1370 1965 1723 2029 progenitores,
1761 1964 1844 2011 sed
1882 1971 1931 2012 et

177 2068 343 2099 omnes
372 2051 456 2115 qui
484 2056 596 2100 ante
630 2055 680 2099 te
716 2067 852 2112 reges
888 2050 940 2097 in
971 2055 1115 2114 gente
1147 2048 1423 2112 Anglorum
1446 2047 1660 2106 fuerant,
1686 2051 1930 2110 potestate

176 2133 485 2182 transcendas
501 2133 538 2181 [Γ
609 2133 686 2182 At
712 2133 918 2181 AEduini
943 2131 1242 2181 constantior
1269 2130 1612 2193 interrogando
1637 2130 1807 2188 factus,
1833 2147 1930 2178 non

177 2216 426 2264 dubitavit
458 2216 755 2279 promittere,
791 2215 911 2279 quin
946 2214 991 2263 ei
1026 2214 1111 2277 qui
1146 2218 1285 2261 tanta
1319 2212 1415 2260 sibi
1446 2210 1679 2260 beneficia
1713 2211 1930 2267 donaret,

177 2299 338 2363 dignis
373 2299 476 2362 ipse
511 2299 780 2361 gratiarum
804 2298 1077 2346 actionibus
1100 2297 1424 2360 responderet.
1496 2296 1621 2342 Tum
1645 2295 1728 2342 ille
1751 2293 1896 2342 tertio
1919 2311 1930 2340 :

180 2387 191 2406 ‘
209 2382 262 2430 Si
297 2381 487 2440 autem,'
522 2381 700 2444 inquit,
738 2380 808 2428 ‘is
847 2380 931 2444 qui
971 2379 1063 2428 tibi
1104 2383 1242 2427 tanta
1287 2378 1500 2441 taliaque
1535 2377 1662 2425 dona
1696 2376 1931 2426 veraciter

178 2465 447 2513 adventura
481 2462 774 2526 praedixerit,
801 2463 950 2511 etiam
983 2461 1241 2510 consilium
1272 2460 1365 2508 tibi
1400 2464 1497 2508 tuae
1529 2460 1698 2508 salutis
1729 2477 1783 2508 ac
1814 2459 1929 2507 vitae

181 2546 352 2594 melius
398 2549 545 2608 atque
591 2544 758 2592 utilius
813 2561 960 2607 quam
1015 2543 1191 2606 aliquis
1245 2542 1305 2590 de
1357 2542 1458 2590 tuis
1508 2541 1790 2606 parentibus
1823 2544 1931 2587 *aut

179 2627 396 2692 cognatis
435 2643 647 2690 unquam
687 2626 893 2685 audivit,
940 2626 1192 2674 ostendere
1232 2624 1462 2688 potuerit,
1499 2641 1616 2672 num
1658 2623 1703 2672 ei
1750 2623 1929 2671 obtem-

179 2727 360 2776 perare,
409 2716 458 2758 et
504 2709 691 2756 monita
737 2711 838 2772 ejus
892 2708 1123 2756 salutaria
1173 2707 1416 2770 suscipere
1461 2706 1701 2755 consentis
1714 2705 1756 2753 ‘2’
1828 2704 1930 2753 Nec

180 2792 375 2842 distulit
430 2791 637 2839 AEduinj
684 2791 803 2854 quin
857 2790 1084 2839 continuo
1137 2789 1448 2853 polliceretur
1491 2790 1552 2836 'in
1606 2788 1828 2836 omnibus
1880 2802 1930 2833 se

181 2883 458 2925 secuturum
495 2873 764 2922 doctrinam
799 2872 947 2932 illius,
984 2872 1069 2935 qui
1103 2888 1154 2920 se
1188 2876 1265 2921 tot
1299 2889 1354 2920 ac
1387 2872 1537 2920 tantis
1572 2868 1929 2919 calamitatibus

182 2965 416 3021 ereptum,
453 2956 514 3003 ad
550 2955 686 3018 regni
722 2955 904 3018 apicem
940 2954 1235 3018 proveheret.
1309 2954 1417 3015 Quo
1458 2959 1654 3016 accepto
1689 2964 1926 3012 responso,

182 3039 434 3091 confestim
470 3037 512 3085 is
547 3037 631 3101 qui
667 3037 953 3100 loquebatur
988 3054 1096 3085 cum
1132 3053 1201 3096 eo,
1238 3036 1472 3101 imposuit
1511 3035 1756 3083 dexteram
1793 3046 1928 3077 suam

237 3150 249 3173 ¹
282 3163 383 3191 caeco
417 3154 647 3201 carperetur
675 3148 783 3202 iyni]
821 3148 882 3189 cf.
910 3147 1030 3200 Virg.
1085 3161 1203 3201 poses
1239 3147 1335 3187 that
1372 3146 1455 3186 this
1484 3157 1568 3184 was
1596 3141 1796 3181 Paulinus
1823 3139 1929 3178 him-

185 3206 286 3248 AEn.·
304 3205 359 3243 iv.
384 3217 418 3244 2.
1085 3203 1173 3252 self,
1196 3202 1299 3247 who,
1328 3202 1381 3240 he
1410 3199 1676 3250 conjectures,
1699 3208 1795 3248 may
1822 3194 1928 3233 have

237 3259 253 3282 ²
281 3258 501 3314 hominem]
551 3257 690 3306 Hook,
728 3257 757 3299 i.
799 3268 888 3308 100,
937 3270 1031 3313 sup·
1084 3258 1190 3301 been
1208 3260 1253 3297 at
1272 3252 1506 3297 Redwald's
1524 3255 1651 3292 court.
