2216 3554
624 165 670 214 U
670 165 1108 214 wiremuthensium
1142 172 1184 213 et
1220 155 1597 230 Gyruuensium.
1878 170 1975 215 387

225 275 391 324 eadem
439 281 760 341 utrorumque
806 275 1060 326 sententia.
1132 274 1347 340 Eligitur
1393 275 1559 339 itaque
1607 275 1753 324 abbas
1801 274 1975 326 Huaet-

223 358 405 419 bertus,
432 359 516 423 qui
541 376 569 408 a
603 359 774 423 primis
808 357 1027 423 pueritiae
1062 357 1363 422 temporibus
1396 358 1565 405 eodem
1597 357 1650 405 in
1684 359 1977 408 monasterio

223 456 322 488 non
364 442 519 491 solum
560 428 797 507 regularis
837 441 1146 491 observantia
1186 434 1453 504 disciplinae
1496 439 1768 499 institutus,
1806 442 1889 490 sed
1930 444 1979 490 et

222 524 477 584 scribendi,
503 524 743 584 cantandi,
769 518 965 589 legendi
1001 540 1056 572 ac
1091 522 1295 572 docendi
1330 522 1490 570 fuerat
1524 539 1622 570 non
1656 540 1807 586 parva
1842 541 1980 573 exer-

222 609 402 658 citatus
432 609 685 658 industria.
755 609 966 658 Romam
998 624 1189 673 quoque
1221 606 1520 671 temporibus
1543 607 1697 655 beatae
1733 608 1977 658 memoriae

225 691 384 755 Sergii
419 709 558 757 papae
597 708 862 750 accurrens,
903 696 952 740 et
994 708 1090 738 non
1131 706 1281 755 parvo
1319 689 1500 737 ibidem
1541 689 1776 753 temporis
1819 692 1977 755 spatio

223 773 516 834 demoratus,
547 791 750 839 quaeque
785 774 880 823 sibi
913 774 1177 823 necessaria
1206 771 1470 836 judicabat,
1497 771 1684 832 didicit,
1710 773 1975 837 descripsit,

222 858 422 919 retulit3
470 858 667 923 insuper
705 863 754 906 et
795 858 1049 906 duodecim
1087 860 1200 905 ante
1241 855 1345 904 haec
1385 871 1534 903 annos
1575 855 1864 919 presbyterii
1905 863 1978 906 est

222 940 418 989 functus
459 940 625 989 officio.
697 940 797 989 Hic
836 941 989 1006 igitur
1024 939 1201 988 electus
1242 937 1390 987 abbas
1431 938 1492 986 ab
1531 937 1754 986 omnibus
1797 938 1980 988 utrius·

222 1039 317 1086 que
351 1023 544 1086 praefati
580 1023 858 1072 monasterii
898 1022 1148 1082 fratribus,
1185 1020 1352 1070 statim
1391 1020 1651 1085 assumptis
1689 1038 1852 1071 secum
1890 1022 1977 1070 ali-

222 1105 399 1168 quibus
436 1105 661 1165 fratrum,
699 1106 836 1154 venit
881 1106 944 1154 ad
981 1105 1206 1153 abbatem
1249 1103 1553 1153 Oeolfridum
1601 1121 1795 1153 cursum
1842 1104 1978 1152 navis

221 1204 318 1251 qua
355 1205 586 1237 oceanum
620 1188 853 1237 transiret
889 1190 1255 1252 expectantem:
1305 1203 1450 1251 quem
1482 1187 1723 1250 elegerant
1755 1187 1979 1235 abbatem

221 1270 483 1320 nuntiant:
556 1272 661 1319 Deo
715 1270 913 1335 gratias,
960 1270 1226 1334 respondit,
1274 1270 1555 1319 electionem
1612 1270 1880 1328 confirmat,
1929 1273 1980 1318 et

221 1353 680 1403 commendatoriam
725 1355 787 1403 ab
834 1370 890 1402 eo
938 1353 1193 1418 epistolam
1239 1352 1503 1417 apostolico
1549 1370 1690 1417 papae
1740 1352 1977 1417 Gregorio

220 1437 528 1486 deferendam
560 1436 800 1501 suscepit:
850 1438 999 1500 cujus,
1038 1436 1283 1485 memoriae
1320 1452 1475 1496 causa,
1509 1435 1792 1498 putavimus
1830 1434 1979 1485 etiam

219 1519 273 1566 in
296 1519 387 1568 hoc
410 1537 552 1584 opere
576 1538 742 1570 versus
766 1520 951 1584 aliquot
975 1537 1076 1568 esse
1099 1519 1360 1584 ponendos.

292 1603 532 1652 ‘Domino
566 1602 619 1651 in
656 1602 868 1651 Domino
901 1602 1208 1652 dominorum
1237 1601 1566 1661 dilectissimo,
1599 1606 1769 1666 terque
1800 1601 1978 1650 beatis-

218 1684 342 1734 simo
374 1703 514 1750 papae
539 1685 781 1750 ,Gregorio
796 1687 827 1746 1,
854 1685 1174 1735 Huaetbertus
1206 1684 1405 1733 humilis
1437 1701 1604 1733 servus
1628 1688 1803 1745 vester,
1829 1684 1978 1733 abbas

219 1769 424 1817 coenobii
470 1769 736 1818 beatissimi
789 1769 1120 1833 apostolorum
1175 1767 1410 1831 principis
1458 1767 1598 1816 Petri
1652 1768 1704 1816 in
1750 1767 1976 1828 saxonia,

217 1857 501 1916 perpetuam
533 1854 586 1902 in
617 1854 829 1902 Domino
866 1853 1086 1902 salutem.
1159 1851 1357 1901 Gratias
1396 1868 1537 1914 agere
1576 1868 1675 1899 non
1713 1869 1842 1901 cesso
1878 1852 1975 1901 dis-

217 1936 491 1999 pensationi
538 1936 737 2001 superni
783 1936 1031 1996 examinis,
1075 1952 1175 1984 una
1222 1952 1334 1984 cum
1382 1935 1563 1984 sanctis
1609 1935 1845 1983 fratribus
1893 1935 1978 2000 qui

218 2037 406 2069 mecum
452 2020 505 2068 in
545 2019 622 2069 his
659 2020 776 2069 locis
823 2020 886 2069 ad
933 2019 1273 2069 inveniendam
1320 2018 1536 2083 requiem
1575 2018 1828 2068 animabus
1875 2018 1978 2069 suis

217 2102 556 2152 suavissimum
584 2102 773 2152 Christi
799 2105 980 2168 jugum
1010 2107 1206 2167 portare
1239 2101 1529 2161 desiderant,
1556 2101 1688 2164 quod
1716 2105 1766 2151 te
1795 2103 1979 2152 nostris

218 2186 516 2249 temporibus
538 2191 640 2234 tam
662 2186 935 2250 glorificum
961 2186 1207 2235 electionis
1231 2201 1316 2234 vas
1339 2183 1567 2248 regimini
1591 2185 1743 2232 totius
1768 2185 1979 2234 ecclesiae

217 2268 463 2332 praeficere
488 2269 717 2334 dignatus
742 2275 829 2328 est,
850 2269 1079 2334 quatinus
1103 2285 1190 2332 per
1213 2267 1304 2316 hoc
1328 2284 1424 2332 quo
1447 2266 1550 2330 ipse
1574 2266 1789 2331 impleris
1812 2269 1978 2317 lumen

218 2351 440 2400 veritatis
479 2355 529 2400 et
569 2351 694 2412 fidei,
734 2352 882 2400 etiam
929 2352 1137 2400 minores
1176 2366 1391 2414 quosque
1437 2349 1622 2398 affatim
1662 2335 1836 2415 jub'are
1877 2369 1977 2402 suae

216 2434 415 2498 pietatis
455 2441 745 2499 aspergeret.
817 2434 1225 2484 Commendamus
1260 2439 1424 2483 autem
1457 2439 1558 2482 tuae
1594 2438 1773 2484 sanctae
1806 2437 1977 2502 benig-

217 2516 380 2577 nitati,
426 2517 737 2566 dilectissime
798 2517 851 2566 in
906 2518 1103 2568 Christo
1143 2522 1283 2581 pater
1327 2522 1377 2565 et
1422 2516 1628 2579 domine,
1678 2521 1976 2570 venerabiles

216 2600 371 2663 patris
413 2601 570 2650 nostri
612 2601 916 2650 dilectissimi
956 2617 1113 2660 canos,
1147 2599 1382 2650 Geolfridi
1419 2600 1645 2650 videlicet
1687 2602 1887 2663 abbatis,
1922 2620 1977 2652 ac

217 2683 474 2732 nutritoris
521 2683 797 2749 tutorisque
844 2687 1023 2733 nostrae
1071 2682 1343 2748 spiritualis
1389 2682 1442 2731 in
1499 2684 1768 2733 monastica
1814 2686 1977 2749 quiete

216 2763 458 2814 libertatis
490 2769 540 2814 et
570 2765 716 2830 pacis.
788 2766 856 2815 Et
890 2766 1104 2831 primum
1138 2766 1336 2831 quidem
1365 2766 1548 2831 gratias
1580 2767 1770 2831 agimus
1798 2774 1976 2818 sanctae

218 2851 268 2895 et
301 2847 569 2897 individuae
602 2847 846 2910 Trinitati‚
879 2850 1009 2913 quod
1042 2848 1145 2914 ipse
1178 2849 1269 2898 etsi
1300 2866 1397 2898 non
1429 2849 1534 2898 sine
1566 2851 1777 2899 maximo
1809 2857 1975 2900 nostro

216 2930 393 2990 dolore,
419 2930 620 2994 gemitu,
646 2931 795 2991 luctu,
820 2949 875 2981 ac
897 2932 1234 2996 prosecutione
1257 2932 1566 2981 lacrimarum
1591 2950 1620 2981 a
1652 2932 1791 2981 nobis
1823 2934 1945 2983 abiit
1957 2951 1973 2995 3

216 3011 280 3060 ad
320 3029 420 3061 suae
455 3016 620 3062 tamen
654 3013 741 3062 diu
777 3014 1063 3063 desideratae
1103 3014 1281 3079 quietis
1312 3015 1491 3080 gaudia
1523 3021 1686 3064 sancta
1718 3014 1971 3078 pervenit:

216 3091 334 3141 dum
367 3108 424 3140 ea
456 3109 564 3158 quae
592 3094 820 3156 juvenem
852 3109 902 3142 se
934 3092 1124 3154 adiisse,
1147 3092 1326 3143 vidisse
1357 3099 1504 3159 atque
1537 3094 1760 3142 adorasse
1787 3109 1976 3159 semper

562 3229 577 3254 ¹
607 3229 820 3284 G'reyorio]
849 3230 1074 3284 Gregorius
1093 3231 1156 3281 II,
1177 3246 1295 3286 pope,
1315 3243 1403 3272 Λα).
1429 3239 1629 3284 715-731.

1033 3316 1061 3351 O
1085 3319 1112 3350 Ο
1136 3316 1163 3351 2
