2216 3554
752 247 995 296 Elenchus
1033 245 1280 312 Capillum.

871 443 1053 483 LIBER
1081 442 1146 485 ΙΙ.

129 529 213 553 CAP-

129 586 166 626 Ι.
196 587 262 626 De
280 586 396 626 obitu
415 585 528 626 beati
547 598 665 638 papae
685 583 878 636 Gregorii

130 661 193 701 ΙΙ.
223 663 288 703 Ut
314 662 577 714 Augustinus
605 661 854 700 Brettonum
883 659 1091 712 episcopos
1118 672 1192 711 pro
1220 671 1322 710 pace
1349 658 1567 705 catholica,
1595 659 1725 698 etiam

293 717 490 756 miraculo
509 716 662 756 caelesti
680 729 817 755 coram
831 715 889 754 eis
909 714 1277 761 facto,monue11t
1308 726 1454 766 quaeve
1472 713 1566 754 illos
1584 728 1725 767 spern-

1766 248 1887 297 xxiii

1788 526 1888 550 PAGE

1837 583 1887 621 82

295 776 412 811 entes
431 771 534 811 ultio
554 776 696 811 secuta
714 771 769 810 sit
1837 768 1889 821 89

131 847 219 888 III.
250 848 316 888 Ut
343 848 453 887 idem
482 847 703 887 Mellitum
726 859 775 886 ac
802 847 834 888 J
836 849 976 885 ustum
1009 845 1220 938 episcopos
1248 844 1419 895 fecerit3
1457 849 1501 885 et
1530 845 1581 885 de
1610 844 1727 885 obitu

294 902 385 954 ejus
790 931 801 940 .
816 930 826 940 .
1010 929 1020 938 .
1230 929 1241 938 .
1252 929 1262 939 .
1449 930 1457 938 .
1833 910 1888 952 94

130 979 213 1019 IV
241 978 307 1020 Ut
335 978 587 1018 Laurentius
624 991 718 1017 cum
755 977 1000 1031 coepiscopis
1029 976 1115 1015 suis
1144 975 1307 1016 Scottos
1340 976 1545 1016 unitatem
1575 980 1728 1016 sanctae

293 1034 486 1079 ecclesiae,
507 1037 550 1072 et
568 1033 748 1072 maxime
766 1033 810 1071 in
829 1033 980 1084 pascha
999 1031 1254 1072 observando
1271 1032 1388 1083 sequi
1407 1032 1616 1072 monuerit
1631 1045 1642 1081 ;
1681 1035 1724 1071 et

293 1092 342 1127 ut
361 1088 554 1127 Mellitus
574 1088 752 1127 Romam
773 1087 935 1127 venerit
1837 1085 1890 1139 96

132 1157 188 1197 V.
217 1158 280 1198 Ut
299 1157 503 1197 defunctis
525 1157 784 1196 AEdilbercto
813 1160 856 1196 et
886 1156 1083 1196 Sabercto
1102 1155 1282 1207 regibus,
1306 1169 1557 1195 successores
1583 1169 1725 1195 eorum

293 1212 530 1252 idolatriam
547 1211 844 1259 resuscitarint,
858 1211 910 1251 ob
930 1212 1040 1263 quod
1061 1214 1103 1250 et
1123 1211 1315 1250 Meffitus
1333 1224 1383 1250 ac
1402 1211 1433 1251 J
1437 1214 1555 1251 ustus
1574 1225 1599 1250 a
1615 1211 1728 1250 Brit-

293 1267 410 1307 tania
424 1268 686 1307 discesserint
803 1296 814 1304 .
1237 1293 1248 1304 .
1259 1294 1269 1303 .
1677 1295 1687 1304 .
1703 1295 1712 1304 .
1838 1278 1893 1320 99

131 1336 214 1378 VI.
242 1337 307 1378 Ut
333 1340 546 1389 correptus
565 1333 619 1377 ab
638 1336 825 1389 apostolo
853 1336 980 1375 Petro
1011 1335 1266 1375 Laurentius
1285 1295 1570 1375 AEodbaidlum
1589 1348 1729 1387 regem

296 1392 351 1431 ad
378 1393 591 1432 Christum
629 1392 890 1439 converterit,
922 1390 996 1443 qui
1024 1404 1121 1430 mox
1150 1390 1367 1430 Mellitum
1396 1394 1439 1430 et
1468 1391 1499 1431 J
1504 1394 1644 1430 ustum
1673 1390 1727 1430 ad

295 1447 606 1499 praedicandum
632 1446 890 1486 revocaverit
1815 1456 1893 1496 103

131 1516 238 1558 VII.
268 1516 334 1557 Ut
357 1517 548 1556 Mellitus
575 1516 787 1569 episcopus
815 1515 1004 1555 flammas
1030 1514 1216 1554 ardentis
1244 1528 1329 1554 suae
1355 1514 1542 1555 civitatis
1571 1514 1739 1554 orando·

294 1572 534 1611 restinxerit
583 1600 593 1609 .
609 1600 618 1609 .
1815 1581 1893 1619 104

132 1641 267 1680 VIII.
294 1640 360 1681 Ut
378 1639 611 1679 Bonifatius
630 1652 739 1692 papa
757 1640 788 1679 J
791 1642 885 1679 usto
903 1641 1123 1679 successori
1144 1638 1232 1691 ejus
1251 1639 1427 1691 pallium
1448 1642 1491 1678 et
1510 1639 1727 1692 epistolam

294 1695 456 1734 miserit
1816 1693 1894 1734 106

131 1764 215 1804 IX.
246 1764 313 1803 De
338 1763 513 1814 imperio
531 1762 642 1814 regis
661 1762 850 1812 AEduini,
873 1766 916 1801 et
942 1765 990 1801 ut
1016 1763 1186 1802 veniens
1212 1763 1266 1802 ad
1293 1762 1665 1814 evangelizandum
1689 1763 1729 1802 ei

296 1819 500 1857 Paulinus
528 1818 661 1868 primo
691 1816 820 1856 filiam
847 1817 938 1869 ejus
963 1831 1058 1857 cum
1084 1818 1191 1864 aliis,
1212 1818 1309 1857 fidei
1329 1818 1572 1857 Christianae
1598 1831 1729 1857 sacra-

292 1873 445 1913 mentis
463 1873 661 1912 imbuerit
1815 1874 1892 1913 108

130 1943 189 1982 X.
218 1943 283 1983 Ut
294 1955 419 2036 {1ng
438 1941 675 1982 Bonifatius
697 1941 889 1981 eumdem
908 1955 1048 1994 regem
1075 1941 1211 1981 missis
1235 1941 1371 1981 literis
1391 1941 1447 1981 sit
1466 1941 1657 1981 hortatus
1675 1942 1728 1980 ad
1817 2007 1891 2036 HI

130 2067 215 2106 XI.
244 2066 307 2107 Ut
333 2066 555 2118 conjugem
581 2065 722 2118 ipsius,
741 2079 816 2118 per
842 2062 1071 2118 epistolam,
1091 2066 1238 2106 salutis
1256 2065 1369 2106 illius
1398 2065 1585 2105 sedulam
1608 2078 1730 2117 agere

295 2135 436 2161 curam
456 2121 663 2160 monuerit
1815 2131 1832 2159 1
1845 2132 1860 2159 1
1870 2132 1892 2172 5

131 2192 240 2232 XII.
272 2191 335 2233 Ut
354 2191 546 2236 AEduini‚
563 2204 638 2243 per
656 2190 861 2230 visionem
883 2191 1093 2244 quondam
1116 2191 1195 2231 sibi
1221 2191 1335 2230 exuli
1361 2194 1581 2237 ostensam,
1601 2189 1656 2230 sit
1677 2189 1731 2229 ad

295 2246 549 2287 credendum
568 2250 815 2297 provocatus
1816 2255 1832 2283 1
1845 2252 1894 2296 17

133 2316 268 2357 XIII.
297 2316 431 2364 Quale
459 2315 678 2354 consilium
715 2314 827 2354 idem
865 2328 960 2354 cum
995 2315 1244 2378 primatibus
1273 2314 1359 2354 suis
1387 2314 1439 2353 de
1467 2313 1732 2367 percipienda

295 2370 608 2466 {viglIestChristin
577 2369 796 2419 habuerit3
826 2373 869 2409 et
895 2374 943 2410 ut
968 2370 1156 2424 pontifex
1184 2371 1276 2422 ejus
1301 2383 1397 2409 suas
1421 2383 1514 2409 aras
1541 2369 1889 2463 profana-121

135 2496 261 2536 XIV.
290 2496 356 2536 Ut
391 2495 503 2534 idem
531 2493 710 2534 AEduini
749 2508 845 2533 cum
882 2508 957 2535 sua
989 2499 1114 2547 gente
1142 2453 1275 2535 fidelis
1303 2494 1358 2534 sit
1385 2493 1545 2540 factus;
1585 2496 1628 2533 et
1657 2493 1730 2533 ubi

299 2550 500 2590 Paulinus
528 2549 804 2602 baptizaverit
1047 2580 1055 2588 .
1458 2578 1489 2588 ..
1817 2559 1896 2599 124

135 2620 236 2659 XV.
264 2619 330 2660 Ut
348 2619 559 2671 provincia
571 2619 849 2659 Orientalium
869 2618 1104 2671 Anglorum
1124 2618 1250 2658 fidem
1262 2579 1418 2658 Christi
1434 2617 1712 2670 susceperit..
1817 2616 1894 2656 126

135 2689 264 2730 XVI.
294 2688 358 2728 Ut
378 2688 578 2728 Paulinus
606 2688 650 2727 in
675 2688 887 2740 provincia
914 2684 1096 2728 Lindissi
1121 2688 1432 2741 praedicaverit3
1463 2691 1506 2727 et
1525 2688 1577 2727 de
1597 2687 1730 2739 quali-

299 2747 390 2782 tate
409 2743 526 2795 regni
546 2743 724 2782 AEduini
800 2771 833 2782 ..
1456 2771 1467 2780 .
1482 2772 1491 2781 .
1678 2771 1689 2779 .
1705 2770 1714 2780 .
1817 2748 1894 2792 127

135 2812 382 2853 XV11.U1;
400 2812 512 2852 idem
530 2812 583 2852 ab
601 2812 789 2852 Honorio
810 2826 916 2866 papa
935 2772 1249 2852 exhortatorias
1255 2772 1397 2852 literas
1417 2812 1634 2865 acceperit,
1658 2811 1732 2863 qui

300 2867 428 2907 etiam
446 2867 622 2906 Paulino
640 2868 812 2919 pallium
830 2867 1031 2907 miserit.
1818 2875 1834 2902 1
1845 2876 1893 2917 29

135 2936 314 2978 XVIII.
343 2937 408 2976 Ut
435 2934 660 2980 Honorius,
685 2936 758 2988 qui
776 2936 805 2976 J
811 2940 905 2976 usto
933 2936 979 2975 in
1007 2937 1290 2989 episcopatum
1313 2934 1639 2975 Dorovernensis
1667 2948 1727 2974 ec-

301 2991 436 3030 clesiae
475 2990 681 3040 successit,
709 2991 763 3030 ab
790 2991 932 3031 eodem
958 3005 1067 3045 papa
1094 2992 1284 3032 Honorio
1313 2991 1487 3043 pallium
1517 2995 1559 3030 et
1587 2990 1730 3028 literas

299 3046 503 3098 acceperit
580 3074 615 3083 ..
799 3075 834 3085 ..
1017 3075 1053 3086 ..
1241 3075 1272 3085 ..
1459 3075 1492 3086 ..
1678 3073 1713 3082 ..
1816 3052 1888 3092 131

136 3116 266 3158 XIX.
295 3116 361 3156 Ut
395 3116 525 3166 primo
564 3114 676 3154 idem
713 3115 940 3162 Honorius,
975 3118 1019 3155 et
1057 3119 1151 3169 post
1177 3115 1208 3155 J
1211 3115 1396 3155 ohannes
1423 3114 1584 3154 litteras
1609 3112 1728 3164 genti

301 3171 536 3211 Scottorum
555 3183 629 3222 pro
650 3170 800 3222 pascha
815 3170 939 3210 simul
959 3174 1002 3210 et
1021 3184 1096 3223 pro
1109 3171 1338 3223 Pelagiana
1356 3171 1501 3210 haeresi
1516 3167 1706 3207 miserint
1814 3177 1890 3215 133

136 3241 241 3283 XX.
274 3241 336 3283 Ut
369 3240 499 3280 occiso
526 3238 714 3279 AEduino
752 3239 955 3280 Paulinus
983 3240 1177 3280 Cantiam
1214 3240 1378 3280 rediens
1406 3237 1626 3279 Hrofensis
1665 3249 1728 3275 ec-

300 3295 432 3336 clesiae
451 3294 717 3349 praesulatum
735 3296 959 3348 susceperit
1291 3323 1301 3334 .
1484 3321 1495 3332 .
1510 3322 1520 3332 .
1705 3318 1738 3331 ..
1814 3287 1892 3341 136

975 3380 1053 3413 02
