2216 3554
598 141 922 191 Cudberthum
954 141 995 190 A
1004 142 1392 208 rohiepiscopum.
1771 154 1799 196 4
1810 154 1868 198 13

119 271 392 322 solidastis:
432 276 561 339 quod
585 280 838 340 aegrotum,
862 293 962 324 non
994 275 1227 324 sanastis:
1267 276 1396 339 quod
1420 277 1628 325 fractum
1655 283 1742 338 est,
1768 298 1868 328 non

118 355 401 427 alligastist‘
428 363 477 406 et
518 359 647 422 quod
687 359 940 428 abjectum,
983 374 1082 405 non
1123 357 1416 406 reduxistis:
1474 361 1603 423 quod
1643 361 1866 424 perierat,
1915 365 1919 370 ⁴

117 455 214 486 non
257 440 527 503 quaesistis:
588 442 671 490 sed
712 458 823 489 cum
860 440 1140 488 austeritate
1181 440 1503 504 imperabatis,
1548 448 1596 490 et
1635 460 1744 491 cum
1785 462 1870 507 po-

118 521 300 570 tentia:
349 526 398 570 et
432 523 658 587 dispersae
694 527 806 571 sunt
841 539 952 572 oves
990 539 1121 581 meae,
1147 526 1196 570 et
1220 522 1349 586 quod
1383 540 1482 570 non
1517 528 1640 572 esset
1673 531 1869 589 pastor:

119 608 166 652 et
198 605 336 653 factae
373 610 486 654 sunt
521 606 572 654 in
590 607 969 655 *devorationem
1005 605 1221 653 omnium
1256 604 1520 653 bestiarum
1556 607 1688 669 agri!
1760 609 1867 670 Vae,

119 688 246 749 quod
281 689 517 751 propheta
553 689 684 749 dicit,
717 706 807 752 pro
843 688 1096 736 maledicto
1131 687 1308 751 posuit.
1381 687 1473 735 Per
1507 693 1737 751 pastores,
1765 693 1869 755 epi-

118 784 283 830 scopos
330 770 596 833 significat:
656 787 827 834 greges
869 769 1084 829 Domini,
1126 770 1179 817 id
1226 773 1310 829 est,
1354 769 1517 817 fideles
1559 771 1761 834 populos
1809 773 1871 819 ad

116 852 422 912 pascendum.
494 853 589 901 Sed
630 853 912 916 semetipsos
947 856 1164 916 pascunt,
1193 853 1275 916 qui
1310 847 1613 916 non'populi
1649 853 1869 913 salutem,

117 933 202 980 sed
249 952 359 983 suas
401 936 676 983 voluntates
724 936 996 984 attendunt.
1070 934 1167 983 Lac
1205 941 1253 983 et
1294 935 1429 983 lanas
1467 935 1633 984 ovium
1669 935 1868 995 Christi,

117 1016 438 1066 oblationibus
463 1018 757 1081 quotidianis
781 1035 836 1066 ac
861 1018 1059 1066 decimis
1084 1018 1301 1066 fidelium
1325 1018 1610 1081 suscipiunt,
1629 1023 1681 1066 et
1706 1036 1871 1066 curam

115 1099 277 1161 gregis
293 1099 492 1148 Domini
516 1101 777 1163 deponunt,
837 1101 953 1148 Non
978 1106 1148 1149 sanant
1173 1101 1379 1164 spiritali
1399 1101 1597 1148 consilio
1622 1101 1871 1150 infirmum

116 1181 353 1243 peccatis:
403 1200 502 1230 non
537 1184 748 1232 solidant
785 1184 1070 1232 sacerdotali
1104 1202 1195 1247 ope
1231 1183 1437 1232 diversis
1472 1184 1871 1232 tribulationibus

115 1264 350 1323 fractum:
403 1283 500 1313 non
535 1273 759 1316 revocant
795 1284 1048 1316 erroneum
1075 1268 1136 1315 ad
1165 1267 1295 1316 viam
1332 1267 1530 1315 salutis:
1580 1285 1677 1315 non
1712 1268 1870 1331 requi-

116 1354 234 1396 runt
282 1348 586 1398 solicitudine
621 1350 854 1414 pastorali
890 1350 1046 1399 veniae
1077 1350 1180 1413 jam
1216 1350 1549 1413 desperatione
1590 1351 1869 1413 perditum:

116 1447 205 1478 nec
250 1431 450 1479 afflictos
491 1436 658 1480 contra
692 1432 972 1480 violentiam
1009 1437 1279 1496 potentum,
1318 1433 1402 1496 qui
1438 1432 1490 1479 in
1527 1449 1622 1491 eos,
1659 1433 1870 1481 ferarum

115 1529 262 1571 more,
311 1515 595 1574 desaeviunt,
645 1515 940 1564 defendunt:
1002 1533 1089 1563 nec
1136 1515 1313 1563 divites
1365 1520 1616 1578 peccantes
1662 1516 1738 1563 vel
1786 1533 1871 1578 po-

114 1598 270 1644 tentes
305 1614 401 1644 non
438 1599 592 1646 solum
621 1616 718 1645 non
751 1603 976 1662 arguunt,
1002 1599 1084 1646 sed
1109 1598 1256 1646 etiam
1279 1602 1591 1647 venerantur.
1663 1599 1729 1646 Et
1762 1598 1871 1647 ideo

114 1678 366 1728 minaciter
402 1682 676 1744 superbiam
710 1682 883 1729 talium
918 1698 1075 1730 sermo
1111 1681 1307 1729 divinus
1350 1680 1604 1729 contundit
1639 1681 1801 1730 dicens
1820 1682 1868 1731 ¹:

116 1761 231 1810 ‘Vae
253 1763 530 1825 pastoribus
555 1764 736 1812 Israel.’
807 1765 874 1811 Et
897 1764 1092 1812 iterum.
1154 1765 1440 1828 ‘Propterea
1464 1767 1681 1827 pastores
1705 1765 1871 1813 audite

114 1845 316 1894 verbum
366 1847 580 1896 Domini.
653 1848 775 1895 Haec
815 1848 935 1895 dicit
968 1846 1246 1895 Dominus:
1297 1847 1419 1895 Ecce
1455 1863 1543 1909 ego
1578 1845 1683 1909 ipse
1725 1863 1873 1911 super

115 1932 331 1991 pastores
354 1930 599 1993 requiram
624 1947 819 1995 gregem
852 1947 1014 1979 meum
1039 1930 1099 1978 de
1128 1946 1275 1977 manu
1301 1946 1482 1988 eorum,
1507 1934 1555 1976 et
1580 1945 1762 1977 cessare
1791 1947 1871 1978 eos

114 2010 301 2071 faciam,
349 2018 406 2060 ut
452 2013 583 2061 ultra
628 2031 726 2062 non
772 2018 974 2077 pascant
1020 2029 1228 2076 gregem,
1277 2029 1364 2060 nec
1411 2015 1615 2075 pascant
1661 2012 1870 2075 amplius

118 2094 426 2158 semetipsos.'
497 2096 639 2157 Quod
676 2096 795 2160 quid
831 2103 903 2146 est
939 2097 1084 2157 aliud,
1124 2113 1270 2160 quam
1306 2101 1539 2158 pastores,
1578 2095 1663 2158 qui
1698 2101 1870 2143 semet-

114 2177 244 2240 ipsos
280 2195 377 2226 non
406 2195 575 2242 greges
607 2185 826 2243 pascunt,
851 2182 910 2229 de
936 2180 1235 2229 sublimitate
1259 2178 1456 2227 honoris
1490 2179 1619 2226 inter
1641 2178 1870 2241 reprobos

114 2265 164 2309 et
198 2261 327 2311 inter
362 2262 642 2310 maledictos
676 2263 959 2326 projiciam?
1020 2262 1115 2312 Sed
1149 2262 1252 2310 haec
1287 2261 1451 2310 omnia
1494 2261 1602 2325 quis
1637 2278 1734 2308 non
1768 2265 1865 2309 tre·
1899 2270 1901 2273 ⁴

115 2344 302 2403 miscat‚
339 2344 435 2393 nisi
472 2343 557 2407 qui
591 2344 758 2393 futura
792 2362 891 2393 non
928 2345 1114 2394 credit‘l
1171 2344 1361 2404 Omnia,
1398 2361 1507 2407 quae
1542 2343 1678 2391 Deus
1712 2345 1871 2393 voluit

115 2426 379 2487 observari,
406 2433 509 2475 tam
533 2433 698 2491 aperte
721 2428 901 2491 posuit,
922 2434 971 2477 et
995 2429 1070 2477 sui
1095 2427 1305 2477 nominis
1331 2427 1618 2475 auctoritate
1642 2426 1869 2488 firmavit,

114 2515 171 2559 ut
196 2527 252 2559 ea
276 2511 466 2559 facilius
492 2510 640 2576 (quod
664 2511 798 2559 dictu
823 2528 1016 2575 quoque
1040 2511 1175 2559 nefas
1200 2508 1294 2576 est)
1321 2514 1697 2569 contemnamus,
1723 2527 1870 2574 quam

113 2610 200 2642 nos
233 2610 333 2641 non
367 2593 640 2656 intelligere
675 2598 777 2642 tam
812 2599 980 2658 aperta
1017 2599 1065 2642 et
1089 2593 1270 2653 divina,
1296 2591 1588 2652 mentiendo,
1613 2591 1867 2656 fingamus.

116 2677 368 2737 Quomodo
406 2677 696 2735 audivimus,
736 2677 883 2726 ‘Haec
924 2677 1044 2725 dicit
1084 2674 1278 2724 Deus'l'
1339 2674 1461 2736 Quis
1502 2675 1725 2722 futurum
1767 2693 1869 2725 esse

115 2776 213 2806 non
248 2759 411 2807 credat
445 2759 576 2822 quod
610 2758 730 2807 dicit
752 2749 902 2820 Deus,
929 2758 1021 2807 nisi
1058 2758 1143 2822 qui
1169 2759 1273 2807 Deo
1308 2772 1405 2806 non
1441 2757 1626 2805 credit?
1674 2757 1868 2807 Horum

115 2844 164 2889 et
199 2840 276 2914 bis
311 2840 546 2890 similium
582 2841 964 2890 consideratione
998 2841 1287 2906 perterritus
1322 2856 1462 2889 sum:
1513 2845 1561 2888 et
1586 2839 1795 2888 ‘timor2
1818 2845 1868 2890 et

112 2928 295 2973 tremor
317 2926 554 2972 venerunt
589 2940 733 2988 super
767 2941 843 2972 me
863 2942 874 2972 ι
891 2923 902 2942 '
951 2929 1000 2973 et
1033 2940 1155 2988 pene
1188 2927 1201 2950 ‘
1217 2925 1534 2972 contexerunt
1569 2939 1645 2970 me
1662 2922 1673 2940 ’
1700 2939 1867 2985 pecca-

113 3012 277 3055 torum
311 3022 532 3054 meorum
559 3010 570 3031 ‘
586 3005 824 3068 tenebrae‚'
849 3009 900 3054 et
922 3006 1069 3055 semel
1094 3011 1366 3070 susceptum
1391 3004 1767 3068 gubernaculum
1793 3023 1866 3055 ec-

115 3089 272 3139 clesiae
308 3088 528 3141 libuisset
559 3094 608 3137 et
641 3089 900 3154 placuisset
930 3089 1051 3137 mihi
1074 3089 1272 3138 omnino
1298 3087 1560 3146 dimittere,
1589 3086 1629 3134 si
1654 3087 1866 3137 valerem

113 3171 191 3221 vel
215 3171 433 3235 exempla
457 3171 657 3221 Patrum
680 3172 758 3221 vel
783 3171 1058 3237 Scripturas
1082 3187 1239 3222 sacras
1263 3173 1605 3220 consentaneas
1629 3168 1862 3222 invenire.

168 3280 184 3304 ¹
212 3280 364 3335 obicem]
395 3281 521 3323 Ezek.
540 3282 678 3324 xxxiv.
699 3294 738 3337 9,
763 3293 828 3324 10.
1069 3281 1086 3306 ²
1113 3281 1253 3338 timor]
1284 3280 1425 3322 Psalm
1442 3280 1498 3322 lv.
1519 3289 1556 3331 5.
