2216 3554
199 216 320 266 CAP.
345 213 475 283 XXI]
835 209 999 264 Gentis
1031 213 1315 274 Anylorwm.
1846 212 1943 257 347

196 349 567 414 quartadecima
596 349 697 397 dies
738 349 882 407 illius,
920 353 1274 412 exspectaretur
1314 360 1513 408 vespera
1555 342 1780 405 ejusdem.
1872 343 1943 390 Et

195 450 306 480 cum
339 433 440 480 haec
473 432 574 480 dies
603 431 656 479 in
685 432 937 479 sabbatum
969 431 1094 478 forte
1129 428 1370 486 inciderit,
1396 427 1587 474 tolleret
1610 424 1943 488 unusquisque

194 532 373 579 agnum
408 531 495 578 per
518 514 724 563 familias
761 518 810 562 et
845 514 1010 562 domos
1047 529 1170 572 suas,
1197 515 1246 559 et
1281 510 1556 558 immolaret
1592 525 1703 556 eum
1740 508 1802 555 ad
1837 524 1942 555 ves-

193 613 374 660 peram,
399 597 450 643 id
474 601 559 655 est,
578 599 906 660 praepararem:
929 611 1092 644 omnes
1116 593 1324 643 ecclesiae
1347 610 1434 657 per
1458 593 1635 651 orbem,
1663 607 1771 654 quae
1796 607 1943 638 unam

195 679 479 727 catholicam
504 679 703 738 faciunt,
720 672 900 743 ¹panem
926 682 975 726 et
998 678 1167 726 vinum
1191 676 1243 724 in
1267 675 1556 739 mysterium
1580 674 1735 722 carnis
1760 677 1810 721 et
1837 690 1942 720 san-

194 761 370 835 guinisx
385 761 500 825 agni
531 761 840 821 immaculati,
871 761 958 825 qui
992 760 1195 809 abstulit
1225 763 1420 824 peccata
1451 757 1650 806 mundi:
1688 762 1736 805 et
1767 773 1943 819 praece-

193 844 337 892 dente
362 860 572 907 congrua
599 843 879 902 lectionum,
905 844 1195 902 orationum,
1221 841 1614 890 caeremoniarum
1646 839 1943 902 paschalium

192 925 528 984 sollemnitate,
545 925 769 974 offerrent
792 926 896 974 haec
920 925 1132 973 Domino
1156 925 1209 972 in
1234 940 1367 987 spem
1391 923 1570 971 futurae
1596 938 1695 971 suae
1721 921 1940 984 redemp—
2003 937 2007 943 ·

192 1008 353 1056 tionis.
438 1007 552 1071 Ipsa
584 1013 656 1056 est
686 1009 816 1057 enim
848 1009 1015 1057 eadem
1046 1025 1144 1056 nox
1179 1007 1231 1054 in
1260 1024 1356 1070 qua
1388 1007 1446 1054 de
1480 1006 1693 1070 AEgypto
1722 1021 1809 1067 per
1833 1020 1942 1051 san-

192 1091 388 1155 guinem
411 1091 523 1154 agni
546 1090 815 1139 Israelitica
839 1092 975 1155 plebs
1000 1097 1164 1154 erepta
1188 1095 1261 1138 est
1279 1108 1293 1152 3
1332 1090 1437 1153 ipsa
1468 1090 1520 1136 in
1545 1107 1642 1153 qua
1674 1105 1760 1151 per
1783 1103 1942 1134 resur-

192 1174 453 1223 rectionem
489 1173 672 1223 Christi
708 1175 940 1223 liberatus
972 1180 1044 1223 est
1081 1193 1109 1223 a
1141 1177 1294 1222 morte
1328 1179 1509 1222 aeterna
1542 1171 1753 1235 populus
1786 1169 1942 1218 omnis

191 1257 301 1306 Dei.
372 1257 516 1305 Mane
540 1262 698 1305 autem
725 1257 1043 1305 inlucescente
1068 1257 1146 1305 die
1171 1256 1442 1315 Dominica,
1468 1255 1675 1319 primam
1707 1252 1941 1318 paschalis

191 1340 302 1388 festi
327 1340 454 1387 diem
479 1339 787 1388 celebrarent.
859 1341 973 1404 Ipsa
997 1346 1070 1388 est
1094 1339 1223 1388 enim
1249 1339 1351 1387 dies
1382 1339 1433 1386 in
1458 1355 1552 1402 qua
1575 1336 1941 1386 resurrectionis

192 1441 290 1472 suae
328 1422 530 1486 gloriam
567 1422 809 1472 Dominus
846 1423 1114 1471 multifario
1151 1422 1246 1486 piae
1282 1421 1594 1471 revelationis
1631 1420 1808 1484 gaudio
1844 1420 1941 1467 dis-

191 1506 364 1568 cipulis
399 1505 639 1568 patefecit.
711 1505 826 1569 Ipsa
861 1506 1021 1569 prima
1055 1505 1159 1554 dies
1188 1521 1482 1568 azymorum,
1509 1503 1567 1551 de
1599 1520 1696 1566 qua
1731 1502 1940 1550 multum

191 1588 420 1637 distincte
437 1588 489 1635 in
508 1587 724 1636 Levitico
744 1589 980 1652 scriptum
999 1589 1095 1636 est¹
1116 1606 1127 1636 ε
1165 1592 1192 1614 “
1210 1588 1376 1635 Mense
1391 1586 1562 1650 primo,
1582 1585 1941 1649 quartadecima

192 1670 272 1719 die
296 1671 486 1730 mensis,
514 1671 574 1718 ad
599 1688 858 1734 vesperam,
884 1672 1031 1735 phase
1064 1669 1264 1718 Domini
1293 1674 1378 1728 est,
1406 1675 1455 1717 et
1484 1668 1840 1732 quintadecima
1863 1667 1941 1715 die

190 1753 369 1801 mensis
394 1754 536 1816 hujus
562 1754 856 1802 sollemnitas
881 1771 1159 1818 azymorum
1184 1753 1386 1800 Domini
1411 1756 1497 1801 est.
1554 1752 1750 1814 Septem
1770 1751 1940 1799 diebus

191 1852 360 1899 azyma
396 1837 665 1885 comedetis.
739 1837 858 1885 Dies
892 1837 1081 1900 primus
1114 1837 1208 1885 erit
1243 1835 1579 1884 celeberrimus
1613 1834 1940 1897 sanctusque.’'

191 1918 244 1968 Si
282 1936 395 1982 ergo
420 1918 526 1967 fieri
561 1924 722 1983 posset
745 1923 803 1967 ut
831 1936 1018 1983 semper
1040 1919 1222 1967 indiem
1259 1919 1483 1982 quintum
1518 1917 1756 1965 decimum
1792 1916 1941 1980 primi

190 2003 381 2062 mensis,
406 2002 457 2049 id
494 2006 580 2061 est,
607 2002 658 2049 in
689 2002 856 2050 lunam
882 2001 1342 2066 quintamdecimam
1366 2000 1621 2047 Dominica
1644 1998 1747 2047 dies
1779 1999 1940 2047 incur-

189 2089 330 2143 reret,
361 2101 457 2131 uno
495 2101 685 2147 semper
712 2069 974 2148 eodemque
1005 2089 1223 2147 tempore
1257 2101 1368 2132 cum
1399 2083 1600 2146 antiquo
1625 2082 1718 2130 Dei
1742 2082 1938 2145 populo,

191 2183 467 2230 quanquam
502 2171 914 2216 sacramentorum
944 2184 1118 2231 genere
1147 2167 1370 2226 discreto,
1400 2166 1524 2214 sicut
1552 2182 1649 2213 una
1681 2166 1941 2228 eademque

190 2249 284 2297 fide
308 2250 484 2313 pascha
508 2249 747 2298 celebrare
778 2267 1038 2312 possemus.
1111 2249 1239 2310 Quia
1262 2266 1375 2297 vero
1409 2249 1509 2297 dies
1542 2249 1819 2311 septimanae
1843 2264 1941 2295 non

191 2331 369 2395 aequali
401 2349 510 2380 cum
542 2332 657 2380 luna
689 2333 885 2381 tramite
917 2332 1174 2396 procurrit,
1201 2331 1414 2380 decrevit
1442 2331 1701 2395 apostolica
1723 2330 1938 2390 traditio,

191 2431 299 2477 quae
335 2430 422 2476 per
453 2414 649 2461 beatum
681 2413 887 2462 Petrum
924 2415 1093 2462 Romae
1124 2414 1400 2477 praedicata,
1432 2430 1518 2477 per
1547 2413 1766 2462 Marcum
1798 2430 1937 2461 evan-

190 2496 415 2559 gelistam
450 2501 498 2543 et
533 2496 852 2559 interpretem
892 2496 1042 2560 ipsius
1083 2494 1398 2545 Alexandriae
1440 2496 1721 2544 confirmata
1762 2502 1848 2556 est,
1884 2502 1941 2545 ut

189 2579 475 2627 adveniente
507 2578 664 2641 primo
702 2596 878 2640 mense,
904 2579 1192 2628 adveniente
1224 2579 1277 2627 in
1310 2597 1363 2628 eo
1388 2597 1586 2643 vespera
1609 2579 1705 2628 diei
1735 2586 1941 2644 quartae-

190 2661 401 2720 decimae,
428 2665 733 2725 exspectetur
757 2662 902 2710 etiam
926 2663 1028 2710 dies
1063 2662 1331 2723 Dominica,
1354 2680 1383 2711 a
1407 2663 1765 2727 quintadecima
1788 2680 1940 2727 usque
1967 2663 1969 2666 ’

189 2745 249 2792 ad
291 2743 571 2792 vicesimam
609 2744 818 2807 primam
859 2744 986 2792 diem
1022 2745 1235 2807 ejusdem
1276 2745 1466 2794 mensis.
1538 2745 1602 2793 In
1639 2763 1939 2810 quacumque

189 2827 318 2875 enim
354 2827 528 2874 harum
564 2826 761 2874 inventa
794 2826 956 2885 fuerit,
991 2827 1165 2875 merito
1200 2828 1252 2875 in
1288 2845 1343 2876 ea
1377 2829 1555 2891 pascha
1590 2829 1937 2877 celebrabitur:

190 2910 306 2973 quia
330 2909 565 2956 nimirum
588 2908 690 2957 haec
715 2909 776 2956 ad
799 2925 1055 2956 numerum
1078 2910 1289 2973 pertinet
1311 2910 1506 2959 illarum
1531 2917 1715 2975 septem
1734 2911 1938 2970 dierum,

189 2992 365 3056 quibus
390 3009 558 3054 azyma
582 2991 811 3039 celebrari
830 2991 1076 3054 jubentur.
1136 2993 1311 3056 Itaque
1334 2993 1392 3041 fit
1410 2998 1467 3042 ut
1491 3011 1740 3058 nunquam
1763 2994 1939 3056 pascha

188 3081 409 3123 nostrum
450 3091 479 3122 a
514 3072 781 3137 septimana
816 3073 993 3121 mensis
1027 3073 1178 3137 primi
1211 3075 1358 3123 tertia
1392 3075 1444 3123 in
1480 3076 1716 3124 utramvis
1750 3077 1939 3137 partem

190 3157 427 3207 declinet:
476 3156 559 3205 sed
593 3156 671 3205 vel
711 3161 866 3204 totam
908 3172 1026 3215 eam,
1063 3156 1115 3205 id
1152 3163 1239 3217 est,
1275 3175 1440 3207 omnes
1482 3162 1666 3223 septem
1708 3156 1938 3221 legalium

705 3285 720 3310 ²
747 3287 946 3341 seriptum
973 3287 1050 3342 eet]
1072 3289 1174 3330 Lev.
1195 3288 1312 3330 xxiii.
1334 3301 1426 3343 5-7.
