2216 3554
285 151 384 197 284
862 147 1088 197 Historia
1123 148 1457 196 Eodesiastica
1682 150 1686 155 '
1810 146 1942 217 [Lm.
1958 163 2028 198 1v.

284 281 464 328 ducens
496 279 774 339 solitariam,
800 281 936 329 annis
968 280 1173 343 singulis
1208 296 1317 328 eum
1345 279 1544 327 visitare
1580 281 1629 327 et
1664 279 1848 328 monita
1882 280 1943 328 ab
1975 296 2031 327 eo

286 369 529 425 perpetuae
570 363 738 411 salutis
778 364 945 411 audire
986 363 1180 412 solebat.
1275 362 1373 410 Hic
1420 379 1530 409 cum
1575 362 1766 409 audiret
1815 380 1926 409 eum
1972 362 2032 409 ad

287 444 541 492 civitatem
575 445 926 508 Lugubaliam1
955 445 1215 505 devenisse,
1240 446 1376 494 venit
1411 462 1470 492 ex
1506 461 1652 503 more,
1678 445 1873 512 cupiens
1905 444 2032 491 salu-

287 527 473 575 taribus
503 530 606 590 ejus
630 527 1048 576 exhortationibus
1080 529 1141 576 ad
1175 545 1381 592 superna
1409 527 1645 576 desideria
1674 527 1826 589 magis
1859 526 2033 589 magis-

289 627 383 673 que
417 610 625 659 accendi.
711 610 808 671 Qui
844 611 962 657 dum
997 627 1097 658 sese
1132 611 1423 659 alterutrum
1459 609 1660 658 caelestis
1700 609 1814 657 vitae
1851 608 2035 672 poculis

289 693 579 753 debriarent,
616 692 745 741 dixit
780 693 907 741 inter
942 693 1037 741 alia
1078 693 1310 741 antistes:
1356 702 1366 718 ⁴
1385 693 1644 751 Memento,
1681 693 1833 739 frater
1880 691 2034 738 Here-

289 776 436 834 berct,
462 780 519 824 ut
549 775 691 823 modo
721 775 959 838 quidquid
995 792 1115 838 opus
1147 776 1306 835 habes,
1333 793 1409 824 me
1441 776 1722 838 interroges,
1751 789 2035 835 mecumque

288 858 502 920 loquaris
523 876 533 906 :
570 862 827 921 postquam
844 858 973 905 enim
992 859 1052 905 ab
1075 858 1282 906 invicem
1301 859 1505 921 digressi
1528 857 1774 915 fuerimus,
1790 873 1888 903 non
1907 855 2037 902 ultra

290 957 378 987 nos
402 940 453 987 in
476 940 567 988 hoc
591 941 765 987 saeculo
789 940 945 987 carnis
978 940 1227 988 obtutibus
1260 940 1466 989 invicem
1490 940 1788 1003 aspiciemus.
1863 938 2037 986 Certus

291 1039 397 1070 sum
424 1039 633 1085 namque
654 1023 784 1085 quod
812 1028 1004 1084 tempus
1036 1040 1153 1071 meae
1185 1023 1496 1072 resolutionis
1530 1023 1690 1081 instat,
1718 1029 1767 1070 et
1798 1020 1940 1069 velox
1964 1024 2037 1068 est

290 1105 528 1169 depositio
553 1105 852 1152 tabernaculi
876 1104 998 1153 mei.’
1070 1105 1168 1166 Qui
1191 1106 1294 1154 haec
1312 1105 1511 1154 audiens
1534 1105 1820 1168 provolutus
1839 1106 1912 1151 est
1936 1104 2037 1165 ejus

291 1188 521 1250 vestigiis,
558 1193 608 1235 et
642 1187 760 1234 fusis
796 1204 905 1235 cum
940 1188 1125 1252 gemitu
1158 1188 1384 1247 lacrimis,
1417 1187 1680 1246 ‘Obsecro‚'
1714 1186 1888 1250 inquit,
1924 1190 2039 1248 ‘per

291 1270 572 1328 Dominum,
605 1287 666 1317 ne
701 1287 777 1318 me
809 1271 1012 1329 deseras,
1043 1269 1126 1318 sed
1159 1270 1236 1318 tui
1271 1286 1452 1318 memor
1487 1271 1552 1318 sis
1587 1269 1811 1318 fidissimi
1842 1268 2036 1326 sodalis,

292 1370 525 1416 rogesque
557 1368 814 1415 supernam
844 1352 1091 1414 pietatem,
1117 1356 1173 1400 ut
1206 1352 1284 1400 cui
1316 1353 1460 1400 simul
1492 1353 1544 1399 in
1568 1352 1713 1400 terris
1737 1351 2038 1411 servivimus,

291 1437 352 1483 ad
388 1436 491 1498 ejus
525 1435 779 1483 videndam
815 1436 1021 1497 gratiam
1055 1435 1199 1482 simul
1234 1442 1536 1484 transeamus
1571 1435 1632 1483 ad
1668 1434 1821 1482 caelos.
1893 1433 2038 1482 Nosti

292 1519 421 1566 enim
454 1517 568 1580 quia
599 1518 661 1565 ad
689 1517 766 1564 tui
794 1517 890 1564 oris
914 1518 1173 1580 imperium
1204 1534 1393 1581 semper
1424 1517 1586 1565 vivere
1620 1515 1802 1575 studui,
1829 1522 1876 1563 et
1905 1516 2038 1579 quic-

291 1601 413 1664 quid
447 1599 723 1663 ignorantia
747 1600 823 1647 vel
857 1600 1123 1664 fragilitate
1158 1600 1355 1664 deliqui,
1381 1617 1517 1664 aeque
1549 1601 1611 1648 ad
1642 1606 1740 1648 tuae
1770 1595 2038 1647 voluntatis

290 1700 492 1731 examen
534 1699 648 1730 mox
694 1682 948 1730 emendare
995 1682 1190 1732 curavi.’
1273 1681 1507 1731 Incubuit
1552 1682 1772 1745 precibus
1818 1681 2037 1740 antistes,

292 1766 553 1828 statimque
600 1765 796 1813 edoctus
843 1765 897 1812 in
946 1765 1123 1828 spiritu
1171 1765 1451 1828 impetrasse
1498 1781 1547 1813 se
1595 1764 1724 1827 quod
1769 1765 1962 1828 petebat
2009 1782 2038 1812 a

292 1848 501 1896 Domino
523 1867 532 1895 :
574 1847 784 1910 ‘Surge,’
808 1847 980 1910 inquit,
1011 1848 1188 1896 ‘frater
1211 1847 1291 1907 mi,
1319 1854 1367 1895 et
1396 1847 1495 1894 noli
1519 1847 1721 1910 plorare,
1747 1846 1829 1894 sed
1859 1846 2037 1908 gaudio

292 1930 449 1994 gaude
474 1929 590 1993 quia
614 1929 744 1993 quod
768 1929 1056 1992 rogavimus,
1082 1946 1291 1992 superna
1315 1929 1453 1977 nobis
1478 1930 1732 1978 clementia
1755 1928 1984 1976 donavit.'

362 2013 513 2076 Cujus
537 2011 760 2075 promissi
784 2018 833 2059 et
855 2012 1120 2075 prophetiae
1139 2012 1396 2060 veritatem
1421 2029 1623 2076 sequens
1642 2028 1807 2059 rerum
1825 2004 2038 2059 astruxit

412 2137 512 2177 Dies,
633 2099 846 2152 eventus,
867 2094 982 2157 quia
1005 2099 1055 2142 et
1077 2094 1398 2157 digredientes
1423 2095 1483 2143 ab
1502 2094 1710 2142 invicem
1726 2110 1822 2141 non
1842 2110 1890 2141 se
1907 2093 2038 2140 ultra

356 2187 491 2221 March
509 2198 559 2226 20,
619 2177 942 2239 ‘corporaliter
977 2176 1218 2237 viderunt,
1255 2178 1337 2225 sed
1375 2195 1471 2224 uno
1518 2177 1780 2240 eodemque
1821 2176 1911 2233 die,
1950 2176 2039 2223 hoc

377 2245 458 2272 ω’
475 2239 547 2279 ⁶8⁷⁰
633 2262 722 2316 est,
746 2258 1108 2306 tertiadecima²
1134 2259 1448 2306 kalendarum
1474 2258 1723 2322 Aprilium
1740 2257 2039 2321 egredientes

293 2355 319 2386 e
343 2355 554 2401 corpore,
580 2339 978 2403 spirituseorum
1016 2358 1129 2388 mox
1163 2341 1302 2389 beata
1337 2341 1544 2389 invicem
1575 2340 1761 2388 visione
1796 2340 2039 2403 conjuncti

293 2425 419 2481 sunt,
445 2428 588 2484 atque
611 2423 823 2486 angelico
848 2423 1115 2472 ministerio
1140 2424 1320 2487 pariter
1343 2425 1405 2472 ad
1437 2441 1641 2487 regnum
1665 2423 1852 2471 caeleste
1884 2428 2038 2471 trans-

294 2503 397 2551 lati.
471 2504 565 2551 Sed
602 2505 870 2553 Hereberct
905 2506 1070 2554 divina
1103 2507 1238 2570 prius
1274 2507 1554 2555 infirmitate
1585 2506 1868 2570 decoquitur
1883 2522 1896 2566 ;
1941 2506 2038 2564 illa,

296 2591 351 2634 ut
399 2586 628 2634 credibile
674 2592 758 2647 est,
802 2588 1158 2651 dispensatione
1200 2590 1466 2638 Dominicae
1501 2589 1713 2653 pietatis,
1748 2594 1805 2636 ut
1844 2588 1884 2636 si
1922 2587 2040 2651 quid

295 2669 456 2716 minus
480 2669 680 2717 haberet
704 2670 866 2718 meriti
884 2688 913 2718 a
930 2672 1072 2719 beato
1093 2672 1401 2731 Cuthbercto,
1422 2673 1664 2736 suppleret
1687 2672 1778 2719 hoc
1802 2670 2041 2734 castigans

294 2751 451 2812 longae
466 2751 769 2813 aegritudinis
784 2753 940 2801 dolor:
965 2761 1200 2817 quatenus
1215 2760 1434 2818 aequatus
1450 2754 1606 2818 gratia
1620 2771 1706 2801 suo
1720 2752 2038 2811 intercessori,

352 2852 367 2875 ²
395 2852 688 2904 Luqubaliam]
757 2854 941 2894 Carlisle.
1014 2857 1143 2895 Cuth-
1195 2856 1319 2897 while
1337 2857 1391 2896 he
1409 2870 1494 2896 was
1513 2856 1645 2896 there.

295 2908 452 2948 berht's
479 2908 663 2947 business
699 2908 815 2948 there
848 2924 933 2950 was
968 2915 1012 2951 to
1049 2925 1144 2951 con·
1251 2911 1267 2934 ²
1295 2912 1576 2953 tertiadecima
1593 2941 1601 2950 .
1617 2942 1627 2953 .
1641 2941 1650 2950 .
1663 2908 1896 2962 Aprilium]
1928 2909 2041 2948 Mar.

297 2967 454 3002 secrate
483 2975 594 3002 some
626 2963 800 3002 deacons
828 2968 871 3003 to
900 2966 949 3004 be
977 2966 1140 3018 priests.
1202 2979 1264 3006 20.
1321 2967 1407 3006 But
1451 2966 1606 3018 Bishop
1644 2965 1851 3017 Appleby,
1889 2965 1934 3003 in
1970 2964 2042 3003 the

298 3019 426 3057 Prose
469 3017 575 3064 Life,
613 3031 648 3059 c.
693 3019 755 3057 28.
812 3019 881 3058 He
919 3020 1004 3060 had
1038 3021 1145 3060 been
1199 3023 1323 3062 letter
1336 3022 1448 3061 cited
1466 3022 1510 3060 in
1528 3022 1601 3060 the
1619 3021 1701 3059 last
1713 3024 1821 3067 note,
1835 3019 1911 3059 has
1921 3019 2041 3058 made

297 3072 414 3111 there
433 3073 572 3112 before
591 3073 663 3112 the
682 3086 795 3112 same
813 3087 923 3125 year,
942 3085 1028 3115 ΑΛ).
1044 3075 1096 3115 68
1101 3088 1138 3127 5,
1196 3077 1269 3116 the
1288 3077 1464 3116 mistake
1493 3075 1539 3114 of
1561 3075 1754 3126 ordering
1780 3075 1853 3113 the
1883 3073 1980 3124 13th
1999 3072 2046 3111 of

299 3131 342 3165 to
361 3141 476 3166 warn
499 3127 571 3167 the
595 3140 742 3179 queen,
770 3128 1070 3174 Eormenburh,
1100 3131 1142 3169 of
1196 3132 1318 3183 April
1341 3135 1386 3171 to
1410 3132 1463 3171 be
1486 3130 1589 3182 kept
1615 3131 1657 3168 in
1689 3142 1875 3181 memory
1899 3128 1947 3167 of
1968 3126 2038 3166 SS.

299 3181 520 3233 Ecgfrith’s
548 3182 686 3231 death,
710 3182 846 3222 which
870 3183 923 3222 he
949 3185 1032 3224 had
1051 3199 1140 3237 pre-
1195 3186 1430 3226 Cuthberht
1448 3185 1532 3226 and
1551 3184 1798 3225 Hereberht.

298 3235 450 3283 dicted,
471 3237 554 3276 and
572 3237 706 3277 which
718 3237 947 3290 happened,
959 3239 1063 3293 May
1078 3252 1140 3286 20,
