2216 3554
242 202 360 250 CAP.
380 198 511 269 xlx]
868 203 1034 252 Gentis
1065 201 1354 267 Anylorum.
1892 209 1988 254 333

239 353 434 395 annum,
470 335 785 384 monasticam
821 334 1037 383 saeculari
1072 335 1227 383 vitam
1260 335 1492 398 praetulit.
1564 336 1706 396 Quod
1741 337 1827 384 ubi
1855 337 1990 401 patri

238 434 325 464 suo
358 418 587 477 narravit,
611 418 713 481 jam
745 417 875 466 enim
906 421 1061 465 mater
1088 417 1286 475 obierat,
1311 417 1518 465 libenter
1541 419 1642 480 ejus
1722 463 1817 501 [AD-
1834 464 1922 503 648⁶]

237 499 365 547 votis
389 517 444 548 ac
467 500 718 548 desideriis
742 499 1010 548 caelestibus
1033 499 1216 558 adnuit,
1241 516 1449 562 eumque
1474 500 1642 563 coeptis
1698 511 1869 570 wilfrith
1884 515 1925 548 at

237 581 460 630 insistere
487 583 776 631 salutaribus
801 582 959 644 jussit.
1031 582 1179 630 Venit
1208 598 1322 645 ergo
1346 581 1407 628 ad
1433 582 1642 646 insulam
1686 562 1945 605 L1nd1sfame;

237 664 695 724 Lindisfarnensem,
712 664 890 729 xibique
925 665 1271 713 monachorum
1306 664 1565 712 famulatui
1600 681 1650 713 se
1686 666 1985 726 contradens,

235 746 496 810 diligenter
519 765 573 796 ea
605 765 712 811 quae
746 747 1024 795 monasticae
1057 746 1296 795 castitatis
1330 764 1384 795 ac
1408 747 1607 810 pietatis
1633 754 1784 806 erant,
1810 753 1860 796 et
1889 749 1985 796 dis-

235 846 342 877 cere
361 831 560 878 curabat
578 834 626 878 et
644 847 797 894 agere.
825 830 915 878 ‘Et
940 830 1053 894 quia
1077 830 1200 878 acris
1224 833 1328 878 erat
1350 829 1546 893 ingenii,
1568 829 1739 878 didicit
1758 830 1987 879 citissime

234 913 460 974 psalmos,
496 918 546 961 et
580 913 763 977 aliquot
800 912 982 961 codices
999 930 1012 973 3
1056 913 1258 961 necdum
1300 913 1495 976 quidem
1531 912 1778 972 adtonsus,
1815 931 1985 962 verum

233 995 302 1042 eis
329 1012 438 1058 quae
461 999 658 1043 tonsura
686 998 889 1058 majores
921 1000 1036 1043 sunt
1059 995 1340 1054 virtutibus,
1367 994 1661 1043 humilitatis
1687 1001 1735 1043 et
1759 995 1985 1044 obedien-

231 1077 329 1137 tiae,
366 1095 463 1125 non
498 1078 806 1126 mediocriter
833 1077 1126 1140 insignitus:
1166 1083 1369 1140 propter
1401 1078 1529 1142 quod
1563 1082 1611 1126 et
1642 1095 1671 1126 a
1703 1079 1983 1138 senioribus,

232 1166 281 1207 et
327 1159 579 1208 coaetaneis
626 1160 726 1207 suis
768 1162 898 1223 justo
947 1160 1195 1208 colebatur
1240 1160 1427 1208 affectu.
1511 1161 1574 1208 In
1616 1179 1713 1225 quo
1759 1161 1985 1210 videlicet

231 1243 523 1291 monasterio
547 1260 657 1291 cum
680 1243 870 1306 aliquot
895 1260 1046 1291 annos
1074 1243 1181 1291 Deo
1206 1242 1424 1303 serviret,
1450 1243 1794 1293 animadvertit
1818 1246 1983 1308 paula-

229 1325 323 1373 tim
362 1325 634 1374 adolescens
674 1325 827 1373 animi
864 1325 1062 1388 sagacis,
1101 1325 1302 1373 minime
1338 1326 1603 1389 perfectam
1641 1344 1743 1376 esse
1781 1329 1983 1376 virtutis

228 1408 358 1455 viam
406 1425 512 1472 quae
557 1408 840 1456 tradebatur
885 1425 914 1455 a
961 1407 1155 1467 Scottis,
1204 1407 1555 1472 proposuitque
1606 1409 1770 1458 animo
1817 1412 1983 1459 venire

230 1490 432 1538 Romam
448 1492 478 1551 ¹,
516 1495 567 1540 et
601 1491 685 1555 qui
720 1492 782 1539 ad
818 1492 980 1540 sedem
1021 1492 1335 1555 apostolicam
1371 1492 1497 1540 ritus
1535 1493 1843 1542 ecclesiastici
1879 1495 1980 1543 sive

229 1573 585 1621 monasteriales
608 1579 930 1631 servarentur,
956 1573 1132 1622 videre.
1205 1574 1346 1635 Quod
1371 1591 1480 1622 cum
1504 1575 1735 1623 fratribus
1759 1577 1974 1636 referret,

227 1655 546 1703 laudaverunt
564 1656 665 1719 ejus
690 1656 1005 1719 propositum,
1024 1673 1231 1720 eumque
1255 1657 1306 1704 id
1325 1658 1453 1721 quod
1479 1663 1639 1706 mente
1657 1657 1976 1721 disposuerat,

226 1737 453 1799 perficere
502 1739 781 1786 suadebant.
866 1737 939 1785 At
984 1737 1068 1786 ille
1114 1739 1367 1787 confestim
1407 1740 1605 1788 veniens
1655 1741 1717 1788 ad
1763 1742 1980 1803 reginam

226 1820 510 1868 Eanfledam
524 1822 556 1879 ²,
595 1821 709 1884 quia
743 1825 886 1868 notus
925 1825 1029 1868 erat
1071 1822 1130 1879 ei,
1168 1822 1366 1885 ejusque
1407 1822 1606 1871 consilio
1645 1827 1694 1871 et
1739 1824 1979 1889 suffragiis

224 1903 425 1965 praefato
455 1903 615 1951 fuerat
646 1903 939 1951 monasterio
974 1903 1198 1964 sociatus,
1224 1904 1458 1953 indicavit
1488 1905 1531 1952 ei
1556 1905 1847 1954 desiderium
1884 1908 1979 1956 sibi

223 1986 378 2034 inesse
413 1986 665 2034 beatorum
707 1987 1034 2049 apostolorum
1078 1987 1247 2036 limina
1283 1988 1545 2037 visitandi:
1595 2007 1704 2052 quae
1741 1990 1979 2038 delectata

222 2068 349 2115 bono
383 2069 695 2117 adolescentis
718 2069 981 2132 proposito,
1007 2070 1143 2117 misit
1172 2087 1284 2118 eum
1317 2070 1542 2119 Cantiam
1571 2071 1632 2119 ad
1716 2098 1757 2132 in
1773 2099 1878 2134 Kent

223 2167 383 2212 regem
415 2151 814 2211 Erconberctum,
849 2152 934 2215 qui
974 2157 1078 2200 erat
1113 2152 1242 2200 filius
1278 2154 1506 2201 avunculi
1542 2154 1632 2214 sui,
1704 2149 1920 2191 [A·¹³·⁶⁵²]³

222 2233 473 2295 postulans
505 2239 561 2282 ut
594 2251 706 2281 eum
738 2234 1001 2282 honorifice
1037 2235 1242 2282 Romam
1266 2236 1629 2283 transmitteret.
1719 2235 1826 2297 Quo
1855 2240 1975 2284 tem-

222 2331 338 2377 pore
360 2315 430 2362 ibi
453 2316 657 2378 gradum
676 2315 1023 2381 archiepiscopi
1042 2317 1296 2365 Honorius
1306 2315 1338 2376 3,
1359 2335 1484 2365 unus
1504 2335 1562 2366 ex
1577 2317 1825 2382 discipulis
1844 2319 1975 2367 beati

220 2413 359 2460 papae
394 2397 636 2460 Gregorii,
660 2398 738 2445 vir
774 2398 825 2444 in
860 2398 1004 2446 rebus
1039 2399 1370 2448 ecclesiasticis
1402 2401 1674 2449 sublimiter
1703 2401 1972 2461 institutus,

221 2479 458 2527 servabat.
553 2479 655 2528 Ubi
703 2497 813 2529 cum
859 2480 1144 2543 aliquandiu
1185 2481 1463 2530 demoratus
1509 2483 1781 2532 adolescens
1821 2484 1972 2532 animi

219 2563 415 2621 vivacis,
445 2563 703 2627 diligenter
735 2563 810 2611 his
845 2581 953 2627 quae
989 2563 1289 2627 inspiciebat,
1323 2565 1563 2614 discendis
1595 2584 1789 2630 operam
1819 2568 1971 2628 daret,

220 2644 500 2706 supervenit
536 2645 622 2693 illo
665 2644 788 2693 alius
826 2635 1114 2704 adolescens,
1155 2647 1348 2695 nomine
1389 2648 1565 2712 Biscop
1580 2649 1610 2708 ⁴,
1655 2654 1972 2713 cognomento

220 2725 525 2785 Benedictus,
569 2727 628 2775 de
669 2727 912 2776 nobilibus
954 2728 1242 2791 Anglorum,
1285 2731 1482 2794 cupiens
1522 2735 1572 2780 et
1617 2731 1720 2795 ipse
1762 2732 1970 2780 Romam

219 2809 412 2856 venire:
449 2809 584 2871 cujus
619 2825 764 2873 supra
798 2810 1120 2860 meminimus.

291 2891 452 2953 Hujus
493 2907 607 2954 ergo
650 2891 902 2940 comitatui
942 2910 1028 2941 rex
1074 2893 1274 2943 sociavit
1314 2894 1591 2955 vilfridum,
1637 2901 1788 2960 utque
1829 2897 1969 2944 illum

219 2990 377 3021 secum
411 2972 616 3021 Romam
645 2974 942 3037 perduceret,
971 2975 1129 3038 jussit.
1204 2963 1301 3038 Qui
1329 2994 1438 3026 cum
1471 2978 1766 3042 Lugdunum
1798 2995 1967 3042 perve-

276 3097 286 3120 ¹
314 3096 447 3136 venire
467 3096 655 3149 Roman]
679 3096 852 3147 'Haedde,
876 3110 912 3149 3.
1123 3107 1211 3151 137,
1235 3102 1325 3141 180.

272 3151 288 3174 ²
314 3152 577 3202 Eanfledam]
611 3153 687 3192 See
719 3153 875 3192 notices
908 3153 954 3192 of
975 3153 1060 3203 her,
1171 3154 1187 3178 ⁴
1214 3156 1382 3210 Biscop]
1451 3156 1596 3197 Called
1649 3155 1865 3207 Baducing
1909 3156 1967 3207 by

216 3222 283 3260 pp.
311 3218 397 3254 110,
423 3217 512 3258 137,
538 3207 627 3259 169,
646 3207 717 3247 διο.
1118 3211 1293 3258 Haedde,
1311 3224 1349 3261 3.
1405 3211 1481 3251 See
1501 3227 1540 3264 p.
1561 3223 1658 3262 2503
1686 3211 1768 3249 and
1787 3210 1852 3250 his
1871 3210 1966 3251 Life

272 3262 287 3286 ³
315 3261 542 3315 Honorius]
569 3262 644 3303 See
672 3263 840 3310 noticoe,
868 3276 937 3317 pp.
971 3271 1061 3317 127,
1116 3265 1162 3306 in
1183 3266 1395 3307 ‘Historia
1414 3264 1654 3310 Abbatum:
1674 3279 1714 3318 p.
1737 3273 1828 3318 371.
