2216 3554
133 178 248 228 CAP.
268 175 413 246 xxv.]
802 175 964 226 Gentis
999 172 1279 238 Anqlorum.
1786 179 1881 226 199

131 329 379 377 nunquam
423 328 503 362 eos
539 309 742 360 noverit.
814 309 912 358 Sed
949 306 1076 356 absit
1116 311 1172 355 ut
1210 306 1271 354 de
1312 304 1533 369 patribus
1574 306 1749 355 vestris
1790 309 1883 357 hoc

131 395 318 444 dicam:
369 395 482 459 quia
514 394 692 457 justius
727 391 886 439 multo
922 395 1010 451 est,
1048 390 1107 438 de
1145 388 1407 452 incognitis
1448 390 1632 437 bonum
1673 390 1882 448 credere,

132 495 277 541 quam
301 478 495 526 malum.
567 475 711 524 Unde
734 477 783 522 et
813 473 925 521 illos
951 471 1044 521 Dei
1076 472 1302 531 famulos,
1328 488 1384 519 ac
1409 472 1514 519 Deo
1547 472 1748 519 dilectos
1781 488 1883 519 esse

132 577 229 607 non
267 577 406 623 nego,
445 559 527 623 qui
574 556 881 621 simplicitate
923 554 1120 614 rustica,
1163 554 1252 602 sed·
1285 554 1558 602 intentione
1599 554 1680 617 pia
1722 554 1883 600 Deum

132 643 420 691 dilexerunt.
468 642 638 704 Neque
662 639 758 687 illis
782 639 993 686 multum
1018 637 1183 685 obesse
1206 654 1316 685 reor
1340 637 1489 685 talem
1512 636 1702 699 paschae
1722 636 1884 683 obser·

131 726 359 785 vantiam,
386 716 598 788 quandiu
622 722 784 769 nullus
815 721 1091 779 advenerat,
1118 719 1203 783 qui
1236 720 1305 768 eis
1330 719 1551 767 instituti
1581 718 1884 782 perfectioris

133 809 323 856 decreta
347 825 455 872 quae
487 808 818 870 sequerentur,
845 803 1147 852 ostenderet:
1185 820 1305 866 quos
1337 802 1509 866 utique
1540 802 1695 861 credo,
1727 801 1768 848 si
1796 801 1884 864 qui

132 897 247 939 tunc
271 891 333 939 ad
357 907 436 939 eos
460 887 722 937 catholicus
742 872 1002 935 calculator
1020 885 1286 944 adveniret,
1306 884 1374 932 sic
1399 888 1502 948 ejus
1526 885 1713 933 monita
1736 884 1883 932 fuisse

134 979 394 1033 secuturos,
414 971 654 1036 quomodo
678 987 733 1018 ea
758 986 866 1033 quae
890 972 1127 1016 noverant
1150 985 1204 1016 ac
1227 967 1509 1027 didicerant,
1539 967 1632 1015 Dei
1657 967 1885 1015 mandata

134 1057 400 1119 probantur
423 1055 570 1102 fuisse
593 1052 760 1101 secuti.
821 1052 895 1100 Tu
919 1055 1081 1099 autem
1106 1054 1156 1098 et
1180 1049 1297 1098 socii
1322 1050 1411 1110 tui,
1439 1049 1480 1098 si
1502 1049 1670 1098 audita
1693 1050 1886 1098 decreta

135 1137 259 1186 sedis
285 1136 571 1201 apostolicae,
597 1136 747 1182 immo
773 1134 1062 1182 universalis
1094 1133 1319 1192 eeclesiae,
1346 1138 1395 1181 et
1419 1132 1522 1180 haec
1554 1132 1709 1181 literis
1738 1132 1887 1181 sacris

135 1220 415 1268 confirmata
448 1219 584 1283 sequi
618 1216 951 1276 contemnitis,
984 1216 1163 1279 absque
1195 1215 1295 1262 ulla
1324 1215 1628 1263 dubitatione
1660 1215 1885 1279 peccatis.

135 1305 247 1353 Etsi
284 1304 411 1352 enim
449 1307 610 1366 patres
651 1301 726 1350 tui
762 1300 918 1348 sancti
955 1299 1165 1358 fuerunt,
1204 1298 1445 1362 numquid
1480 1299 1741 1347 universali
1778 1316 1886 1363 quae

135 1404 222 1451 per
264 1387 428 1434 orbem
469 1389 543 1433 est
589 1383 796 1432 ecclesiae
844 1381 1043 1441 Christi,
1086 1398 1254 1429 eorum
1301 1384 1375 1429 est
1420 1381 1639 1444 paucitas
1686 1400 1784 1430 uno
1826 1383 1887 1431 de

134 1469 312 1533 angulo
331 1474 558 1517 extremae
575 1467 745 1515 insulae
764 1465 1062 1529 praeferenda
1078 1465 1095 1511 2
1142 1463 1211 1512 Et,
1236 1464 1277 1511 si
1301 1468 1492 1512 sanctus
1511 1470 1615 1513 erat
1634 1482 1688 1512 ac
1713 1469 1887 1528 potens

135 1553 400 1601 virtutibus
434 1552 515 1598 ille
548 1550 785 1600 Columba
808 1555 980 1607 vester,
1006 1547 1155 1594 immo
1191 1553 1240 1594 et
1275 1551 1442 1594 noster
1474 1547 1516 1594 si
1549 1547 1735 1596 Christi
1768 1555 1884 1609 erat,

136 1635 374 1699 numquid
409 1634 623 1698 praeferri
657 1632 819 1697 potuit
854 1630 1132 1679 beatissimo
1171 1630 1502 1692 apostolorum
1542 1631 1769 1694 principi,
1808 1633 1887 1680 cui

136 1718 375 1765 Dominus
407 1708 504 1765 ast:
544 1717 661 1764 “Tu
694 1733 743 1764 es
778 1716 964 1773 Petrus,
998 1717 1047 1761 et
1082 1729 1228 1774 super
1260 1712 1384 1760 hanc
1414 1718 1603 1775 petram
1639 1714 1888 1764 aedificabo

135 1800 382 1848 ecclesiam
407 1816 577 1858 meam,
603 1802 652 1847 et
675 1804 828 1862 portee
853 1796 999 1845 inferi
1033 1813 1129 1843 non
1153 1795 1490 1858 praevalebunt
1513 1796 1742 1845 adversus
1766 1816 1885 1857 eam,

135 1889 184 1932 et
209 1883 299 1931 tibi
323 1883 448 1930 dabo
473 1883 629 1930 claves
652 1881 791 1943 regni
816 1881 1044 1929 caelorum
1060 1880 1077 1926 2
1094 1877 1144 1898 ’⁹'

203 1965 323 2013 Haec
358 1970 612 2029 pero-rante
649 1964 876 2022 Vilfrido,
913 1962 1040 2011 dixit
1076 1978 1191 2009 rex:
1239 1959 1468 2020 ‘Verene,
1506 1960 1748 2022 Colmane‚
1785 1963 1888 2013 haec

137 2048 211 2096 illi
250 2048 396 2097 Petro
438 2048 568 2095 dicta
603 2053 717 2095 sunt
752 2065 781 2095 a
815 2044 1088 2094 Dominol’
1139 2044 1236 2104 Qui
1273 2042 1371 2090 ait:
1422 2044 1589 2104 ‘Vere,
1627 2046 1740 2094 rex!
1812 2047 1889 2096 At

137 2133 234 2191 ille,
274 2131 538 2190 ‘Habetis,'
577 2130 754 2195 inquit,
795 2133 909 2178 ‘vos
947 2129 1165 2193 proferre
1210 2126 1395 2189 aliquid
1436 2131 1587 2175 tantae
1633 2131 1889 2192 potestatis

137 2221 299 2263 vestro
333 2214 580 2263 Columbae
614 2211 841 2262 datum‘l'
891 2210 966 2260 At
1000 2211 1071 2260 ait
1106 2210 1214 2258 ille:
1254 2215 1264 2235 ‘
1282 2209 1449 2257 Nihil?
1522 2211 1736 2260 Rursum
1768 2232 1886 2263 rex:

141 2304 151 2323 ‘
169 2297 221 2346 Si
244 2297 439 2361 utrique
463 2296 705 2355 vestrum‚'
731 2296 904 2359 inquit,
932 2295 1013 2342 ‘in
1046 2294 1136 2342 hoc
1168 2293 1269 2340 sine
1301 2293 1402 2340 ulla
1432 2310 1546 2341 con-

1601 2327 1678 2363 Kin
1719 2330 1843 2366 Oswio

139 2380 372 2429 troversia
397 2380 718 2438 consentiunt,
744 2379 874 2443 quod
905 2379 1008 2426 haec
1039 2377 1377 2441 principaliter
1399 2377 1549 2425 Petro
1613 2340 1762 2414 decides
1786 2381 1827 2415 in

139 2463 282 2522 dicta,
331 2467 381 2511 et
435 2462 479 2510 ei
525 2462 681 2510 claves
732 2462 870 2524 regni
917 2462 1147 2510 caelorum
1196 2460 1295 2508 sint
1347 2461 1473 2508 datae
1520 2478 1549 2509 a
1591 2430 1855 2516 favssffnzfnthe

141 2542 411 2594 Domino'l’
487 2545 891 2608 Responderunt:
949 2543 1157 2602 ‘Etiam,
1195 2542 1389 2607 utique.'
1471 2542 1542 2591 At
1630 2532 1808 2573 practice.

140 2630 220 2678 ille
245 2629 314 2677 ita
336 2628 601 2677 conclusit:
641 2631 652 2654 ‘
667 2629 737 2676 Et
761 2644 849 2691 ego
873 2627 1009 2675 vobis
1042 2627 1164 2686 dico,
1190 2627 1306 2690 quia
1337 2627 1417 2675 hic
1450 2632 1523 2675 est
1556 2627 1782 2675 ostiarius
1806 2627 1890 2674 ille

142 2713 218 2762 cui
243 2728 329 2775 ego
354 2710 676 2759 contradicere
699 2710 840 2771 nolo;
878 2710 961 2758 sed
993 2709 1044 2756 in
1066 2715 1308 2773 quantum
1331 2709 1447 2758 novi
1469 2709 1546 2758 vel
1572 2709 1720 2769 valeo,
1747 2709 1889 2771 hujus

142 2794 281 2858 cupio
314 2793 365 2840 in
398 2793 618 2841 omnibus
651 2793 846 2841 obedire
882 2792 1080 2841 statutis
1098 2809 1110 2852 ;
1148 2809 1208 2840 ne
1240 2792 1367 2840 forte
1396 2809 1472 2840 me
1508 2792 1794 2840 adveniente
1828 2790 1890 2837 ad

142 2878 267 2926 fores
291 2875 428 2939 regni
460 2876 697 2935 caelorum,
732 2892 830 2924 non
866 2875 932 2923 sit
963 2875 1048 2940 qui
1077 2879 1271 2935 reseret,
1304 2892 1471 2924 averso
1504 2875 1589 2923 illo
1622 2874 1706 2937 qui
1735 2874 1889 2921 claves

142 2967 305 3010 tenere
340 2957 600 3023 probatur.'

212 3043 333 3090 Haec
357 3042 544 3090 dicente
575 3057 700 3104 rege,
726 3040 950 3090 faverunt
974 3041 1248 3090 adsidentes
1282 3041 1462 3106 quique
1496 3041 1596 3089 sive
1628 3039 1890 3094 adstantes,

143 3128 344 3187 majores
369 3142 466 3172 una
490 3141 598 3172 cum
623 3124 969 3184 mediocribus3
1007 3128 1057 3172 et
1077 3124 1302 3173 abdicata
1333 3125 1493 3172 minus
1516 3123 1729 3186 perfecta
1753 3119 1890 3166 insti-

142 3208 344 3267 tutione,
370 3208 431 3257 ad
463 3224 518 3256 ea
550 3224 658 3271 quae
688 3207 887 3255 meliora
915 3212 1251 3270 cognoverant,
1278 3223 1379 3255 sese
1410 3205 1668 3254 transferre
1693 3201 1890 3250 festina-

144 3290 273 3340 bant.
