2216 3554
324 175 416 220 168
895 170 1123 219 Historia
1156 169 1495 219 Ecclesiastica
1544 147 1546 150 Ι
1835 167 1972 237 [LIB.
1989 184 2068 217 111.

317 305 422 368 regi
446 306 569 352 esset
592 302 814 362 relatum,
849 302 1039 351 dicebat
1067 304 1305 366 episcopo,
1338 318 1448 350 cum
1472 301 1597 349 forte
1621 300 1889 364 ingressuri
1912 306 2071 349 essent

316 388 378 435 ad
408 386 698 450 prandium:
741 390 752 411 ‘
772 385 904 446 Quid
935 385 1147 444 voluisti,
1182 385 1375 433 domine
1408 383 1623 441 antistes,
1659 399 1833 445 equum
1866 384 2068 446 regium,

319 486 463 532 quem
487 475 536 516 te
561 467 876 515 conveniebat
900 469 1152 531 proprium
1177 468 1366 527 habere,
1393 465 1594 530 pauperi
1619 465 1767 512 dare?
1831 465 2082 529 Nunquid,

319 568 417 598 non
453 550 712 598 habuimus
738 567 887 615 equos
910 551 1108 598 viliores
1140 549 1392 612 plurimos,
1418 549 1497 595 vel
1522 548 1639 594 alias
1676 546 1858 610 species
1881 564 1987 610 quae
2011 548 2072 594 ad

317 650 582 696 pauperum
611 633 737 680 dona
765 633 1053 691 sufficerent,
1081 633 1303 696 quamvis
1330 632 1472 678 illum
1496 631 1564 678 eis
1594 647 1773 693 equum
1796 647 1896 677 non
1920 631 2073 688 dares,

319 732 463 779 quem
482 716 574 763 tibi
592 716 867 779 specialiter
884 715 1228 779 possidendum
1248 714 1371 776 elegi
1388 713 1425 761 ’ζ’
1496 713 1591 762 Oui
1610 712 1777 760 statim
1795 712 2073 774 episcopus:

323 797 483 859 ‘Quid
518 798 754 862 loqueris,'
792 799 969 862 inquit,
1007 803 1018 822 ⁴
1037 799 1158 845 rex‘l
1243 796 1499 859 Numquid
1540 795 1631 843 tibi
1672 795 1829 842 carior
1875 800 1947 842 est
1993 795 2076 841 ille

320 879 452 927 filius
495 897 643 944 equae,
687 898 835 945 quam
876 881 958 928 ille
1004 879 1135 927 filius
1178 878 1326 926 Deir
1376 917 1380 921 .
1414 878 1606 939 Quibus
1647 877 1790 924 dictis
1829 877 2076 925 intrabant

324 963 385 1011 ad
420 964 769 1026 prandendum.
841 963 909 1010 Et
947 962 1199 1025 episcopus
1236 960 1434 1024 quidem
1470 960 1714 1008 residebat
1749 959 1802 1006 in
1838 976 1925 1007 suo
1960 959 2078 1007 loco,

323 1044 473 1094 Pcrro
509 1064 607 1106 rex,
635 1050 837 1094 venerat
869 1045 999 1093 enim
1030 1044 1090 1092 de
1115 1048 1308 1103 venatu,
1344 1042 1489 1106 coepit
1518 1041 1783 1090 consistens
1819 1042 1879 1088 ad
1915 1041 2076 1090 focum

322 1128 532 1175 calefieri
568 1145 679 1175 cum
715 1127 983 1174 ministris:
1031 1130 1080 1173 et
1115 1130 1312 1189 repente
1348 1125 1478 1172 inter
1513 1124 1886 1172 calefaciendum
1921 1141 2078 1171 recor-

326 1209 446 1257 dans
493 1210 697 1258 verbum
745 1208 876 1272 quod
923 1207 1115 1255 dixerat
1160 1207 1236 1254 illi
1283 1207 1500 1266 antisteS‚
1547 1206 1778 1254 discinxit
1825 1224 1873 1255 se
1920 1205 2079 1270 gladio

327 1308 425 1351 suo,
465 1298 512 1339 et
549 1292 684 1339 dedit
720 1292 859 1339 illum
894 1291 1134 1349 ministro,
1171 1290 1472 1352 festinusque
1513 1289 1743 1337 accedens
1784 1295 1896 1336 ante
1936 1288 2081 1351 pedes

327 1374 544 1437 episcopi
582 1374 789 1432 conruit,
827 1374 1080 1436 postulans
1115 1380 1173 1421 ut
1209 1372 1303 1421 sibi
1337 1372 1553 1435 placatus
1588 1376 1728 1431 esset,
1765 1371 1920 1432 ‘Quia
1955 1388 2081 1418 nun-

327 1457 503 1519 quam‚’
539 1456 713 1519 inquit,
747 1455 1002 1518 ‘deinceps
1045 1455 1232 1518 aliquid
1271 1455 1443 1517 loquar
1484 1455 1544 1502 de
1585 1454 1688 1513 hoc,
1725 1459 1812 1502 aut
1851 1454 2082 1517 judicabo

330 1537 450 1602 quid
485 1538 561 1586 vel
605 1543 844 1601 quantum
880 1538 939 1585 de
971 1537 1175 1600 pecunia
1210 1542 1372 1584 nostra
1396 1535 1514 1583 filiis
1550 1534 1648 1583 Dei
1670 1535 1860 1584 tribuas
1879 1537 1914 1583 ι’
1953 1536 2084 1599 quod

326 1621 497 1669 videns
523 1620 795 1684 episcopus,
817 1620 1029 1667 multum
1053 1619 1322 1683 pertimuit,
1349 1636 1403 1666 ac
1427 1618 1594 1666 statim
1619 1635 1883 1681 exsurgens
1907 1618 2086 1666 levavit

328 1720 455 1763 eum,
503 1703 793 1767 promittens
829 1687 1127 1750 se'multum
1163 1701 1237 1748 illi
1272 1718 1373 1749 esse
1407 1701 1666 1764 placatum,
1707 1702 1968 1748 dummodo
2002 1701 2084 1747 ille

327 1786 541 1834 residens
576 1779 636 1832 ad
673 1785 838 1847 epulas
862 1783 1115 1832 tristitiam
1139 1783 1415 1846 deponeret.
1487 1782 1716 1846 Dumque
1762 1799 1862 1842 reX‚
1882 1782 2083 1846 jubente

329 1885 384 1916 ac
441 1869 719 1933 postulante
777 1867 1017 1930 episcopo,
1069 1866 1290 1914 laetitiam
1350 1865 1599 1928 reciperet,
1649 1865 1795 1928 coepit
1841 1882 1867 1912 e
1915 1869 2083 1912 contra

330 1951 587 2014 episcopus
647 1950 805 1998 tristis
863 1966 1015 2012 usque
1072 1949 1134 1996 ad
1193 1948 1514 2010 lacrymarum
1572 1947 1901 2011 profusionem
1949 1947 2083 1994 effici.

331 2033 488 2094 Quem
537 2034 654 2080 dum
701 2032 956 2094 presbyter
995 2047 1114 2078 suus
1163 2030 1329 2093 lingua
1370 2047 1456 2077 sua
1495 2030 1668 2093 patria,
1711 2047 1858 2093 quam
1903 2047 1990 2077 rex
2036 2035 2085 2077 et

331 2115 586 2163 domestici
610 2117 713 2176 ejus
745 2131 844 2161 non
876 2118 1124 2172 noverant,
1151 2130 1300 2176 quare
1335 2113 1686 2176 lacrymaretur
1710 2113 2081 2174 interrogasset:

330 2203 343 2225 ‘
363 2198 501 2257 Scio‚’
527 2197 703 2259 inquit,
740 2201 751 2220 ‘
769 2195 885 2259 quia
909 2213 1007 2243 non
1031 2195 1186 2243 multo
1218 2199 1436 2258 tempore
1465 2195 1684 2243 victurus
1711 2201 1783 2243 est
1807 2211 1892 2241 rex
1913 2212 1922 2241 :
1962 2211 2084 2241 nun-

331 2297 479 2345 quam
502 2280 631 2327 enim
655 2283 768 2327 ante
791 2279 894 2326 haec
918 2278 1022 2326 vidi
1051 2278 1287 2326 humilem
1321 2295 1500 2340 regem.
1575 2277 1722 2326 Unde
1750 2277 2085 2346 animadverto

332 2365 474 2412 illum
509 2362 654 2410 citius
690 2379 750 2410 ex
785 2362 875 2409 hac
910 2361 1016 2409 vita
1044 2361 1361 2424 rapiendum:
1399 2378 1497 2409 non
1526 2361 1657 2409 enim
1693 2360 1841 2424 digna
1877 2366 1950 2408 est
1984 2360 2086 2408 haec

334 2463 452 2509 gens
491 2445 638 2492 talem
674 2444 846 2491 habere
881 2443 1147 2491 rectorem.>
1218 2443 1321 2491 Nec
1356 2443 1511 2490 multo
1546 2447 1673 2506 post,
1711 2443 1816 2490 dira
1850 2442 2086 2490 antistitis

336 2527 573 2592 praesagia
617 2526 750 2574 tristi
793 2526 921 2590 regis
964 2527 1145 2584 funere,
1191 2525 1250 2574 de
1294 2543 1390 2590 quo
1429 2543 1577 2590 supra
1619 2525 1843 2583 diximus,
1885 2525 2087 2588 impleta

337 2615 466 2660 sunt.

409 2691 506 2741 Sed
542 2696 590 2737 et
624 2690 727 2753 ipse
761 2690 964 2739 antistes
1001 2690 1163 2739 Aidan
1199 2707 1297 2739 non
1333 2691 1444 2754 plus
1479 2708 1625 2754 quam
1661 2690 1944 2739 duodecimo
1977 2695 2088 2754 post

422 2791 549 2826 Death
559 2790 601 2825 01‘
680 2773 967 2820 occisionem
1001 2774 1129 2836 regis
1172 2790 1318 2836 quem
1354 2774 1548 2827 amabat
1589 2773 1683 2832 die,
1719 2773 1771 2820 id
1806 2779 1891 2832 est,
1931 2773 2087 2836 pridie

362 2840 649 2932 Biffizffiiffif'
683 2854 1001 2902 kalendarum
1038 2855 1396 2918 Septembrium
1411 2856 1442 2915 ¹,
1467 2856 1526 2904 de
1551 2856 1728 2904 saeculo
1752 2854 1955 2914 ablatus,
1981 2872 2087 2918 per-

427 2954 512 2982 ΑΔ).
527 2949 601 2988 651·
685 2943 834 3001 petua
856 2937 1074 2985 laborum
1099 2955 1297 2986 suorum
1321 2955 1350 2986 a
1373 2938 1585 2986 Domino
1608 2937 1809 3001 praemia
1832 2937 2023 3000 recepit.

401 3114 421 3141 ¹
445 3115 582 3167 pridie
594 3114 865 3156 kalendarum
877 3114 1189 3168 Septembrium]
1246 3117 1369 3157 berht
1395 3131 1480 3158 was
1517 3117 1607 3157 first
1643 3114 1823 3156 induced
1855 3119 1898 3155 to
1925 3115 2091 3154 become

346 3172 516 3221 August
546 3182 609 3221 31,
641 3180 725 3210 ΑΛ).
747 3169 840 3221 651.
900 3170 944 3209 It
970 3183 1055 3209 was
1082 3171 1137 3222 by
1165 3186 1192 3211 a
1247 3186 1273 3211 a
1297 3173 1438 3214 monk.
1494 3173 1644 3213 Beda’s
1663 3173 1767 3212 Vita·
1785 3170 1826 3212 S.
1850 3169 2088 3219 Oudbercti,

347 3226 480 3266 vision
510 3226 554 3266 of
579 3224 756 3265 Aidan's
784 3225 909 3265 death
937 3225 1032 3265 that
1054 3226 1191 3266 'Cuth-
1246 3241 1280 3268 c.
1302 3241 1342 3281 4.
