2216 3554
265 150 364 198 406
610 147 838 213 Epistola
872 148 939 196 ad
973 147 1281 212 Ecyberctum
1316 146 1603 198 Antistitem.
1639 219 1642 223 .

265 279 410 340 canis,
452 279 534 328 cui
576 278 751 328 fabulae
791 278 990 328 Cerberi
1030 295 1207 327 nomen
1251 277 1546 338 indiderunt,
1588 295 1618 326 a
1660 280 1796 341 cujus
1836 279 2018 329 rabidis

265 361 494 410 dentibus
527 379 615 411 nos
650 361 910 426 prohibens
944 362 976 410 J
980 361 1191 410 ohannes
1219 361 1468 424 apostolus
1504 360 1573 409 ait
1587 360 1606 387 ¹
1630 379 1641 409 :
1686 365 1698 386 ‘
1715 360 2017 422 Charissimi,

265 445 417 494 nolite
448 444 650 508 diligere
678 445 929 503 mundum,
954 460 1111 508 neque
1134 460 1191 492 ea
1213 460 1322 507 quae
1346 443 1399 491 in
1422 444 1606 492 mundo
1630 447 1757 492 sunt.
1831 444 1886 493 Si
1909 443 2019 508 quis

266 527 430 591 diligit
453 528 704 588 mundum,
728 545 827 576 non
859 531 933 576 est
963 526 1175 575 charitas
1197 526 1360 574 Patris
1388 527 1440 574 in
1472 543 1540 575 eo.
1613 525 1855 588 Quoniam
1879 543 2020 575 omne

266 610 397 674 quod
424 609 478 657 in
511 610 694 659 mundo
721 614 809 669 est,
834 608 1219 673 concupiscentia
1245 609 1403 657 earnis
1435 612 1519 668 est,
1554 613 1604 656 et
1636 608 2022 672 eoncupiscentia

266 692 516 741 oculorum
539 696 590 741 et
612 692 838 756 superbia
860 690 989 750 vitae,
1015 708 1122 755 quae
1145 707 1244 739 non
1268 695 1342 739 est
1363 708 1425 739 ex
1454 692 1612 751 Patre,
1646 692 1729 740 sed
1753 708 1813 739 ex
1838 692 2020 740 mundo

266 773 369 823 est?
439 775 560 824 Haec
583 778 752 823 contra
774 774 910 823 virus
939 772 1159 822 avaritiae
1190 773 1405 822 breviter
1427 779 1540 823 sunt
1564 774 1707 822 dicta.
1779 773 2021 823 Caeterum

267 856 310 906 si
344 857 404 906 de
438 857 683 917 ebrietate,
727 856 1134 915 commessatione,
1176 855 1387 916 luxuria,
1430 862 1480 906 et
1518 857 1701 905 caeteris
1742 856 2022 920 hujusmodi

266 939 634 1005 contagionibus
668 939 776 1004 pari
810 939 999 988 ratione
1034 943 1243 988 tractare
1265 938 1575 999 voluerimus,
1601 939 1816 1003 epistolae
1849 939 2022 988 modus

267 1021 320 1071 in
354 1022 647 1070 immensum
682 1022 1038 1071 extenderetur.

339 1104 511 1154 Gratia
541 1110 592 1154 te
625 1103 805 1153 summi
829 1104 1044 1153 Pastoris
1075 1104 1138 1152 ad
1168 1103 1440 1168 pastionem
1469 1104 1634 1153 ovium
1665 1122 1863 1154 suarum
1895 1105 2022 1154 salu-

268 1187 461 1236 tiferam
496 1192 730 1251 perpetuo
769 1192 1018 1236 conservet
1053 1186 1358 1246 incolumem,
1394 1186 1705 1237 dilectissime
1740 1187 1793 1236 in
1828 1188 2024 1239 Christo

267 1270 484 1320 antistes.
554 1273 568 1297 ‘
583 1269 780 1319 Amen?

867 1395 883 1420 ¹
911 1396 995 1450 ait]
1030 1407 1048 1436 1
1072 1395 1188 1438 John
1205 1396 1250 1438 ii.
1274 1406 1340 1448 15,
1362 1394 1430 1438 16.
