2216 3554
138 194 255 244 CAP.
275 191 424 262 xxx]
762 191 928 242 Gentis
961 190 1251 254 Anylorum.
1793 198 1890 243 209

136 333 466 397 apostolorum
493 330 626 380 Petri
658 336 707 379 et
743 330 895 391 Pauli,
928 335 978 378 et
1012 333 1291 379 sanctorum
1324 334 1594 392 martyrum
1623 330 1891 391 Laurentii,

139 417 171 463 J
175 415 378 464 ohannis
402 421 451 464 et
483 414 637 474 Pauli,
662 418 711 462 et
734 412 959 476 Gregorii
994 417 1142 477 atque
1173 413 1418 461 Pancratii
1444 413 1511 461 eis
1543 413 1745 462 fecimus
1770 415 1894 474 dari,

138 504 311 547 vestrae
345 497 636 546 excellentiae
670 496 884 560 profecto
916 513 1082 544 omnes
1119 496 1482 544 contradendas.
1554 496 1684 544 Nam
1709 500 1759 544 et
1784 513 1894 544 con-

133 581 244 644 jugi
263 586 452 638 vestrae,
477 583 656 627 nostrae
681 578 888 641 spiritali
906 578 1034 637 filiae,
1055 579 1324 627 direximus
1341 595 1429 642 per
1447 579 1678 641 praefatos
1700 579 1895 642 gerulos

59 684 63 687 ·
139 679 328 711 crucem
388 662 569 710 clavem
628 678 822 710 auream
877 661 1134 709 habentem
1182 662 1242 709 de
1303 660 1640 709 sacratissimis
1686 661 1896 709 vinculis

140 747 391 794 beatorum
422 744 747 808 apostolorum
778 743 910 792 Petri
941 748 990 792 et
1020 743 1194 792 Pauli:
1232 744 1291 791 de
1325 746 1462 806 cujus
1488 744 1569 806 pio
1599 744 1760 792 studio
1787 760 1897 805 cog-

140 833 400 887 noscentes,
424 832 616 875 tantum
640 832 810 874 cuncta
834 827 969 875 sedes
998 827 1261 890 apostolica
1284 843 1381 875 una
1405 826 1660 874 nobiscum
1683 827 1895 885 laetatur,

141 917 377 974 quantum
397 913 496 973 ejus
514 909 595 973 pia
613 926 758 973 opera
776 925 935 957 coram
957 909 1061 957 Deo
1085 910 1303 973 fragrant
1327 913 1377 957 et
1399 914 1619 958 vernant.
1674 909 1898 959 Festinet

140 993 311 1056 igitur,
338 1009 626 1056 quaesumuS,
650 996 812 1041 vestra
844 993 1093 1052 celsitudo,
1119 998 1175 1041 ut
1205 997 1441 1055 optamus,
1466 995 1620 1040 totam
1653 1008 1793 1040 suam
1823 993 1897 1040 in-

142 1076 297 1124 sulam
317 1076 420 1124 Deo
439 1075 634 1124 Christo
653 1060 827 1125 dicare.
887 1075 1114 1124 Profecto
1133 1074 1263 1123 enim
1282 1075 1429 1122 habet
1447 1078 1784 1138 protectorem,
1806 1074 1897 1122 hu-

142 1158 274 1206 mani
296 1158 482 1221 generis
513 1158 866 1221 redemptorem
891 1157 1157 1206 Dominum
1185 1163 1407 1205 nostrum
1429 1157 1468 1206 J
1469 1174 1604 1205 esum
1631 1156 1896 1217 Christum,

141 1241 225 1304 qui
249 1241 292 1289 ei
316 1246 486 1289 cuncta
508 1257 739 1303 prospera
762 1240 1025 1303 impertiet,
1051 1243 1110 1287 ut
1140 1257 1322 1288 novum
1349 1239 1533 1287 Christi
1561 1241 1798 1303 populum
1823 1258 1900 1290 co-

140 1330 343 1384 acervet,
369 1324 654 1372 catholicam
678 1323 748 1371 ibi
772 1331 821 1372 et
845 1324 1159 1387 apostolicam
1177 1324 1476 1372 constituens
1499 1325 1661 1373 fidem.
1735 1325 1899 1389 Scrip-

141 1412 248 1455 tum
273 1408 367 1455 est¹
386 1407 514 1455 enim
533 1423 542 1455 :
584 1411 611 1433 “
625 1406 840 1467 Quaerite
865 1406 1078 1469 primum
1103 1424 1307 1470 regnum
1327 1407 1437 1466 Dei,
1457 1413 1505 1455 et
1517 1407 1763 1471 justitiam
1782 1409 1899 1472 ejus,

142 1495 191 1537 et
208 1489 309 1537 haec
327 1490 490 1538 omnia
507 1489 795 1552 adjicientur
812 1488 993 1537 vobis.''
1046 1489 1295 1537 Nimirum
1315 1490 1443 1537 enim
1464 1490 1654 1553 quaerit,
1674 1496 1722 1539 et
1746 1491 1902 1555 impe-

143 1573 310 1631 travit,
330 1578 379 1620 et
403 1572 448 1620 ei
474 1589 639 1620 omnes
664 1589 762 1620 suae
785 1571 970 1631 insulae,
997 1577 1054 1620 ut
1078 1574 1315 1635 optamus,
1344 1573 1628 1622 subdentur.
1691 1574 1902 1623 Paterno

141 1654 304 1718 itaque
329 1653 502 1702 affectu
524 1654 790 1702 salutantes
809 1661 1019 1702 vestram
1040 1654 1393 1714 excellentiam,
1415 1656 1631 1704 divinam
1649 1674 1903 1720 precamur

134 1736 320 1800 jugiter
344 1735 661 1795 clementiam,
687 1753 796 1799 quae
823 1753 909 1785 vos
932 1742 1214 1800 vestrosque
1239 1754 1403 1786 omnes
1437 1739 1486 1786 in
1511 1740 1735 1788 omnibus
1759 1741 1902 1789 bonis

141 1818 367 1881 operibus
402 1818 624 1866 auxiliari
660 1818 903 1882 dignetur,
934 1825 990 1867 ut
1027 1836 1138 1867 cum
1176 1819 1371 1869 Christo
1405 1820 1455 1868 in
1488 1821 1656 1870 futuro
1689 1824 1903 1886 regnetis

141 1901 324 1949 saeculo.
397 1901 696 1949 Incolumem
732 1901 1067 1951 excellentiam
1103 1906 1318 1951 vestram
1353 1904 1516 1968 gratia
1552 1921 1762 1969 superna
1797 1923 1902 1954 cus-

146 1981 335 2031 todiatss

211 2065 335 2126 Quis
370 2083 483 2114 sane
519 2083 606 2130 pro
641 2066 898 2130 Vighardo
934 2073 1159 2131 repertus
1194 2086 1248 2117 ac
1284 2068 1536 2118 dedicatus
1582 2070 1648 2119 sit
1683 2070 1902 2132 antistes,

140 2147 264 2197 libro
288 2153 517 2212 sequente
542 2149 866 2213 opportunius
889 2151 1092 2200 dicetur.

831 2352 978 2403 OAP.
1016 2353 1195 2402 XXX.

184 2486 235 2526 Ut
258 2485 484 2529 orientales
500 2488 679 2531 Samones
697 2496 872 2543 tempore
891 2491 1162 2532 mortalitatis
1181 2492 1238 2532 ad
1257 2493 1502 2535 idolatriam
1521 2496 1684 2548 reversi,
1703 2497 1774 2538 sed
1785 2511 1863 2549 per

335 2558 584 2600 instantiam
602 2559 639 2599 J
636 2562 863 2601 arumamii
882 2562 1062 2613 episcopi
1081 2576 1178 2603 ‘mox
1198 2563 1284 2604 sint
1302 2564 1354 2604 ab
1375 2578 1510 2605 errore
1529 2567 1708 2607 correcti.

216 2675 409 2723 EODEM
436 2680 653 2740 tempore
684 2678 945 2742 provinciae
975 2679 1302 2730 Orientalium
1333 2683 1580 2733 Saxonum
1612 2691 1723 2750 post
1760 2686 1902 2737 suid-

146 2759 378 2817 helmum,
420 2758 478 2806 de
526 2777 621 2823 quo
668 2763 846 2825 supra²
880 2761 1106 2823 diximus,
1142 2765 1377 2828 praefuere
1423 2785 1558 2832 reges
1638 2795 1826 2838 sigehere,

150 2840 371 2905 Sigheri³
406 2844 455 2889 et
496 2840 643 2890 sebbi
657 2844 689 2902 ⁴,
725 2844 950 2907 quamvis
985 2844 1081 2909 ipsi
1116 2847 1221 2912 regi
1259 2849 1555 2899 Marciorum
1625 2856 1696 2881 one
1711 2846 1831 2881 ofthe

205 2970 218 2993 ¹
247 2971 458 3023 Scriptum
477 2972 553 3025 est]
575 2973 706 3014 Matt.
727 2973 782 3015 vi.
806 2986 869 3026 33.
1054 2975 1249 3018 Wilburh
1278 2979 1485 3032 daughter
1512 2981 1556 3021 of
1582 2980 1738 3020 Penda.
1795 2980 1904 3032 Lap-

204 3024 220 3047 ²
247 3026 392 3079 supra]
416 3027 462 3066 P.
492 3030 580 3077 184.
1053 3032 1251 3084 penberg.

204 3081 220 3104 ³
247 3081 432 3135 Siyheri]
461 3082 544 3122 Son
577 3083 624 3122 of
651 3083 871 3135 Sigeberht
899 3085 999 3125 Par-
1108 3086 1123 3110 ⁴
1151 3088 1283 3139 Sebbi]
1325 3089 1410 3129 Son
1447 3090 1495 3129 of
1522 3090 1712 3135 Saeward‚
1747 3102 1824 3128 one
1862 3088 1909 3128 of

150 3148 239 3181 vus,
272 3150 311 3188 p.
347 3136 437 3185 182,
468 3137 570 3176 with
598 3144 695 3177 note
725 3152 762 3190 4,
795 3139 877 3178 and
905 3139 999 3180 hus·
1053 3141 1124 3181 the
1152 3147 1340 3194 apostate
1368 3158 1462 3184 sons
1490 3145 1536 3184 of
1559 3145 1628 3184 the
1658 3145 1746 3183 first
1766 3144 1903 3183 Chris-

150 3189 261 3230 band
289 3191 337 3230 of
360 3192 420 3232 St.
450 3191 597 3243 Osyth,
627 3192 698 3232 the
725 3193 930 3246 daughter
957 3195 1004 3234 of
1052 3197 1142 3237 tian
1170 3198 1283 3251 king,
1313 3200 1512 3245 Saeberht,
1541 3213 1608 3238 see
1635 3213 1675 3250 p.
1702 3210 1790 3245 101,
1818 3198 1902 3238 and

152 3243 421 3296 Frithewald,
470 3247 574 3300 king
620 3247 669 3288 of
709 3248 876 3302 Surrey,
915 3250 997 3289 and
1052 3251 1222 3293 brother
1241 3253 1288 3294 of
1300 3254 1522 3306 Sigeberht
1541 3255 1712 3293 Parvus.

1011 3334 1042 3367 P
