2216 3554
132 209 250 258 CAP.
269 207 377 278 xx.]
756 209 919 259 Gentis
942 199 1230 273 Anyloiwm·
1783 218 1804 260 1
1816 209 1876 261 79

131 345 442 393 Ercunualdo
456 346 471 372 ¹
490 343 750 392 honorifice
765 349 1028 407 susceptus,
1046 341 1392 390 monasterium
1411 343 1688 391 construxit
1703 344 1755 391 in
1774 346 1878 393 loco

131 427 425 476 Latineaco²
459 426 720 485 nominato,
747 443 801 474 ac
833 443 928 474 non
965 426 1119 473 multo
1153 430 1263 488 post
1298 423 1583 472 infirmitate
1616 431 1877 490 correptus,

132 509 259 557 diem
281 510 453 559 clausit
471 509 695 558 ultimum
713 510 742 558 ³.
790 509 938 571 Cujus
957 524 1131 571 corpus
1146 507 1275 555 idem
1293 506 1633 556 Ercunualdus
1647 509 1881 571 patricius

131 593 382 656 accipiens,
407 593 616 642 servavit
640 591 692 639 in
711 591 902 655 porticu
927 591 1135 654 quadam
1155 590 1378 648 ecclesiae,
1399 606 1544 652 quam
1568 589 1622 637 in
1646 590 1761 638 villa
1779 609 1879 652 sua,

132 675 210 721 cui
234 693 404 723 nomen
426 679 498 724 est
521 675 735 723 Perrona
747 675 779 733 ⁴,
801 673 1023 731 faciebat,
1049 673 1200 721 donec
1224 673 1328 736 ipsa
1348 672 1544 720 ecclesia
1562 672 1880 723 dedicaretur.

133 757 275 816 Quod
310 759 426 805 dum
460 763 570 821 post
605 756 708 804 dies
743 755 920 819 viginti
963 752 1180 819 septem⁵
1219 758 1344 803 esset
1378 755 1577 814 factum,
1621 759 1671 803 et
1707 772 1882 819 corpus

131 840 290 902 ipsum
315 840 374 888 de
409 840 596 902 porticu
633 839 866 898 ablatum,
891 855 1041 902 prope
1076 838 1227 887 altare
1263 844 1387 886 esset
1411 838 1783 896 recondendum,
1810 837 1881 884 in-

131 927 332 970 ventum
367 928 439 971 est
473 923 544 970 ita
578 922 801 982 inlesum,
831 939 885 970 ac
921 921 963 970 si
998 921 1164 970 eadem
1201 921 1320 969 hora
1353 921 1412 968 de
1446 921 1535 969 hac
1571 921 1677 968 luce
1712 920 1883 969 fuisset

131 1021 361 1066 egressus
446 1004 541 1053 Sed
584 1012 632 1053 et
673 1010 784 1068 post
825 1021 975 1053 annos
1018 1008 1239 1068 quatuor,
1277 1008 1552 1051 constructa
1593 1003 1883 1052 domuncula

132 1087 334 1136 cultiore
357 1087 570 1151 receptui
595 1087 812 1150 corporis
836 1087 1064 1150 ejusdem,
1081 1087 1143 1135 ad
1167 1086 1404 1134 orientem
1422 1085 1588 1133 altaris
1605 1085 1762 1134 adhuc
1781 1086 1883 1134 sine

132 1170 319 1218 macula
353 1170 672 1233 corruptionis
704 1169 973 1228 inventum,
999 1169 1182 1218 ibidem
1205 1169 1355 1233 digno
1388 1185 1499 1216 cum
1522 1168 1702 1217 honore
1725 1173 1883 1217 trans-

131 1252 284 1299 latum
309 1259 411 1312 est3
448 1253 534 1300 ubi
568 1253 742 1301 merita
777 1252 911 1300 illius
943 1252 1110 1300 multis
1143 1269 1268 1315 saepe
1303 1255 1491 1300 constat
1524 1252 1629 1299 Deo
1653 1257 1884 1314 operante

131 1334 358 1383 claruisse
381 1335 662 1383 virtutibus.
734 1336 857 1383 Haec
879 1335 939 1383 de
973 1335 1187 1398 corporis
1212 1337 1314 1397 ejus
1338 1334 1702 1397 incorruptione
1725 1335 1883 1384 brevi-

129 1423 206 1464 ter
238 1418 503 1482 attigimus,
529 1423 584 1466 ut
621 1425 802 1483 quanta
826 1424 949 1467 esset
982 1417 1081 1466 viri
1113 1417 1388 1465 sublimitas
1419 1417 1694 1480 legentibus
1718 1418 1884 1467 notius

130 1500 376 1549 existeret.
463 1502 584 1562 Quae
632 1505 806 1550 cuncta
839 1502 891 1549 in
926 1501 1090 1550 libello
1127 1503 1228 1564 ejus
1271 1499 1584 1549 sufficientius
1619 1502 1703 1550 sed
1738 1505 1788 1550 et
1824 1501 1884 1549 de

130 1583 240 1630 aliis
265 1581 870 1648 commilitonibus‘ipsiuffi
896 1585 1101 1649 quisque
1125 1584 1298 1649 legerit
1320 1583 1551 1632 inveniet.

847 1778 991 1827 OAP.
1031 1778 1154 1827 XX.

130 1913 178 1954 Ut
193 1915 382 1968 dczj‘uncto
411 1917 614 1968 Honorio,
642 1918 885 1970 pontificatu
914 1919 967 1959 sit
989 1919 1164 1971 functas
1192 1917 1419 1959 Deusdedit
1431 1933 1444 1963 ;
1474 1922 1512 1959 et
1542 1920 1613 1971 qui
1641 1919 1687 1959 in
1713 1926 1885 1974 tempore

224 1984 298 2026 illo
320 1985 599 2028 Orientalium
618 1987 860 2041 Anylorum,
886 1989 958 2041 qui
978 1989 1198 2042 Hrosensis
1218 1988 1389 2030 ecclesiae
1400 1988 1567 2042 fecerint
1587 1990 1802 2032 antistites.

197 2111 434 2159 [umam
468 2113 694 2161 defuncto
743 2114 902 2163 Felice
920 2116 937 2141 ⁶
986 2114 1311 2164 Orientalium
1354 2113 1626 2179 Anglorum
1662 2115 1884 2181 episcopo

129 2197 237 2256 post
277 2194 438 2241 decem
487 2201 536 2243 et
573 2202 756 2259 septem
798 2215 949 2246 annos
996 2199 1180 2263 accepti
1217 2199 1539 2262 episcopatus,
1583 2219 1746 2255 Thomas
1766 2221 1844 2255 and

131 2276 379 2324 Honorius
419 2277 523 2326 1000
566 2278 668 2341 ejus
715 2279 959 2329 ordinavit
1005 2282 1246 2329 Thomam
1283 2282 1542 2330 diaconum
1604 2270 1819 2362 ὺξξζξὲξίξῗι

130 2358 235 2420 ejus
258 2358 317 2406 de
341 2360 591 2422 provincia
607 2361 905 2425 Gyruiorum
921 2365 939 2391 ⁷
963 2381 972 2412 :
1012 2370 1061 2412 et
1079 2365 1170 2413 hoc
1194 2369 1305 2428 post
1330 2366 1542 2430 quinque
1584 2369 1839 2413 Base-Angue„

184 2495 197 2518 ¹
228 2496 515 2550 Ercunualdo]
552 2498 827 2545 Ercffinwald,
861 2514 887 2540 a
916 2514 978 2540 re-

1035 2502 1080 2542 of
1126 2502 1279 2555 Inguff,
1330 2504 1485 2555 quoted
1540 2505 1598 2558 by
1643 2506 1884 2551 Stevenson,

130 2552 259 2591 lation
291 2551 337 2590 of
359 2551 479 2604 King
506 2553 784 2605 Dagoberht’s
821 2569 875 2594 011
911 2556 978 2596 his

1034 2558 1171 2609 places
1197 2558 1263 2598 his
1289 2558 1415 2598 death
1442 2559 1488 2599 in
1506 2571 1590 2600 ΑΛ).
1613 2560 1707 2614 646.
1763 2561 1882 2609 Gale,

132 2604 327 2645 mother's
365 2606 464 2653 side,
495 2609 719 2648 succeeded
747 2622 793 2648 as
827 2611 978 2651 ‘maire

131 2661 186 2700 du
202 2659 354 2712 palais’
370 2674 420 2700 on
442 2661 567 2709 Ega's
582 2663 719 2709 death,
735 2665 777 2703 in
788 2675 874 2705 ΑΒ.
884 2665 979 2716 640.

131 2717 243 2756 Stev.
260 2730 269 2763 ;
300 2715 526 2766 Bouquet’s
547 2717 730 2765 Recueil,
750 2718 808 2758 iii.
833 2719 923 2770 136.

185 2770 201 2792 ²
229 2770 474 2823 Latineaco]
516 2771 677 2824 Lagny,
710 2786 811 2812 near
847 2774 979 2820 Paris,

131 2839 184 2864 on
206 2825 277 2864 the
294 2825 458 2864 Mame.
504 2826 612 2866 Gall.
629 2827 780 2867 Christ.
797 2828 868 2868 vii.
885 2840 978 2882 490.

132 2880 313 2919 Furseus
330 2893 412 2919 was
431 2879 560 2920 abbot
579 2881 697 2921 there
712 2883 781 2922 till
795 2883 866 2922 the
880 2897 981 2936 year

131 2935 176 2975 of
190 2934 255 2973 his
274 2934 413 2974 death.

185 2990 200 3012 ³
228 2989 337 3030 diem
364 2988 514 3029 clausit
541 2989 756 3045 ultimum]
787 2992 884 3032 Jan.
919 2991 980 3040 16,

132 3055 217 3084 As).
240 3043 335 3095 650.
392 3044 506 3083 Stev.

185 3099 200 3121 ⁴
223 3097 424 3150 Per-rona]
443 3099 708 3146 Peronne‚on
719 3101 791 3141 the
803 3101 981 3144 Somme.

185 3155 200 3177 ⁵
227 3153 377 3206 viqinti
404 3153 570 3206 septem]
602 3155 692 3195 One
719 3156 768 3195 of
788 3156 861 3196 the
886 3157 980 3198 MS.

133 3208 256 3248 Lives
275 3221 368 3261 says
386 3208 529 3261 thirty.
585 3208 626 3250 S.

185 3264 201 3287 ⁶
229 3263 421 3316 defuncto
441 3263 591 3316 Felice]
615 3264 705 3305 The
718 3266 982 3307 continuator

1033 2613 1061 2653 i.
1082 2623 1171 2665 109.
1218 2613 1320 2653 This
1342 2615 1476 2655 would
1495 2620 1573 2667 put
1593 2617 1655 2655 his
1675 2630 1883 2656 consecra-

1033 2667 1136 2713 tion,
1174 2668 1258 2707 and
1294 2671 1593 2723 consequently
1631 2669 1884 2724 Sigeberht⁷s

1034 2722 1204 2774 reignin
1214 2723 1506 2777 East-Anglia,
1515 2726 1623 2765 back
1630 2730 1673 2766 to
1686 2737 1773 2766 A.D.
1788 2725 1882 2777 629.

1035 2777 1111 2817 See
1140 2791 1180 2830 p.
1205 2778 1294 2824 126,
1320 2784 1417 2819 note
1442 2791 1476 2821 Ι.
1534 2782 1653 2820 Felix
1682 2795 1766 2821 was
1794 2781 1884 2819 first

1035 2832 1182 2871 buried
1210 2837 1254 2872 at
1282 2833 1502 2882 Dunwich,
1524 2836 1625 2875 then
1655 2835 1883 2875 translated

1034 2890 1079 2926 to
1106 2886 1257 2927 seham
1285 2902 1386 2929 near
1413 2890 1506 2942 Ely,
1527 2892 1609 2930 and
1634 2891 1734 2942 long
1762 2890 1882 2929 after-

1035 2942 1168 2981 wards
1193 2947 1236 2983 to
1256 2943 1436 2997 Romsey
1454 2946 1618 2997 Abbey.
1670 2946 1882 2996 Oapgrave

1037 3000 1164 3038 states
1188 2997 1284 3038 that
1309 2999 1381 3039 the
1401 3000 1482 3052 day
1502 3001 1549 3040 of
1561 3001 1626 3039 his
1652 3000 1778 3039 death
1799 3011 1882 3037 was

1037 3051 1187 3092 March
1210 3054 1247 3093 8.
1302 3055 1432 3106 Angl.
1453 3055 1565 3096 Sacr.
1586 3055 1612 3094 i.
1634 3065 1727 3105 403.

1089 3106 1105 3130 ⁷
1136 3107 1404 3162 Gyruiorum]
1445 3110 1557 3149 ‘The
1594 3109 1692 3148 land
1730 3107 1777 3146 of
1810 3107 1884 3147 the

1035 3160 1221 3214 Clyt-was,
1289 3165 1530 3216 containing
1601 3174 1703 3202 1200
1765 3161 1883 3200 hides

1038 3215 1183 3268 [about
1238 3230 1388 3270 40,000
1435 3219 1564 3269 acres]
1616 3216 1751 3257 which
1797 3229 1883 3255 was

1034 3273 1269 3326 accurately
1302 3273 1470 3313 divided
1504 3275 1592 3312 into
1629 3286 1654 3312 a
1686 3270 1883 3311 northern

961 3353 1049 3388 ΝΖ
