2216 3554
191 170 311 220 GAP.
329 164 459 236 XIX]
516 229 519 233 ι
825 166 989 218 Gentis
1024 165 1308 229 Anylorum.
1848 170 1946 214 255

192 312 403 360 maxilla.
477 310 537 358 ‘J
540 311 860 372 usseruntque
894 307 1003 366 me‚’
1036 306 1216 370 inquit,
1249 306 1488 355 ‘incidere
1517 311 1758 356 tumorem
1792 308 1948 370 illum,

191 398 251 441 ut
282 393 496 441 efflueret
530 390 705 440 noxius
736 390 913 438 humor
937 389 1023 453 qui
1055 389 1240 437 inerat:
1279 389 1406 452 quod
1431 406 1541 437 cum
1569 390 1789 449 facerem,
1815 391 1949 439 vide-

194 476 337 523 batur
371 475 456 523 illa
490 491 577 538 per
610 473 815 522 biduum
852 472 1103 535 aliquanto
1145 472 1299 520 levius
1335 472 1514 520 habere
1530 489 1543 532 3
1592 472 1663 521 ita
1711 477 1766 521 ut
1807 474 1951 522 multi

191 562 436 621 putarent,
480 557 594 620 quia
635 555 793 605 sanari
834 560 997 617 posset
1037 571 1066 602 a
1106 554 1353 618 languore.
1452 555 1614 603 Tertia
1660 559 1825 603 autem
1873 556 1951 604 die

191 640 435 704 prioribus
476 640 738 702 adgravata
776 638 1039 698 doloribus,
1076 643 1127 685 et
1174 643 1316 700 rapta
1358 638 1611 686 confestim
1653 638 1712 686 de
1754 639 1950 698 mundo,

193 723 407 770 dolorem
444 739 638 771 omnem
672 718 727 769 66
763 727 972 768 mortem
1012 726 1248 784 perpetua
1288 721 1445 768 salute
1487 738 1543 769 ac
1579 721 1682 769 vita
1723 722 1951 770 mutavit.

120 819 125 823 ⁴
195 805 415 868 Cumque
452 810 561 868 post
597 808 674 852 tot
716 820 865 852 annos
906 803 1140 852 elevanda
1181 807 1341 852 essent
1379 820 1487 852 ossa
1526 804 1585 852 de
1627 805 1860 868 sepulcro,
1904 810 1954 853 et

195 893 391 938 extento
427 889 633 951 desuper
669 887 912 951 papilione
929 888 958 947 ¹,
1007 887 1164 936 omnis
1207 888 1532 952 congregatio,
1575 887 1689 936 hinc
1729 888 1953 948 fratrum,

194 972 307 1020 inde
338 988 557 1019 sororum
585 956 796 1034 psallens
828 970 1173 1030 circumstaret,
1205 970 1311 1035 ipsa
1342 967 1505 1019 autem
1541 970 1783 1019 abbatissa
1818 971 1954 1020 intus

195 1070 305 1101 cum
329 1054 494 1118 paucis
519 1070 625 1101 ossa
650 1053 837 1102 elatura
861 1059 909 1102 et
938 1053 1156 1102 dilutura
1186 1053 1429 1113 intrasset,
1455 1059 1653 1117 repente
1677 1053 1953 1103 audivimus

195 1136 485 1184 abbatissam
522 1136 654 1184 intus
695 1153 811 1184 voce
850 1136 978 1184 clara
1018 1136 1347 1199 proclamare:
1410 1139 1437 1162 “
1457 1136 1535 1184 Sit
1572 1137 1730 1200 gloria
1768 1138 1954 1185 nomini

196 1218 445 1267 Domini.'’
516 1221 618 1270 Nec
643 1220 796 1268 multo
821 1225 932 1282 post
958 1220 1290 1268 clamaverunt
1314 1236 1405 1278 me,
1431 1220 1565 1268 intus
1590 1225 1802 1270 reserato
1827 1221 1953 1270 ostio

195 1302 482 1366 papilionis:
521 1302 720 1365 vidique
753 1302 997 1350 elevatum
1033 1302 1091 1349 de
1128 1301 1334 1360 tumulo,
1361 1306 1410 1349 et
1445 1301 1661 1364 positum
1692 1302 1745 1350 in
1777 1303 1954 1352 lectulo

197 1401 370 1448 corpus
400 1401 545 1433 sacrae
576 1384 683 1432 Deo
710 1383 915 1448 virginis
940 1384 1078 1447 quasi
1107 1383 1392 1432 dormientis
1422 1383 1594 1432 simile.
1666 1384 1762 1434 Sed
1786 1391 1835 1434 et
1858 1387 1954 1435 dis-

197 1471 422 1531 cooperto
456 1468 622 1516 vultus
658 1467 958 1527 indumentO,
994 1471 1393 1515 monstraverunt
1436 1467 1558 1515 mihi
1595 1467 1744 1516 etiam
1779 1470 1955 1518 vulnus

197 1551 423 1600 incisurae
457 1552 585 1615 quod
618 1551 837 1610 feceram,
863 1550 1086 1599 curatum
1103 1567 1115 1611 ;
1153 1551 1224 1599 ita
1255 1555 1312 1599 ut
1344 1550 1526 1599 mirum
1563 1552 1614 1599 in
1643 1553 1840 1601 modum
1865 1571 1955 1617 pro

198 1639 365 1698 aperto
395 1640 444 1683 et
475 1634 639 1682 hiante
663 1635 862 1682 vulnere
897 1651 1007 1682 cum
1033 1651 1128 1697 quo
1166 1634 1353 1697 sepulta
1383 1638 1500 1692 erat,
1528 1635 1814 1683 tenuissima
1838 1642 1957 1685 tunc

199 1717 436 1766 cicatricis
473 1717 680 1779 vestigia
714 1717 970 1780 parerent?
1043 1717 1139 1766 Sed
1175 1723 1223 1765 et
1260 1717 1545 1766 linteamina
1581 1719 1744 1766 omnia
1781 1720 1957 1783 quibus

199 1800 476 1848 involutum
501 1805 604 1848 erat
629 1816 816 1863 corpus,
842 1800 1034 1863 integra
1058 1805 1401 1864 apparuerunt,
1428 1805 1477 1848 et
1506 1801 1577 1848 ita
1601 1818 1740 1861 nova,
1765 1808 1822 1850 ut
1851 1802 1958 1866 ipso

200 1882 280 1931 die
314 1882 598 1931 viderentur
633 1883 779 1931 castis
816 1883 917 1946 ejus
953 1883 1184 1931 membris
1220 1900 1320 1932 esse
1357 1884 1667 1933 circumdata.
1775 1885 1959 1935 Ferunt

199 1971 362 2014 aut-em
397 1966 512 2030 quia
553 1983 662 2014 oum
703 1966 905 2029 praefato
946 1971 1138 2015 tumore
1178 1983 1234 2015 66
1268 1967 1435 2015 dolore
1474 1967 1683 2015 maxillae
1717 1967 1817 2016 sive
1849 1970 1959 2018 colli

200 2054 518 2112 premeretur,
562 2048 772 2096 multum
814 2048 1053 2096 delectata
1093 2049 1157 2097 sit
1198 2049 1287 2097 hoc
1334 2066 1509 2113 genere
1549 2049 1863 2110 infirmitatis,
1904 2070 1960 2101 ac

202 2132 345 2180 solita
370 2132 532 2179 dicere
554 2150 562 2179 :
604 2135 615 2156 ‘
633 2130 742 2179 Scio
767 2131 1049 2191 certissime,
1077 2132 1190 2195 quia
1215 2132 1390 2180 merito
1420 2132 1473 2179 in
1497 2133 1620 2180 60110
1643 2134 1833 2197 pondus
1856 2134 1960 2182 lan-

200 2215 365 2278 guoris
397 2219 554 2277 porto,
580 2212 632 2260 in
665 2230 760 2277 quo
792 2213 1103 2277 juvenculam
1135 2232 1211 2263 me
1244 2215 1446 2263 memini
1479 2232 1775 2279 supervacua
1808 2217 1961 2265 moni-

200 2298 324 2345 lium
359 2296 576 2361 pondera
611 2299 834 2359 portare:
873 2302 922 2345 et
960 2297 1101 2353 credo
1141 2298 1270 2361 quod
1308 2297 1417 2346 ideo
1451 2315 1530 2347 me
1565 2315 1772 2363 superna
1807 2298 1962 2362 pietas

202 2381 364 2429 dolore
413 2379 527 2427 colli
562 2378 721 2427 voluit
760 2379 972 2442 gravari,
1013 2384 1070 2427 ut
1112 2380 1180 2428 sic
1221 2380 1444 2429 absolvar
1479 2387 1618 2430 reatu
1653 2398 1962 2445 supervacuae

201 2462 416 2512 levitatis
435 2479 450 2522 ,-
487 2461 603 2508 dum
627 2460 753 2508 mihi
778 2478 907 2509 nunc
931 2478 1020 2524 pro
1044 2478 1161 2510 auro
1186 2467 1234 2511 et
1264 2463 1558 2527 margaritis,
1583 2464 1643 2513 de
1667 2465 1790 2513 collo
1814 2465 1963 2513 rubor

202 2544 423 2604 tumoris,
450 2543 688 2607 ardorque
720 2544 1023 2607 promineat.'
1096 2545 1317 2608 Contigit
1347 2553 1514 2603 autem
1545 2551 1680 2596 tactu
1708 2547 1963 2596 indumen-

203 2635 368 2676 torum
392 2626 688 2684 eorumdem,
710 2630 759 2674 et
783 2626 1022 2675 daemonia
1046 2628 1107 2676 ab
1131 2629 1335 2677 obsessis
1361 2630 1572 2693 effugata
1595 2631 1891 2694 corporibus,
1914 2635 1964 2680 et

203 2709 513 2759 infirmitates
553 2708 675 2756 alias
715 2708 974 2772 aliquoties
1015 2726 1116 2759 esse
1155 2717 1361 2760 curatas.
1435 2712 1531 2761 Sed
1568 2717 1618 2762 et
1658 2714 1872 2762 loculum
1911 2714 1964 2762 in

205 2810 302 2857 quo
338 2792 494 2856 primo
531 2793 721 2856 sepulta
744 2797 831 2852 est,
858 2793 1108 2841 nonnullis
1138 2794 1300 2842 oculos
1333 2795 1609 2845 dolentibus
1638 2797 1786 2845 saluti
1816 2796 1965 2845 fuisse

203 2875 464 2940 perhibent
479 2891 492 2935 3
532 2875 617 2938 qui
641 2891 750 2923 cum
774 2892 917 2923 suum
943 2880 1090 2939 caput
1121 2876 1280 2925 eidem
1316 2877 1474 2926 loculo
1508 2884 1809 2943 apponentes
1834 2897 1964 2928 oras-

204 2964 325 3019 sent,
352 2974 465 3005 mox
501 2958 680 3006 doloris
716 2958 818 3006 sive
850 2958 1074 3020 caliginis
1106 2959 1466 3009 incommodum
1498 2962 1560 3010 ab
1590 2963 1740 3011 oculis
1772 2979 1963 3010 amove-

205 3046 328 3089 rent.
384 3040 629 3088 Lave'runt
647 3040 802 3103 igitur
820 3041 1034 3104 virgines
1058 3059 1244 3106 corpus,
1265 3049 1314 3092 et
1338 3044 1476 3093 novis
1501 3045 1728 3093 indutum
1747 3044 1963 3093 vestibus

205 3122 479 3172 intulerunt
514 3122 564 3170 in
607 3121 869 3183 ecclesiam,
901 3128 1047 3188 atque
1083 3124 1135 3172 in
1164 3142 1218 3173 eo
1253 3127 1383 3190 quod
1418 3128 1637 3176 adlatum
1674 3130 1778 3175 erat
1807 3143 1962 3175 sarco-

683 3231 695 3255 ¹
722 3233 956 3287 papilione]
982 3236 993 3255 ‘
1007 3234 1224 3277 Paviliom'
1282 3236 1359 3277 See
1380 3252 1419 3278 v.
1440 3236 1479 3278 6.
