2216 3554
347 163 445 209 240
849 179 853 184 ’
921 158 1151 208 Historia
1183 159 1524 209 Ecclesia-stica
1872 156 2004 230 [Lm.
2024 177 2095 211 η’.

346 292 610 342 Saxonum.
694 292 872 357 Itaque
908 293 1172 358 episcopus,
1205 294 1510 353 concedente,
1544 293 1695 342 immo
1731 294 1944 343 multum
1978 303 2095 359 gau-

345 374 491 424 dente
538 392 663 438 rege,
712 375 898 439 primos
954 372 1217 440 provinciae
1263 376 1409 424 duces
1456 393 1512 424 ac
1558 375 1741 424 milites
1797 381 2098 427 sacrosancto

344 456 478 505 fonte
513 457 767 517 abluebat3
805 475 976 507 verum
1012 459 1284 522 presbyteri
1323 458 1511 522 Eappa,
1549 464 1597 506 et
1631 457 1815 518 Padda,
1853 465 1903 508 et
1941 459 2097 522 Burg—

345 539 490 598 helm,
517 546 565 589 et
589 539 751 600 oiddi,
776 546 999 590 caeteram
1022 541 1226 605 plebem,
1252 541 1330 589 vel
1361 547 1479 589 tunc
1502 540 1582 588 vel
1615 547 1834 604 tempore
1864 546 2098 605 sequente

345 621 673 684 baptizabant.
743 622 893 670 Porro
926 623 1093 686 regina
1115 622 1310 670 nomine
1342 622 1502 670 Eabae
1538 622 1589 668 in
1623 638 1723 681 sua,
1749 622 1801 669 id
1833 627 1918 682 est,
1944 622 2099 670 Huic-

346 703 533 752 ciorum
547 703 564 730 ¹
587 704 853 768 provincia,
878 706 1039 753 fuerat
1069 705 1330 768 baptizata.
1400 704 1526 752 Erat
1550 708 1712 752 autem
1736 704 1837 752 filia
1860 703 2098 763 Eanfridi,

346 786 513 835 fratris
550 787 773 845 AEnheri,
816 787 902 851 qui
947 788 1089 836 ambo
1136 804 1243 835 cum
1289 804 1376 835 suo
1422 787 1601 850 populo
1642 786 1909 835 Christiani
1950 787 2098 834 fuere.

347 869 590 918 Caeterum
632 876 737 918 tota
771 868 1021 932 provincia
1061 869 1365 917 Australium
1407 868 1658 918 Saxonum
1693 868 1850 917 divini
1889 868 2100 917 nominis

347 957 397 1000 et
422 952 535 999 fidei
560 956 664 1000 erat
687 952 872 1015 ignara.

415 1034 540 1082 Erat
586 1039 747 1082 autem
794 1033 864 1081 ibi
905 1033 1169 1081 monachus
1210 1033 1407 1096 quidam
1445 1033 1505 1081 de
1552 1034 1752 1081 natione
1801 1033 2100 1092 Scottorum,

345 1117 580 1164 vocabulo
630 1115 788 1174 Dicul,
838 1116 1020 1163 habens
1071 1115 1468 1163 monasteriolum
1517 1115 1850 1178 permodicum
1896 1114 1949 1162 in
1995 1114 2101 1162 loco

347 1199 433 1263 qui
467 1204 667 1247 vocatur
707 1197 1037 1245 Bosanhamm
1052 1199 1083 1257 2,
1127 1197 1262 1245 silvis
1304 1201 1353 1245 et
1394 1197 1518 1245 mari
1560 1196 1926 1253 circumdatum,
1964 1202 2013 1245 et
2051 1197 2102 1244 in

347 1299 403 1329 eo
439 1281 614 1328 fratres
649 1280 866 1344 quinque
902 1279 1002 1328 sive
1036 1295 1133 1339 sex,
1158 1279 1210 1326 in
1238 1280 1414 1327 humili
1437 1286 1486 1328 et
1519 1297 1731 1344 paupere
1755 1280 1860 1327 vita
1890 1278 2102 1326 Domino

346 1363 650 1412 famulantes.
723 1362 818 1411 Sed
854 1362 1226 1425 provincialium
1262 1363 1426 1411 nullus
1461 1379 1627 1411 eorum
1662 1362 1740 1412 vel
1769 1362 1923 1410 vitam
1958 1378 2102 1410 aemu-

346 1444 451 1504 lari,
476 1444 552 1492 vel
577 1443 974 1508 praedicationem
998 1445 1199 1492 curabat
1224 1445 1406 1494 audire.

414 1526 768 1590 Evangelizans
802 1531 966 1574 autem
1001 1526 1138 1590 genti
1170 1526 1422 1591 episcopus
1455 1527 1648 1587 Vilfrid,
1683 1545 1780 1577 non
1809 1526 1964 1576 solum
1998 1543 2100 1574 eam

346 1609 409 1658 ab
447 1626 663 1659 aerumna
703 1615 952 1672 perpetuae
993 1609 1332 1668 damnationis,
1370 1627 1542 1658 verum
1583 1615 1635 1659 et
1671 1628 1700 1658 a
1737 1611 1870 1658 clade
1908 1608 2104 1656 infanda

346 1691 626 1755 temporalis
661 1691 891 1740 interitus
927 1691 1125 1755 eripuit.
1210 1691 1463 1755 Siquidem
1498 1693 1657 1740 tribus
1693 1691 1834 1740 annis
1869 1695 1982 1739 ante
2017 1690 2102 1738 ad-

346 1777 549 1822 ventum
586 1774 689 1837 ejus
725 1773 776 1821 in
811 1773 1130 1837 provinciam,
1156 1774 1292 1823 nulla
1320 1775 1417 1823 illis
1441 1775 1493 1822 in
1518 1775 1637 1823 locis
1660 1774 1828 1838 pluvia
1852 1773 2102 1831 ceciderat,

347 1857 475 1904 unde
511 1861 561 1905 et
601 1857 752 1904 fames
792 1856 1100 1904 acerbissima
1145 1857 1335 1920 plebem
1371 1857 1607 1906 invadens
1653 1857 1804 1920 impia
1845 1873 1959 1904 nece
1995 1872 2104 1919 pro-

347 1938 537 1987 stravit.
630 1938 857 2002 Denique
904 1940 1067 1987 ferunt
1116 1939 1231 2003 quia
1272 1957 1399 2003 saepe
1453 1939 1778 2003 quadraginta
1826 1938 1972 1987 simul
2019 1943 2104 1985 aut

347 2020 705 2084 quinquaginta
740 2021 957 2069 homines
999 2021 1162 2071 inedia
1208 2023 1438 2071 macerati
1479 2022 1798 2086 procederent
1834 2022 1897 2069 ad
1938 2020 2104 2084 praeci-

346 2103 526 2166 pitium
562 2103 760 2166 aliquod
796 2103 898 2152 sive
935 2104 1093 2168 ripam
1135 2105 1299 2165 maris,
1336 2110 1386 2154 et
1421 2105 1607 2169 junctis
1649 2104 1824 2152 misere
1865 2103 2104 2162 manibus,

346 2186 531 2249 pariter
577 2203 742 2234 omnes
794 2191 880 2235 aut
930 2188 1075 2235 ruina
1122 2188 1347 2251 perituri,
1397 2194 1483 2236 aut
1536 2187 1768 2236 fluctibus
1818 2183 2106 2235 absorbendi
2157 2238 2160 2241 ,
2214 2208 2216 2210 ·

346 2268 637 2316 deciderent.
709 2268 897 2317 Verum
938 2269 1043 2333 ipso
1080 2270 1171 2330 die,
1209 2288 1305 2334 quo
1352 2270 1597 2334 baptisma
1638 2269 1750 2318 fidei
1791 2285 1910 2332 gens
1948 2283 2105 2315 susce-

345 2350 423 2413 pit
467 2350 562 2411 illa,
601 2350 848 2399 descendit
894 2352 1062 2416 pluvia
1108 2370 1276 2402 serena
1325 2354 1409 2402 sed
1457 2353 1660 2417 copiosa,
1698 2349 1919 2400 refloruit
1959 2354 2105 2408 terra,

347 2432 494 2481 rediit
539 2432 867 2483 viridantibus
918 2435 1050 2484 arvis
1105 2453 1261 2484 annus
1313 2437 1453 2485 laetus
1508 2440 1558 2484 et
1617 2434 1835 2499 frugifer.
1931 2431 2106 2495 Sicque

346 2514 536 2578 abjecta
580 2515 739 2578 prisca
786 2517 1144 2580 superstitione,
1184 2518 1437 2567 exsufflata
1482 2516 1723 2577 idolatria,
1766 2533 1848 2564 cor
1890 2513 2106 2563 omnium
2172 2529 2174 2531 ·

290 2593 292 2595 ’
346 2598 397 2642 et
434 2610 544 2642 caro
585 2595 801 2642 omnium
843 2597 1188 2646 exultaverunt
1226 2597 1277 2644 in
1320 2598 1480 2645 Deum
1518 2597 1718 2645 vivum:
1762 2594 2106 2657 intelligentes,

348 2708 588 2749 Eastmeon.
617 2709 748 2750 These
759 2711 815 2750 lie
829 2711 1022 2752 between
1033 2713 1196 2753 Peters-

348 2762 450 2802 field
462 2764 545 2803 and
562 2764 881 2817 Southampton‚
897 2771 942 2806 to
957 2768 1031 2807 the
1051 2773 1139 2808 east
1158 2768 1204 2808 of

349 2818 422 2858 the
435 2817 740 2872 Southampton
752 2821 914 2868 water,
928 2836 973 2861 so
987 2823 1081 2862 that
1097 2824 1198 2876 they

347 2886 446 2925 may
464 2873 558 2912 well
586 2874 651 2923 be,
673 2888 718 2914 as
746 2875 819 2914 the
847 2890 969 2916 name
998 2882 1197 2930 suggests,

348 2928 422 2967 the
452 2928 567 2967 third
603 2933 698 2981 part
730 2930 778 2969 of
799 2931 872 2970 the
900 2932 930 2970 J
934 2933 1046 2972 utish
1076 2933 1198 2979 tribe,

348 2982 508 3022 besides
532 2983 606 3023 the
625 2984 845 3024 Cantware
865 2987 948 3025 and
966 2987 1039 3026 the
1059 2988 1199 3028 Wiht·

348 3051 460 3077 ware
477 3051 487 3086 ;
516 3043 526 3059 ‘
539 3051 640 3090 gens
658 3052 750 3090 quae
765 3053 894 3091 usque
910 3041 1032 3081 hodie
1051 3042 1096 3081 in
1109 3057 1198 3095 pro-

348 3092 487 3132 vincia
516 3092 846 3133 Occidentalium
877 3095 1087 3136 Saxonum
1122 3098 1152 3137 J
1156 3112 1199 3137 u-

349 3151 491 3186 tarum
518 3148 634 3188 natio
662 3148 914 3196 nominatur,
944 3152 1078 3202 posita
1105 3165 1200 3192 con-

349 3206 418 3241 tra
444 3202 577 3254 ipsam
604 3203 785 3243 insulam
812 3204 991 3244 Vectam
1007 3219 1018 3254 ;
1033 3204 1042 3218 ’
1079 3207 1108 3246 i.
1133 3218 1195 3258 15.

351 3256 473 3296 Wiht
494 3257 576 3297 had
594 3258 699 3298 been
719 3260 952 3311 conquered
979 3260 1034 3314 by
1062 3261 1200 3303 Wulf-

1251 2714 1351 2754 here
1390 2713 1434 2753 in
1471 2724 1559 2754 ΑΛ).
1598 2712 1692 2758 661,
1732 2712 1774 2752 S.
1817 2711 1981 2754 Chron„
2021 2709 2104 2749 and

1253 2769 1381 2808 Mean
1409 2768 1614 2821 probably
1632 2767 1716 2806 had
1739 2767 1904 2806 become
1924 2765 2104 2817 depend-

1253 2828 1325 2863 ent
1363 2837 1418 2863 on
1453 2824 1614 2862 Mercia
1646 2826 1691 2862 at
1731 2822 1800 2861 the
1843 2833 1955 2859 same
1987 2820 2102 2867 time,

1254 2879 1379 2931 being
1406 2878 1574 2930 already
1594 2890 1708 2916 more
1737 2875 1839 2915 akin
1866 2878 1912 2914 to
1937 2875 1974 2914 it
2002 2874 2105 2914 than

1254 2937 1299 2973 to
1317 2934 1389 2974 the
1409 2934 1565 2973 Saxons
1584 2932 1628 2971 of
1648 2933 1830 2972 Wessex.

1309 2987 1323 3011 ¹
1352 2989 1403 3028 H
1403 2989 1640 3037 wicciorum]
1661 2989 1738 3026 See
1756 2986 1902 3033 below,
1925 2998 1965 3036 p.
1991 2983 2082 3035 264.

1311 3042 1327 3065 ²
1354 3042 1654 3095 Bosanhamm]
1693 3040 1941 3087 Bosenham,
1982 3039 2107 3078 Bose-

1254 3098 1366 3144 ham,
1383 3112 1429 3137 or
1448 3098 1640 3137 Bosham.
1697 3097 1823 3143 From
1841 3095 1927 3134 this
1946 3105 2105 3132 monas-

1255 3157 1362 3204 tery,
1385 3153 1467 3193 and
1495 3153 1590 3192 that
1618 3151 1665 3191 of
1689 3151 1844 3202 Selsey,
1866 3147 2107 3188 mentioned

1254 3209 1402 3254 below,
1435 3206 1678 3247 afterwards
1710 3218 1827 3245 arose
1856 3204 1928 3244 the
1961 3201 2039 3243 See
2067 3201 2113 3241 of

1256 3263 1511 3303 Chichester.
1570 3262 1685 3303 Stev-
