<?xml version="1.0" encoding="UTF-8"?>
<!DOCTYPE html PUBLIC "-//W3C//DTD XHTML 1.0 Transitional//EN"
    "http://www.w3.org/TR/xhtml1/DTD/xhtml1-transitional.dtd">
<html xmlns="http://www.w3.org/1999/xhtml" xml:lang="en" lang="en">
 <head>
  <title>
</title>
<meta http-equiv="Content-Type" content="text/html;charset=utf-8" />
  <meta name='ocr-system' content='tesseract 3.04.00' />
  <meta name='ocr-capabilities' content='ocr_page ocr_carea ocr_par ocr_line ocrx_word'/>
</head>
<body>
  <div class='ocr_page' id='page_1' title='image "./historiaecclesia00bedeuoft_0279.png"; bbox 0 0 2216 3554; ppageno 0'>
   <div class='ocr_carea' id='block_1_1' title="bbox 0 2642 10 3525">
    <p class='ocr_par' dir='ltr' id='par_1_1' title="bbox 0 2642 10 3525">
     <span class='ocr_line' id='line_1_1' title="bbox 0 2642 10 3525; baseline 0 0"><span class='ocrx_word' id='word_1_1' title='bbox 0 2642 10 3525; x_wconf 95' lang='lat' dir='ltr'> </span> 
     </span>
    </p>
   </div>
   <div class='ocr_carea' id='block_1_2' title="bbox 114 175 1872 245">
    <p class='ocr_par' dir='ltr' id='par_1_2' title="bbox 114 175 1872 245">
     <span class='ocr_line' id='line_1_2' title="bbox 114 175 1872 245; baseline 0 -18"><span class='ocrx_word' id='word_1_2' title='bbox 114 178 235 227; x_wconf 82' lang='lat' dir='ltr'>CAP.</span> <span class='ocrx_word' id='word_1_3' title='bbox 256 175 388 245; x_wconf 64' lang='grc' dir='ltr'>ΧΠ]</span> <span class='ocrx_word' id='word_1_4' title='bbox 755 178 920 227; x_wconf 71' lang='lat' dir='ltr'>Gentis</span> <span class='ocrx_word' id='word_1_5' title='bbox 952 176 993 225; x_wconf 85' lang='lat' dir='ltr'><strong><em>A</em></strong></span> <span class='ocrx_word' id='word_1_6' title='bbox 1003 178 1244 240; x_wconf 73' lang='lat' dir='ltr'>nqlorum.</span> <span class='ocrx_word' id='word_1_7' title='bbox 1774 182 1801 226; x_wconf 89' lang='lat'>2</span> <span class='ocrx_word' id='word_1_8' title='bbox 1809 185 1835 227; x_wconf 84' lang='lat'><strong>4</strong></span> <span class='ocrx_word' id='word_1_9' title='bbox 1845 185 1872 227; x_wconf 91' lang='grc'>7</span> 
     </span>
    </p>
   </div>
   <div class='ocr_carea' id='block_1_3' title="bbox 115 308 1887 2356">
    <p class='ocr_par' dir='ltr' id='par_1_3' title="bbox 115 308 1887 1778">
     <span class='ocr_line' id='line_1_3' title="bbox 115 308 1873 375; baseline 0.002 -18"><span class='ocrx_word' id='word_1_10' title='bbox 115 311 166 357; x_wconf 89' lang='lat' dir='ltr'>in</span> <span class='ocrx_word' id='word_1_11' title='bbox 191 311 351 358; x_wconf 88' lang='lat' dir='ltr'>locum</span> <span class='ocrx_word' id='word_1_12' title='bbox 377 310 462 374; x_wconf 90' lang='lat' dir='ltr'>qui</span> <span class='ocrx_word' id='word_1_13' title='bbox 486 314 685 359; x_wconf 86' lang='lat' dir='ltr'>vocatur</span> <span class='ocrx_word' id='word_1_14' title='bbox 708 309 787 357; x_wconf 88' lang='lat' dir='ltr'>Ad</span> <span class='ocrx_word' id='word_1_15' title='bbox 820 310 1053 374; x_wconf 81' lang='lat' dir='ltr'><strong>Lapidem</strong></span> <span class='ocrx_word' id='word_1_16' title='bbox 1069 310 1100 369; x_wconf 79' lang='lat'>1,</span> <span class='ocrx_word' id='word_1_17' title='bbox 1127 308 1414 358; x_wconf 91' lang='lat' dir='ltr'>occulendos</span> <span class='ocrx_word' id='word_1_18' title='bbox 1452 326 1500 358; x_wconf 89' lang='lat' dir='ltr'>se</span> <span class='ocrx_word' id='word_1_19' title='bbox 1534 326 1562 357; x_wconf 88' lang='lat' dir='ltr'>a</span> <span class='ocrx_word' id='word_1_20' title='bbox 1596 310 1716 359; x_wconf 88' lang='lat' dir='ltr'>facie</span> <span class='ocrx_word' id='word_1_21' title='bbox 1745 313 1873 375; x_wconf 86' lang='lat' dir='ltr'>regis</span> 
     </span>
     <span class='ocr_line' id='line_1_4' title="bbox 115 391 1873 457; baseline 0.001 -17"><span class='ocrx_word' id='word_1_22' title='bbox 115 394 315 441; x_wconf 89' lang='lat' dir='ltr'>victoris</span> <span class='ocrx_word' id='word_1_23' title='bbox 339 393 670 452; x_wconf 76' lang='lat' dir='ltr'>credidissent,</span> <span class='ocrx_word' id='word_1_24' title='bbox 687 392 870 457; x_wconf 86' lang='lat' dir='ltr'>proditi</span> <span class='ocrx_word' id='word_1_25' title='bbox 894 398 1022 452; x_wconf 89' lang='lat' dir='ltr'>sunt,</span> <span class='ocrx_word' id='word_1_26' title='bbox 1043 398 1190 456; x_wconf 88' lang='lat' dir='ltr'>atque</span> <span class='ocrx_word' id='word_1_27' title='bbox 1214 391 1367 440; x_wconf 91' lang='lat' dir='ltr'>occidi</span> <span class='ocrx_word' id='word_1_28' title='bbox 1385 392 1526 455; x_wconf 86' lang='lat' dir='ltr'>jussi.</span> <span class='ocrx_word' id='word_1_29' title='bbox 1597 393 1738 454; x_wconf 74' lang='lat' dir='ltr'>Quod</span> <span class='ocrx_word' id='word_1_30' title='bbox 1763 412 1873 442; x_wconf 89' lang='lat' dir='ltr'>cum</span> 
     </span>
     <span class='ocr_line' id='line_1_5' title="bbox 116 475 1874 539; baseline 0 -15"><span class='ocrx_word' id='word_1_31' title='bbox 116 477 333 524; x_wconf 75' lang='lat' dir='ltr'>audisset</span> <span class='ocrx_word' id='word_1_32' title='bbox 362 477 507 524; x_wconf 87' lang='lat' dir='ltr'>abbas</span> <span class='ocrx_word' id='word_1_33' title='bbox 532 475 728 539; x_wconf 89' lang='lat' dir='ltr'>quidam</span> <span class='ocrx_word' id='word_1_34' title='bbox 753 482 800 523; x_wconf 94' lang='lat' dir='ltr'>et</span> <span class='ocrx_word' id='word_1_35' title='bbox 833 476 1096 539; x_wconf 76' lang='lat' dir='ltr'>presbyter,</span> <span class='ocrx_word' id='word_1_36' title='bbox 1123 476 1355 523; x_wconf 88' lang='lat' dir='ltr'>vocabulo</span> <span class='ocrx_word' id='word_1_37' title='bbox 1385 475 1663 539; x_wconf 84' lang='lat' dir='ltr'>Cyniberct,</span> <span class='ocrx_word' id='word_1_38' title='bbox 1691 477 1874 524; x_wconf 88' lang='lat' dir='ltr'>habens</span> 
     </span>
     <span class='ocr_line' id='line_1_6' title="bbox 117 556 1873 620; baseline 0.002 -17"><span class='ocrx_word' id='word_1_39' title='bbox 117 574 214 604; x_wconf 93' lang='lat' dir='ltr'>non</span> <span class='ocrx_word' id='word_1_40' title='bbox 238 558 379 620; x_wconf 91' lang='lat' dir='ltr'>longe</span> <span class='ocrx_word' id='word_1_41' title='bbox 404 559 464 606; x_wconf 87' lang='lat' dir='ltr'>ab</span> <span class='ocrx_word' id='word_1_42' title='bbox 492 558 605 606; x_wconf 87' lang='lat' dir='ltr'>inde</span> <span class='ocrx_word' id='word_1_43' title='bbox 637 557 982 606; x_wconf 87' lang='lat' dir='ltr'>monasterium</span> <span class='ocrx_word' id='word_1_44' title='bbox 1014 556 1066 604; x_wconf 91' lang='lat' dir='ltr'>in</span> <span class='ocrx_word' id='word_1_45' title='bbox 1090 557 1194 605; x_wconf 90' lang='lat' dir='ltr'>loco</span> <span class='ocrx_word' id='word_1_46' title='bbox 1220 557 1304 620; x_wconf 86' lang='lat' dir='ltr'>qui</span> <span class='ocrx_word' id='word_1_47' title='bbox 1329 564 1529 606; x_wconf 88' lang='lat' dir='ltr'>vocatur</span> <span class='ocrx_word' id='word_1_48' title='bbox 1553 559 1824 606; x_wconf 86' lang='lat' dir='ltr'>Hreutford</span> <span class='ocrx_word' id='word_1_49' title='bbox 1841 561 1873 617; x_wconf 79' lang='lat'>2,</span> 
     </span>
     <span class='ocr_line' id='line_1_7' title="bbox 116 639 1877 703; baseline 0.002 -18"><span class='ocrx_word' id='word_1_50' title='bbox 116 640 166 686; x_wconf 89' lang='lat' dir='ltr'>id</span> <span class='ocrx_word' id='word_1_51' title='bbox 193 644 280 698; x_wconf 89' lang='lat' dir='ltr'>est,</span> <span class='ocrx_word' id='word_1_52' title='bbox 308 645 319 666; x_wconf 89' lang='lat'>‘</span> <span class='ocrx_word' id='word_1_53' title='bbox 338 640 527 689; x_wconf 88' lang='lat' dir='ltr'>Vadum</span> <span class='ocrx_word' id='word_1_54' title='bbox 551 639 870 700; x_wconf 86' lang='lat' dir='ltr'>harundinis,&#39;</span> <span class='ocrx_word' id='word_1_55' title='bbox 894 639 1030 688; x_wconf 86' lang='lat' dir='ltr'>venit</span> <span class='ocrx_word' id='word_1_56' title='bbox 1060 640 1121 687; x_wconf 91' lang='lat' dir='ltr'>ad</span> <span class='ocrx_word' id='word_1_57' title='bbox 1153 656 1330 703; x_wconf 89' lang='lat' dir='ltr'>regem,</span> <span class='ocrx_word' id='word_1_58' title='bbox 1357 640 1440 703; x_wconf 91' lang='lat' dir='ltr'>qui</span> <span class='ocrx_word' id='word_1_59' title='bbox 1474 646 1592 689; x_wconf 91' lang='lat' dir='ltr'>tunc</span> <span class='ocrx_word' id='word_1_60' title='bbox 1620 641 1800 690; x_wconf 90' lang='lat' dir='ltr'>eisdem</span> <span class='ocrx_word' id='word_1_61' title='bbox 1825 642 1877 688; x_wconf 92' lang='lat' dir='ltr'>in</span> 
     </span>
     <span class='ocr_line' id='line_1_8' title="bbox 116 722 1876 786; baseline 0.002 -19"><span class='ocrx_word' id='word_1_62' title='bbox 116 722 338 783; x_wconf 87' lang='lat' dir='ltr'>partibus</span> <span class='ocrx_word' id='word_1_63' title='bbox 363 723 580 771; x_wconf 89' lang='lat' dir='ltr'>occultus</span> <span class='ocrx_word' id='word_1_64' title='bbox 604 724 863 771; x_wconf 84' lang='lat' dir='ltr'>curabatur</span> <span class='ocrx_word' id='word_1_65' title='bbox 885 739 914 770; x_wconf 92' lang='lat' dir='ltr'>a</span> <span class='ocrx_word' id='word_1_66' title='bbox 937 722 1219 770; x_wconf 87' lang='lat' dir='ltr'>vulneribus</span> <span class='ocrx_word' id='word_1_67' title='bbox 1253 739 1362 786; x_wconf 84' lang='lat' dir='ltr'>quae</span> <span class='ocrx_word' id='word_1_68' title='bbox 1394 722 1439 770; x_wconf 90' lang='lat' dir='ltr'>ei</span> <span class='ocrx_word' id='word_1_69' title='bbox 1470 723 1654 772; x_wconf 86' lang='lat' dir='ltr'>inflicta</span> <span class='ocrx_word' id='word_1_70' title='bbox 1684 725 1876 773; x_wconf 91' lang='lat' dir='ltr'>fuerant</span> 
     </span>
     <span class='ocr_line' id='line_1_9' title="bbox 118 803 1876 868; baseline 0.003 -19"><span class='ocrx_word' id='word_1_71' title='bbox 118 803 365 866; x_wconf 72' lang='lat' dir='ltr'>praelianti</span> <span class='ocrx_word' id='word_1_72' title='bbox 401 804 454 852; x_wconf 93' lang='lat' dir='ltr'>in</span> <span class='ocrx_word' id='word_1_73' title='bbox 488 805 650 853; x_wconf 92' lang='lat' dir='ltr'>insula</span> <span class='ocrx_word' id='word_1_74' title='bbox 684 805 867 853; x_wconf 84' lang='lat' dir='ltr'>Vecta:</span> <span class='ocrx_word' id='word_1_75' title='bbox 910 804 1276 868; x_wconf 85' lang='lat' dir='ltr'>postulavitque</span> <span class='ocrx_word' id='word_1_76' title='bbox 1313 804 1375 852; x_wconf 91' lang='lat' dir='ltr'>ab</span> <span class='ocrx_word' id='word_1_77' title='bbox 1411 822 1480 865; x_wconf 89' lang='lat' dir='ltr'>eo,</span> <span class='ocrx_word' id='word_1_78' title='bbox 1515 810 1573 853; x_wconf 93' lang='lat' dir='ltr'>ut</span> <span class='ocrx_word' id='word_1_79' title='bbox 1609 806 1650 854; x_wconf 91' lang='lat' dir='ltr'>si</span> <span class='ocrx_word' id='word_1_80' title='bbox 1686 824 1876 855; x_wconf 87' lang='lat' dir='ltr'>necesse</span> 
     </span>
     <span class='ocr_line' id='line_1_10' title="bbox 118 886 1877 951; baseline 0.003 -19"><span class='ocrx_word' id='word_1_81' title='bbox 118 889 242 933; x_wconf 89' lang='lat' dir='ltr'>esset</span> <span class='ocrx_word' id='word_1_82' title='bbox 276 903 450 949; x_wconf 92' lang='lat' dir='ltr'>pueros</span> <span class='ocrx_word' id='word_1_83' title='bbox 484 886 705 948; x_wconf 85' lang='lat' dir='ltr'>interfici,</span> <span class='ocrx_word' id='word_1_84' title='bbox 743 887 878 951; x_wconf 88' lang='lat' dir='ltr'>prius</span> <span class='ocrx_word' id='word_1_85' title='bbox 917 904 996 936; x_wconf 88' lang='lat' dir='ltr'>eos</span> <span class='ocrx_word' id='word_1_86' title='bbox 1031 886 1200 935; x_wconf 82' lang='lat' dir='ltr'>liceret</span> <span class='ocrx_word' id='word_1_87' title='bbox 1234 886 1348 934; x_wconf 84' lang='lat' dir='ltr'>fidei</span> <span class='ocrx_word' id='word_1_88' title='bbox 1386 886 1679 937; x_wconf 85' lang='lat' dir='ltr'>Christianae</span> <span class='ocrx_word' id='word_1_89' title='bbox 1720 907 1877 938; x_wconf 87' lang='lat' dir='ltr'>sacra-</span> 
     </span>
     <span class='ocr_line' id='line_1_11' title="bbox 118 969 1875 1033; baseline 0.003 -18"><span class='ocrx_word' id='word_1_90' title='bbox 118 969 296 1016; x_wconf 84' lang='lat' dir='ltr'>mentis</span> <span class='ocrx_word' id='word_1_91' title='bbox 321 969 487 1017; x_wconf 89' lang='lat' dir='ltr'>imbui.</span> <span class='ocrx_word' id='word_1_92' title='bbox 560 970 809 1018; x_wconf 83' lang='lat' dir='ltr'>Concessit</span> <span class='ocrx_word' id='word_1_93' title='bbox 840 983 940 1030; x_wconf 82' lang='lat' dir='ltr'>rex,</span> <span class='ocrx_word' id='word_1_94' title='bbox 967 973 1016 1018; x_wconf 88' lang='lat' dir='ltr'>et</span> <span class='ocrx_word' id='word_1_95' title='bbox 1044 969 1147 1033; x_wconf 90' lang='lat' dir='ltr'>ipse</span> <span class='ocrx_word' id='word_1_96' title='bbox 1176 969 1442 1018; x_wconf 87' lang='lat' dir='ltr'>instructos</span> <span class='ocrx_word' id='word_1_97' title='bbox 1466 972 1614 1020; x_wconf 89' lang='lat' dir='ltr'>verbo</span> <span class='ocrx_word' id='word_1_98' title='bbox 1638 973 1875 1032; x_wconf 83' lang='lat' dir='ltr'>veritatis,</span> 
     </span>
     <span class='ocr_line' id='line_1_12' title="bbox 119 1054 1878 1118; baseline 0.003 -18"><span class='ocrx_word' id='word_1_99' title='bbox 119 1071 173 1100; x_wconf 86' lang='lat' dir='ltr'>ac</span> <span class='ocrx_word' id='word_1_100' title='bbox 198 1054 332 1102; x_wconf 85' lang='lat' dir='ltr'>fonte</span> <span class='ocrx_word' id='word_1_101' title='bbox 357 1054 620 1103; x_wconf 83' lang='lat' dir='ltr'>Salvatoris</span> <span class='ocrx_word' id='word_1_102' title='bbox 645 1054 849 1113; x_wconf 85' lang='lat' dir='ltr'>ablutos,</span> <span class='ocrx_word' id='word_1_103' title='bbox 876 1055 936 1102; x_wconf 87' lang='lat' dir='ltr'>de</span> <span class='ocrx_word' id='word_1_104' title='bbox 967 1054 1194 1118; x_wconf 88' lang='lat' dir='ltr'>ingressu</span> <span class='ocrx_word' id='word_1_105' title='bbox 1224 1054 1363 1117; x_wconf 84' lang='lat' dir='ltr'>regni</span> <span class='ocrx_word' id='word_1_106' title='bbox 1396 1055 1566 1103; x_wconf 89' lang='lat' dir='ltr'>aeterni</span> <span class='ocrx_word' id='word_1_107' title='bbox 1590 1061 1745 1105; x_wconf 89' lang='lat' dir='ltr'>certos</span> <span class='ocrx_word' id='word_1_108' title='bbox 1770 1058 1878 1105; x_wconf 87' lang='lat' dir='ltr'>red-</span> 
     </span>
     <span class='ocr_line' id='line_1_13' title="bbox 119 1136 1880 1201; baseline 0.003 -19"><span class='ocrx_word' id='word_1_109' title='bbox 119 1136 260 1184; x_wconf 90' lang='lat' dir='ltr'>didit.</span> <span class='ocrx_word' id='word_1_110' title='bbox 332 1136 543 1201; x_wconf 88' lang='lat' dir='ltr'>Moxque</span> <span class='ocrx_word' id='word_1_111' title='bbox 574 1137 649 1184; x_wconf 87' lang='lat' dir='ltr'>illi</span> <span class='ocrx_word' id='word_1_112' title='bbox 681 1138 895 1186; x_wconf 83' lang='lat' dir='ltr'>instante</span> <span class='ocrx_word' id='word_1_113' title='bbox 925 1136 1160 1196; x_wconf 88' lang='lat' dir='ltr'>carnifice,</span> <span class='ocrx_word' id='word_1_114' title='bbox 1186 1140 1392 1184; x_wconf 86' lang='lat' dir='ltr'>mortem</span> <span class='ocrx_word' id='word_1_115' title='bbox 1416 1137 1515 1186; x_wconf 88' lang='lat' dir='ltr'>laeti</span> <span class='ocrx_word' id='word_1_116' title='bbox 1546 1139 1734 1188; x_wconf 90' lang='lat' dir='ltr'>subiere</span> <span class='ocrx_word' id='word_1_117' title='bbox 1757 1147 1880 1188; x_wconf 92' lang='lat' dir='ltr'>tem-</span> 
     </span>
     <span class='ocr_line' id='line_1_14' title="bbox 118 1219 1881 1283; baseline 0.003 -17"><span class='ocrx_word' id='word_1_118' title='bbox 118 1219 333 1281; x_wconf 85' lang='lat' dir='ltr'>poralem</span> <span class='ocrx_word' id='word_1_119' title='bbox 358 1237 444 1283; x_wconf 90' lang='lat' dir='ltr'>per</span> <span class='ocrx_word' id='word_1_120' title='bbox 462 1237 608 1283; x_wconf 89' lang='lat' dir='ltr'>quam</span> <span class='ocrx_word' id='word_1_121' title='bbox 633 1237 681 1268; x_wconf 92' lang='lat' dir='ltr'>se</span> <span class='ocrx_word' id='word_1_122' title='bbox 706 1221 767 1268; x_wconf 88' lang='lat' dir='ltr'>ad</span> <span class='ocrx_word' id='word_1_123' title='bbox 785 1220 940 1268; x_wconf 88' lang='lat' dir='ltr'>vitam</span> <span class='ocrx_word' id='word_1_124' title='bbox 964 1219 1138 1267; x_wconf 87' lang='lat' dir='ltr'>animae</span> <span class='ocrx_word' id='word_1_125' title='bbox 1163 1223 1448 1282; x_wconf 88' lang='lat' dir='ltr'>perpetuam</span> <span class='ocrx_word' id='word_1_126' title='bbox 1472 1237 1569 1269; x_wconf 90' lang='lat' dir='ltr'>non</span> <span class='ocrx_word' id='word_1_127' title='bbox 1589 1222 1881 1272; x_wconf 88' lang='lat' dir='ltr'>dubitabant</span> 
     </span>
     <span class='ocr_line' id='line_1_15' title="bbox 120 1302 1881 1366; baseline 0.004 -18"><span class='ocrx_word' id='word_1_128' title='bbox 120 1318 222 1349; x_wconf 88' lang='lat' dir='ltr'>esse</span> <span class='ocrx_word' id='word_1_129' title='bbox 256 1302 565 1351; x_wconf 69' lang='lat' dir='ltr'>transituros</span> <span class='ocrx_word' id='word_1_130' title='bbox 638 1302 750 1350; x_wconf 92' lang='lat' dir='ltr'>Hoc</span> <span class='ocrx_word' id='word_1_131' title='bbox 786 1319 898 1366; x_wconf 90' lang='lat' dir='ltr'>ergo</span> <span class='ocrx_word' id='word_1_132' title='bbox 935 1302 1116 1361; x_wconf 91' lang='lat' dir='ltr'>ordine,</span> <span class='ocrx_word' id='word_1_133' title='bbox 1150 1306 1409 1365; x_wconf 87' lang='lat' dir='ltr'>postquam</span> <span class='ocrx_word' id='word_1_134' title='bbox 1445 1320 1610 1353; x_wconf 90' lang='lat' dir='ltr'>omnes</span> <span class='ocrx_word' id='word_1_135' title='bbox 1646 1306 1881 1355; x_wconf 90' lang='lat' dir='ltr'>Brittani-</span> 
     </span>
     <span class='ocr_line' id='line_1_16' title="bbox 120 1385 1806 1449; baseline 0.004 -18"><span class='ocrx_word' id='word_1_136' title='bbox 120 1401 260 1432; x_wconf 90' lang='lat' dir='ltr'>arum</span> <span class='ocrx_word' id='word_1_137' title='bbox 285 1385 546 1448; x_wconf 75' lang='lat' dir='ltr'>provinciae</span> <span class='ocrx_word' id='word_1_138' title='bbox 578 1385 720 1433; x_wconf 87' lang='lat' dir='ltr'>fidem</span> <span class='ocrx_word' id='word_1_139' title='bbox 758 1385 946 1434; x_wconf 81' lang='lat' dir='ltr'>Christi</span> <span class='ocrx_word' id='word_1_140' title='bbox 977 1389 1300 1448; x_wconf 83' lang='lat' dir='ltr'>susceperant,</span> <span class='ocrx_word' id='word_1_141' title='bbox 1328 1387 1540 1449; x_wconf 87' lang='lat' dir='ltr'>suscepit</span> <span class='ocrx_word' id='word_1_142' title='bbox 1612 1401 1721 1436; x_wconf 73' lang='lat' dir='ltr'>wiht</span> <span class='ocrx_word' id='word_1_143' title='bbox 1734 1404 1806 1444; x_wconf 76' lang='lat' dir='ltr'>put</span> 
     </span>
     <span class='ocr_line' id='line_1_17' title="bbox 121 1452 1813 1537; baseline 0.001 -23"><span class='ocrx_word' id='word_1_144' title='bbox 121 1473 169 1514; x_wconf 86' lang='lat' dir='ltr'>et</span> <span class='ocrx_word' id='word_1_145' title='bbox 193 1467 354 1515; x_wconf 91' lang='lat' dir='ltr'>insula</span> <span class='ocrx_word' id='word_1_146' title='bbox 372 1466 536 1526; x_wconf 89' lang='lat' dir='ltr'>Vecta,</span> <span class='ocrx_word' id='word_1_147' title='bbox 556 1467 608 1514; x_wconf 91' lang='lat' dir='ltr'>in</span> <span class='ocrx_word' id='word_1_148' title='bbox 633 1484 729 1530; x_wconf 90' lang='lat' dir='ltr'>qua</span> <span class='ocrx_word' id='word_1_149' title='bbox 752 1471 912 1514; x_wconf 88' lang='lat' dir='ltr'>tamen</span> <span class='ocrx_word' id='word_1_150' title='bbox 939 1467 1001 1514; x_wconf 91' lang='lat' dir='ltr'>ob</span> <span class='ocrx_word' id='word_1_151' title='bbox 1025 1484 1292 1514; x_wconf 74' lang='lat' dir='ltr'>aerumnam</span> <span class='ocrx_word' id='word_1_152' title='bbox 1317 1472 1531 1516; x_wconf 83' lang='lat' dir='ltr'>externae</span> <span class='ocrx_word' id='word_1_153' title='bbox 1607 1452 1813 1537; x_wconf 44' lang='lat' dir='ltr'>urggroghe</span> 
     </span>
     <span class='ocr_line' id='line_1_18' title="bbox 121 1549 1790 1613; baseline 0.001 -17"><span class='ocrx_word' id='word_1_154' title='bbox 121 1549 445 1611; x_wconf 85' lang='lat' dir='ltr'>subjectionis,</span> <span class='ocrx_word' id='word_1_155' title='bbox 475 1567 616 1597; x_wconf 91' lang='lat' dir='ltr'>nemo</span> <span class='ocrx_word' id='word_1_156' title='bbox 651 1550 855 1613; x_wconf 90' lang='lat' dir='ltr'>gradum</span> <span class='ocrx_word' id='word_1_157' title='bbox 891 1549 1151 1598; x_wconf 88' lang='lat' dir='ltr'>ministerii</span> <span class='ocrx_word' id='word_1_158' title='bbox 1183 1567 1239 1597; x_wconf 88' lang='lat' dir='ltr'>ac</span> <span class='ocrx_word' id='word_1_159' title='bbox 1276 1550 1403 1598; x_wconf 89' lang='lat' dir='ltr'>sedis</span> <span class='ocrx_word' id='word_1_160' title='bbox 1438 1550 1538 1613; x_wconf 89' lang='lat' dir='ltr'>epi-</span> <span class='ocrx_word' id='word_1_161' title='bbox 1623 1552 1790 1588; x_wconf 81' lang='lat' dir='ltr'>Wessex.</span> 
     </span>
     <span class='ocr_line' id='line_1_19' title="bbox 121 1631 1887 1695; baseline 0.001 -16"><span class='ocrx_word' id='word_1_162' title='bbox 121 1632 324 1695; x_wconf 90' lang='lat' dir='ltr'>scopalis</span> <span class='ocrx_word' id='word_1_163' title='bbox 356 1638 468 1680; x_wconf 86' lang='lat' dir='ltr'>ante</span> <span class='ocrx_word' id='word_1_164' title='bbox 501 1632 807 1690; x_wconf 87' lang='lat' dir='ltr'>Danihelem,</span> <span class='ocrx_word' id='word_1_165' title='bbox 836 1631 922 1695; x_wconf 81' lang='lat' dir='ltr'>qui</span> <span class='ocrx_word' id='word_1_166' title='bbox 955 1649 1085 1680; x_wconf 90' lang='lat' dir='ltr'>nunc</span> <span class='ocrx_word' id='word_1_167' title='bbox 1120 1632 1509 1681; x_wconf 84' lang='lat' dir='ltr'>Occidentalium</span> <span class='ocrx_word' id='word_1_168' title='bbox 1541 1632 1790 1682; x_wconf 80' lang='lat' dir='ltr'>Saxonum</span> <span class='ocrx_word' id='word_1_169' title='bbox 1814 1636 1887 1683; x_wconf 86' lang='lat' dir='ltr'>est</span> 
     </span>
     <span class='ocr_line' id='line_1_20' title="bbox 120 1714 609 1778; baseline 0 -16"><span class='ocrx_word' id='word_1_170' title='bbox 120 1715 384 1778; x_wconf 90' lang='lat' dir='ltr'>episcopus,</span> <span class='ocrx_word' id='word_1_171' title='bbox 412 1714 609 1777; x_wconf 86' lang='lat' dir='ltr'>accepit.</span> 
     </span>
    </p>

    <p class='ocr_par' dir='ltr' id='par_1_4' title="bbox 121 1797 1886 2356">
     <span class='ocr_line' id='line_1_21' title="bbox 190 1797 1886 1847; baseline 0 -2"><span class='ocrx_word' id='word_1_172' title='bbox 190 1797 296 1846; x_wconf 80' lang='lat' dir='ltr'>Sita</span> <span class='ocrx_word' id='word_1_173' title='bbox 331 1802 404 1845; x_wconf 87' lang='lat' dir='ltr'>est</span> <span class='ocrx_word' id='word_1_174' title='bbox 438 1801 602 1844; x_wconf 88' lang='lat' dir='ltr'>autem</span> <span class='ocrx_word' id='word_1_175' title='bbox 638 1797 738 1846; x_wconf 86' lang='lat' dir='ltr'>haec</span> <span class='ocrx_word' id='word_1_176' title='bbox 773 1797 933 1845; x_wconf 89' lang='lat' dir='ltr'>insula</span> <span class='ocrx_word' id='word_1_177' title='bbox 968 1802 1137 1846; x_wconf 87' lang='lat' dir='ltr'>contra</span> <span class='ocrx_word' id='word_1_178' title='bbox 1172 1797 1389 1846; x_wconf 90' lang='lat' dir='ltr'>medium</span> <span class='ocrx_word' id='word_1_179' title='bbox 1419 1797 1731 1847; x_wconf 90' lang='lat' dir='ltr'>Australium</span> <span class='ocrx_word' id='word_1_180' title='bbox 1765 1798 1886 1846; x_wconf 82' lang='lat' dir='ltr'>Sax-</span> 
     </span>
     <span class='ocr_line' id='line_1_22' title="bbox 121 1878 1884 1944; baseline -0.001 -16"><span class='ocrx_word' id='word_1_181' title='bbox 121 1897 268 1928; x_wconf 93' lang='lat' dir='ltr'>onum</span> <span class='ocrx_word' id='word_1_182' title='bbox 304 1886 353 1928; x_wconf 89' lang='lat' dir='ltr'>et</span> <span class='ocrx_word' id='word_1_183' title='bbox 388 1878 720 1938; x_wconf 81' lang='lat' dir='ltr'>Greuissorum,</span> <span class='ocrx_word' id='word_1_184' title='bbox 754 1879 1045 1943; x_wconf 87' lang='lat' dir='ltr'>interposito</span> <span class='ocrx_word' id='word_1_185' title='bbox 1077 1881 1248 1944; x_wconf 84' lang='lat' dir='ltr'>pelago</span> <span class='ocrx_word' id='word_1_186' title='bbox 1282 1881 1558 1928; x_wconf 87' lang='lat' dir='ltr'>latitudinis</span> <span class='ocrx_word' id='word_1_187' title='bbox 1589 1880 1743 1929; x_wconf 91' lang='lat' dir='ltr'>trium</span> <span class='ocrx_word' id='word_1_188' title='bbox 1776 1880 1884 1927; x_wconf 91' lang='lat' dir='ltr'>mil-</span> 
     </span>
     <span class='ocr_line' id='line_1_23' title="bbox 121 1962 1885 2027; baseline 0 -18"><span class='ocrx_word' id='word_1_189' title='bbox 121 1963 238 2010; x_wconf 90' lang='lat' dir='ltr'>lium</span> <span class='ocrx_word' id='word_1_190' title='bbox 267 1962 397 2026; x_wconf 89' lang='lat' dir='ltr'>quod</span> <span class='ocrx_word' id='word_1_191' title='bbox 415 1968 618 2010; x_wconf 89' lang='lat' dir='ltr'>vocatur</span> <span class='ocrx_word' id='word_1_192' title='bbox 643 1962 872 2011; x_wconf 76' lang='lat' dir='ltr'>Soluente</span> <span class='ocrx_word' id='word_1_193' title='bbox 889 1963 906 1989; x_wconf 76' lang='lat'><strong>⁸</strong></span> <span class='ocrx_word' id='word_1_194' title='bbox 926 1979 935 2011; x_wconf 73' lang='grc' dir='ltr'>ε</span> <span class='ocrx_word' id='word_1_195' title='bbox 975 1963 1027 2010; x_wconf 90' lang='lat' dir='ltr'>in</span> <span class='ocrx_word' id='word_1_196' title='bbox 1047 1980 1144 2027; x_wconf 92' lang='lat' dir='ltr'>quo</span> <span class='ocrx_word' id='word_1_197' title='bbox 1164 1963 1391 2012; x_wconf 86' lang='lat' dir='ltr'>videlicet</span> <span class='ocrx_word' id='word_1_198' title='bbox 1415 1964 1585 2027; x_wconf 85' lang='lat' dir='ltr'>pelago</span> <span class='ocrx_word' id='word_1_199' title='bbox 1610 1963 1714 2011; x_wconf 92' lang='lat' dir='ltr'>bini</span> <span class='ocrx_word' id='word_1_200' title='bbox 1739 1969 1885 2012; x_wconf 87' lang='lat' dir='ltr'>aestus</span> 
     </span>
     <span class='ocr_line' id='line_1_24' title="bbox 121 2045 1886 2109; baseline 0 -16"><span class='ocrx_word' id='word_1_201' title='bbox 121 2045 284 2093; x_wconf 83' lang='lat' dir='ltr'>oceani</span> <span class='ocrx_word' id='word_1_202' title='bbox 320 2045 404 2109; x_wconf 91' lang='lat' dir='ltr'>qui</span> <span class='ocrx_word' id='word_1_203' title='bbox 439 2045 622 2093; x_wconf 88' lang='lat' dir='ltr'>circum</span> <span class='ocrx_word' id='word_1_204' title='bbox 655 2045 952 2093; x_wconf 87' lang='lat' dir='ltr'>Brittaniam</span> <span class='ocrx_word' id='word_1_205' title='bbox 986 2063 1046 2093; x_wconf 87' lang='lat' dir='ltr'>ex</span> <span class='ocrx_word' id='word_1_206' title='bbox 1079 2046 1270 2094; x_wconf 82' lang='lat' dir='ltr'>infinito</span> <span class='ocrx_word' id='word_1_207' title='bbox 1302 2062 1479 2094; x_wconf 90' lang='lat' dir='ltr'>oceano</span> <span class='ocrx_word' id='word_1_208' title='bbox 1515 2046 1886 2109; x_wconf 85' lang='lat' dir='ltr'>septentrionali</span> 
     </span>
     <span class='ocr_line' id='line_1_25' title="bbox 122 2127 1883 2192; baseline 0 -17"><span class='ocrx_word' id='word_1_209' title='bbox 122 2132 399 2191; x_wconf 86' lang='lat' dir='ltr'>erumpunt,</span> <span class='ocrx_word' id='word_1_210' title='bbox 435 2128 631 2175; x_wconf 89' lang='lat' dir='ltr'>sibimet</span> <span class='ocrx_word' id='word_1_211' title='bbox 667 2127 875 2176; x_wconf 90' lang='lat' dir='ltr'>invicem</span> <span class='ocrx_word' id='word_1_212' title='bbox 918 2128 1136 2191; x_wconf 88' lang='lat' dir='ltr'>quotidie</span> <span class='ocrx_word' id='word_1_213' title='bbox 1180 2133 1560 2192; x_wconf 85' lang='lat' dir='ltr'>compugnantes</span> <span class='ocrx_word' id='word_1_214' title='bbox 1609 2133 1883 2187; x_wconf 88' lang='lat' dir='ltr'>occurrunt,</span> 
     </span>
     <span class='ocr_line' id='line_1_26' title="bbox 122 2209 1886 2276; baseline -0.001 -18"><span class='ocrx_word' id='word_1_215' title='bbox 122 2212 253 2258; x_wconf 85' lang='lat' dir='ltr'>ultra</span> <span class='ocrx_word' id='word_1_216' title='bbox 301 2209 479 2258; x_wconf 84' lang='lat' dir='ltr'>ostium</span> <span class='ocrx_word' id='word_1_217' title='bbox 530 2209 744 2256; x_wconf 89' lang='lat' dir='ltr'>fluminis</span> <span class='ocrx_word' id='word_1_218' title='bbox 794 2209 1030 2276; x_wconf 82' lang='lat' dir='ltr'>Homelea</span> <span class='ocrx_word' id='word_1_219' title='bbox 1043 2211 1073 2269; x_wconf 77' lang='lat'>4,</span> <span class='ocrx_word' id='word_1_220' title='bbox 1124 2210 1254 2273; x_wconf 90' lang='lat' dir='ltr'>quod</span> <span class='ocrx_word' id='word_1_221' title='bbox 1302 2227 1389 2273; x_wconf 89' lang='lat' dir='ltr'>per</span> <span class='ocrx_word' id='word_1_222' title='bbox 1435 2214 1590 2258; x_wconf 81' lang='lat' dir='ltr'>terras</span> <span class='ocrx_word' id='word_1_223' title='bbox 1637 2210 1886 2266; x_wconf 72' lang='lat' dir='ltr'>sutorum,</span> 
     </span>
     <span class='ocr_line' id='line_1_27' title="bbox 124 2290 1886 2356; baseline -0.001 -16"><span class='ocrx_word' id='word_1_224' title='bbox 124 2310 231 2356; x_wconf 86' lang='lat' dir='ltr'>quae</span> <span class='ocrx_word' id='word_1_225' title='bbox 285 2292 347 2340; x_wconf 89' lang='lat' dir='ltr'>ad</span> <span class='ocrx_word' id='word_1_226' title='bbox 397 2292 644 2355; x_wconf 88' lang='lat' dir='ltr'>regionem</span> <span class='ocrx_word' id='word_1_227' title='bbox 696 2290 1014 2339; x_wconf 82' lang='lat' dir='ltr'>Greuissorum</span> <span class='ocrx_word' id='word_1_228' title='bbox 1063 2293 1324 2355; x_wconf 88' lang='lat' dir='ltr'>pertinent,</span> <span class='ocrx_word' id='word_1_229' title='bbox 1382 2293 1642 2356; x_wconf 72' lang='lat' dir='ltr'>praefatum</span> <span class='ocrx_word' id='word_1_230' title='bbox 1687 2292 1886 2355; x_wconf 81' lang='lat' dir='ltr'>pelagus</span> 
     </span>
    </p>
   </div>
   <div class='ocr_carea' id='block_1_4' title="bbox 123 2373 1886 2505">
    <p class='ocr_par' dir='ltr' id='par_1_5' title="bbox 123 2373 1886 2505">
     <span class='ocr_line' id='line_1_28' title="bbox 123 2373 1886 2439; baseline 0.001 -18"><span class='ocrx_word' id='word_1_231' title='bbox 123 2375 309 2434; x_wconf 80' lang='lat' dir='ltr'>intrat3</span> <span class='ocrx_word' id='word_1_232' title='bbox 351 2373 588 2439; x_wconf 87' lang='lat' dir='ltr'>finitoque</span> <span class='ocrx_word' id='word_1_233' title='bbox 629 2374 871 2434; x_wconf 91' lang='lat' dir='ltr'>conflictu,</span> <span class='ocrx_word' id='word_1_234' title='bbox 908 2374 958 2421; x_wconf 92' lang='lat' dir='ltr'>in</span> <span class='ocrx_word' id='word_1_235' title='bbox 997 2391 1229 2423; x_wconf 85' lang='lat' dir='ltr'>oceanum</span> <span class='ocrx_word' id='word_1_236' title='bbox 1267 2375 1434 2433; x_wconf 88' lang='lat' dir='ltr'>refusi,</span> <span class='ocrx_word' id='word_1_237' title='bbox 1472 2374 1601 2423; x_wconf 89' lang='lat' dir='ltr'>unde</span> <span class='ocrx_word' id='word_1_238' title='bbox 1636 2379 1886 2433; x_wconf 87' lang='lat' dir='ltr'>venerant,</span> 
     </span>
     <span class='ocr_line' id='line_1_29' title="bbox 125 2457 344 2505; baseline 0.005 -2"><span class='ocrx_word' id='word_1_239' title='bbox 125 2457 344 2505; x_wconf 86' lang='lat' dir='ltr'>redeunt.</span> 
     </span>
    </p>
   </div>
   <div class='ocr_carea' id='block_1_5' title="bbox 125 2579 1884 2801">
    <p class='ocr_par' dir='ltr' id='par_1_6' title="bbox 125 2579 1884 2745">
     <span class='ocr_line' id='line_1_30' title="bbox 179 2579 1884 2631; baseline 0 -11"><span class='ocrx_word' id='word_1_240' title='bbox 179 2581 193 2603; x_wconf 78' lang='lat'>¹</span> <span class='ocrx_word' id='word_1_241' title='bbox 221 2581 288 2620; x_wconf 76' lang='lat' dir='ltr'>Ad</span> <span class='ocrx_word' id='word_1_242' title='bbox 326 2579 545 2631; x_wconf 78' lang='lat' dir='ltr'>Lapidem]</span> <span class='ocrx_word' id='word_1_243' title='bbox 597 2580 782 2631; x_wconf 85' lang='lat' dir='ltr'>Perhaps</span> <span class='ocrx_word' id='word_1_244' title='bbox 830 2580 975 2620; x_wconf 86' lang='lat' dir='ltr'>Stone-</span> <span class='ocrx_word' id='word_1_245' title='bbox 1032 2587 1042 2602; x_wconf 90' lang='lat'>‘</span> <span class='ocrx_word' id='word_1_246' title='bbox 1057 2581 1226 2627; x_wconf 90' lang='lat' dir='ltr'>Hreod‚’</span> <span class='ocrx_word' id='word_1_247' title='bbox 1275 2582 1412 2622; x_wconf 84' lang='lat' dir='ltr'>Saxon</span> <span class='ocrx_word' id='word_1_248' title='bbox 1459 2581 1524 2621; x_wconf 91' lang='lat' dir='ltr'>for</span> <span class='ocrx_word' id='word_1_249' title='bbox 1563 2584 1575 2604; x_wconf 90' lang='lat'>‘</span> <span class='ocrx_word' id='word_1_250' title='bbox 1586 2579 1711 2621; x_wconf 87' lang='lat' dir='ltr'>reed.&#39;</span> <span class='ocrx_word' id='word_1_251' title='bbox 1775 2581 1884 2620; x_wconf 87' lang='lat' dir='ltr'>Now</span> 
     </span>
     <span class='ocr_line' id='line_1_31' title="bbox 126 2633 1284 2689; baseline 0.001 -14"><span class='ocrx_word' id='word_1_252' title='bbox 126 2637 239 2681; x_wconf 87' lang='lat' dir='ltr'>ham,</span> <span class='ocrx_word' id='word_1_253' title='bbox 260 2650 285 2675; x_wconf 88' lang='lat' dir='ltr'>a</span> <span class='ocrx_word' id='word_1_254' title='bbox 303 2636 402 2674; x_wconf 87' lang='lat' dir='ltr'>mile</span> <span class='ocrx_word' id='word_1_255' title='bbox 428 2636 558 2676; x_wconf 88' lang='lat' dir='ltr'>above</span> <span class='ocrx_word' id='word_1_256' title='bbox 578 2635 897 2688; x_wconf 82' lang='lat' dir='ltr'>Southampton,</span> <span class='ocrx_word' id='word_1_257' title='bbox 918 2633 975 2688; x_wconf 85' lang='lat' dir='ltr'>up</span> <span class='ocrx_word' id='word_1_258' title='bbox 1031 2636 1284 2689; x_wconf 86' lang='lat' dir='ltr'>Redbridge.</span> 
     </span>
     <span class='ocr_line' id='line_1_32' title="bbox 125 2691 1671 2745; baseline -0.001 -13"><span class='ocrx_word' id='word_1_259' title='bbox 125 2692 199 2732; x_wconf 85' lang='lat' dir='ltr'>the</span> <span class='ocrx_word' id='word_1_260' title='bbox 221 2691 383 2731; x_wconf 83' lang='lat' dir='ltr'>Itchen.</span> <span class='ocrx_word' id='word_1_261' title='bbox 1086 2693 1101 2716; x_wconf 76' lang='lat'>³</span> <span class='ocrx_word' id='word_1_262' title='bbox 1130 2691 1342 2745; x_wconf 72' lang='lat' dir='ltr'>Solaente]</span> <span class='ocrx_word' id='word_1_263' title='bbox 1366 2692 1549 2738; x_wconf 78' lang='lat' dir='ltr'>Solente,</span> <span class='ocrx_word' id='word_1_264' title='bbox 1569 2691 1671 2732; x_wconf 83' lang='lat' dir='ltr'>S.V.</span> 
     </span>
    </p>

    <p class='ocr_par' dir='ltr' id='par_1_7' title="bbox 182 2744 1673 2801">
     <span class='ocr_line' id='line_1_33' title="bbox 182 2744 1673 2801; baseline 0 -15"><span class='ocrx_word' id='word_1_265' title='bbox 182 2746 196 2768; x_wconf 85' lang='lat'>²</span> <span class='ocrx_word' id='word_1_266' title='bbox 227 2744 476 2798; x_wconf 77' lang='lat' dir='ltr'>Hreutford]</span> <span class='ocrx_word' id='word_1_267' title='bbox 544 2745 795 2793; x_wconf 81' lang='lat' dir='ltr'>Hreodford,</span> <span class='ocrx_word' id='word_1_268' title='bbox 854 2745 896 2787; x_wconf 85' lang='lat' dir='ltr'>S.</span> <span class='ocrx_word' id='word_1_269' title='bbox 916 2746 971 2786; x_wconf 88' lang='lat' dir='ltr'>V.</span> <span class='ocrx_word' id='word_1_270' title='bbox 1086 2745 1100 2769; x_wconf 74' lang='lat'><strong>⁴</strong></span> <span class='ocrx_word' id='word_1_271' title='bbox 1128 2747 1344 2801; x_wconf 67' lang='lat' dir='ltr'>Homolea]</span> <span class='ocrx_word' id='word_1_272' title='bbox 1366 2747 1456 2787; x_wconf 87' lang='lat' dir='ltr'>The</span> <span class='ocrx_word' id='word_1_273' title='bbox 1476 2746 1673 2788; x_wconf 88' lang='lat' dir='ltr'>Hamble.</span> 
     </span>
    </p>
   </div>
  </div>
 </body>
</html>
