<?xml version="1.0" encoding="UTF-8"?>
<!DOCTYPE html PUBLIC "-//W3C//DTD XHTML 1.0 Transitional//EN"
    "http://www.w3.org/TR/xhtml1/DTD/xhtml1-transitional.dtd">
<html xmlns="http://www.w3.org/1999/xhtml" xml:lang="en" lang="en">
 <head>
  <title>
</title>
<meta http-equiv="Content-Type" content="text/html;charset=utf-8" />
  <meta name='ocr-system' content='tesseract 3.04.00' />
  <meta name='ocr-capabilities' content='ocr_page ocr_carea ocr_par ocr_line ocrx_word'/>
</head>
<body>
  <div class='ocr_page' id='page_1' title='image "./historiaecclesia00bedeuoft_0238.png"; bbox 0 0 2216 3554; ppageno 0'>
   <div class='ocr_carea' id='block_1_1' title="bbox 349 179 2092 251">
    <p class='ocr_par' dir='ltr' id='par_1_1' title="bbox 349 179 2092 251">
     <span class='ocr_line' id='line_1_1' title="bbox 349 179 2092 251; baseline 0 -20"><span class='ocrx_word' id='word_1_1' title='bbox 349 187 446 232; x_wconf 89' lang='grc'>206</span> <span class='ocrx_word' id='word_1_2' title='bbox 924 180 1150 231; x_wconf 77' lang='lat' dir='ltr'><em>Historia</em></span> <span class='ocrx_word' id='word_1_3' title='bbox 1185 180 1522 231; x_wconf 78' lang='lat' dir='ltr'>Ecclesiastioa</span> <span class='ocrx_word' id='word_1_4' title='bbox 1865 179 1999 251; x_wconf 76' lang='lat' dir='ltr'>[Lm.</span> <span class='ocrx_word' id='word_1_5' title='bbox 2017 197 2092 231; x_wconf 83' lang='lat' dir='ltr'>m.</span> 
     </span>
    </p>
   </div>
   <div class='ocr_carea' id='block_1_2' title="bbox 347 297 2102 789">
    <p class='ocr_par' dir='ltr' id='par_1_2' title="bbox 347 297 2102 789">
     <span class='ocr_line' id='line_1_2' title="bbox 348 297 2097 376; baseline 0.002 -16"><span class='ocrx_word' id='word_1_6' title='bbox 348 316 456 361; x_wconf 89' lang='lat' dir='ltr'>erat</span> <span class='ocrx_word' id='word_1_7' title='bbox 488 315 604 360; x_wconf 88' lang='lat' dir='ltr'>tunc</span> <span class='ocrx_word' id='word_1_8' title='bbox 639 311 782 371; x_wconf 86' lang='lat' dir='ltr'>ullus,</span> <span class='ocrx_word' id='word_1_9' title='bbox 816 318 1016 376; x_wconf 85' lang='lat' dir='ltr'>excepto</span> <span class='ocrx_word' id='word_1_10' title='bbox 1031 313 1047 339; x_wconf 80' lang='lat'>1</span> <span class='ocrx_word' id='word_1_11' title='bbox 1079 312 1165 360; x_wconf 93' lang='lat' dir='ltr'>illo</span> <span class='ocrx_word' id='word_1_12' title='bbox 1190 312 1333 371; x_wconf 89' lang='lat' dir='ltr'>Vine,</span> <span class='ocrx_word' id='word_1_13' title='bbox 1364 312 1418 359; x_wconf 92' lang='lat' dir='ltr'>in</span> <span class='ocrx_word' id='word_1_14' title='bbox 1452 316 1557 360; x_wconf 86' lang='lat' dir='ltr'>tota</span> <span class='ocrx_word' id='word_1_15' title='bbox 1593 312 1835 361; x_wconf 77' lang='lat' dir='ltr'>Brittania</span> <span class='ocrx_word' id='word_1_16' title='bbox 1870 297 2097 363; x_wconf 80' lang='lat' dir='ltr'>canonice</span> 
     </span>
     <span class='ocr_line' id='line_1_3' title="bbox 348 394 2097 459; baseline 0.002 -18"><span class='ocrx_word' id='word_1_17' title='bbox 348 394 598 442; x_wconf 89' lang='lat' dir='ltr'>ordinatus</span> <span class='ocrx_word' id='word_1_18' title='bbox 633 394 895 458; x_wconf 87' lang='lat' dir='ltr'>episcopus.</span> <span class='ocrx_word' id='word_1_19' title='bbox 968 395 1289 444; x_wconf 86' lang='lat' dir='ltr'>Oonsecratus</span> <span class='ocrx_word' id='word_1_20' title='bbox 1326 411 1441 458; x_wconf 86' lang='lat' dir='ltr'>ergo</span> <span class='ocrx_word' id='word_1_21' title='bbox 1484 394 1535 441; x_wconf 91' lang='lat' dir='ltr'>in</span> <span class='ocrx_word' id='word_1_22' title='bbox 1573 394 1852 459; x_wconf 88' lang='lat' dir='ltr'>episcopum</span> <span class='ocrx_word' id='word_1_23' title='bbox 1889 397 2097 456; x_wconf 84' lang='lat' dir='ltr'>Oeadda,</span> 
     </span>
     <span class='ocr_line' id='line_1_4' title="bbox 348 477 2096 542; baseline 0.002 -18"><span class='ocrx_word' id='word_1_24' title='bbox 348 492 464 524; x_wconf 87' lang='lat' dir='ltr'>mox</span> <span class='ocrx_word' id='word_1_25' title='bbox 492 477 637 539; x_wconf 90' lang='lat' dir='ltr'>coepit</span> <span class='ocrx_word' id='word_1_26' title='bbox 668 478 999 526; x_wconf 80' lang='lat' dir='ltr'>ecclesiasticae</span> <span class='ocrx_word' id='word_1_27' title='bbox 1024 478 1235 537; x_wconf 86' lang='lat' dir='ltr'>veritati,</span> <span class='ocrx_word' id='word_1_28' title='bbox 1261 481 1310 526; x_wconf 90' lang='lat' dir='ltr'>et</span> <span class='ocrx_word' id='word_1_29' title='bbox 1345 477 1559 525; x_wconf 72' lang='lat' dir='ltr'>castitati</span> <span class='ocrx_word' id='word_1_30' title='bbox 1596 493 1759 526; x_wconf 91' lang='lat' dir='ltr'>curam</span> <span class='ocrx_word' id='word_1_31' title='bbox 1793 479 2096 542; x_wconf 90' lang='lat' dir='ltr'>impendere;</span> 
     </span>
     <span class='ocr_line' id='line_1_5' title="bbox 347 558 2096 623; baseline 0.002 -17"><span class='ocrx_word' id='word_1_32' title='bbox 347 558 634 619; x_wconf 85' lang='lat' dir='ltr'>humilitati,</span> <span class='ocrx_word' id='word_1_33' title='bbox 682 560 1007 619; x_wconf 78' lang='lat' dir='ltr'>continentiae,</span> <span class='ocrx_word' id='word_1_34' title='bbox 1050 560 1246 609; x_wconf 86' lang='lat' dir='ltr'>lectioni</span> <span class='ocrx_word' id='word_1_35' title='bbox 1292 577 1488 623; x_wconf 83' lang='lat' dir='ltr'>operam</span> <span class='ocrx_word' id='word_1_36' title='bbox 1534 559 1677 619; x_wconf 85' lang='lat' dir='ltr'>dare3</span> <span class='ocrx_word' id='word_1_37' title='bbox 1733 561 1924 623; x_wconf 86' lang='lat' dir='ltr'>oppida,</span> <span class='ocrx_word' id='word_1_38' title='bbox 1966 579 2096 622; x_wconf 88' lang='lat' dir='ltr'>rura,</span> 
     </span>
     <span class='ocr_line' id='line_1_6' title="bbox 348 641 2102 706; baseline 0.002 -16"><span class='ocrx_word' id='word_1_39' title='bbox 348 658 495 702; x_wconf 84' lang='lat' dir='ltr'>casas,</span> <span class='ocrx_word' id='word_1_40' title='bbox 515 641 662 701; x_wconf 87' lang='lat' dir='ltr'>vicos,</span> <span class='ocrx_word' id='word_1_41' title='bbox 687 643 882 691; x_wconf 88' lang='lat' dir='ltr'>castella</span> <span class='ocrx_word' id='word_1_42' title='bbox 904 647 1102 706; x_wconf 90' lang='lat' dir='ltr'>propter</span> <span class='ocrx_word' id='word_1_43' title='bbox 1126 642 1563 706; x_wconf 84' lang='lat' dir='ltr'>evangelizandum,</span> <span class='ocrx_word' id='word_1_44' title='bbox 1592 659 1690 690; x_wconf 89' lang='lat' dir='ltr'>non</span> <span class='ocrx_word' id='word_1_45' title='bbox 1714 643 1991 705; x_wconf 86' lang='lat' dir='ltr'>equitando,</span> <span class='ocrx_word' id='word_1_46' title='bbox 2017 646 2102 693; x_wconf 90' lang='lat' dir='ltr'>sed</span> 
     </span>
     <span class='ocr_line' id='line_1_7' title="bbox 349 724 2101 789; baseline 0.001 -17"><span class='ocrx_word' id='word_1_47' title='bbox 349 724 679 787; x_wconf 87' lang='lat' dir='ltr'>apostolorum</span> <span class='ocrx_word' id='word_1_48' title='bbox 703 742 835 773; x_wconf 90' lang='lat' dir='ltr'>more</span> <span class='ocrx_word' id='word_1_49' title='bbox 858 726 1063 788; x_wconf 87' lang='lat' dir='ltr'>pedibus</span> <span class='ocrx_word' id='word_1_50' title='bbox 1098 725 1362 774; x_wconf 88' lang='lat' dir='ltr'>incedendo</span> <span class='ocrx_word' id='word_1_51' title='bbox 1391 743 1664 789; x_wconf 86' lang='lat' dir='ltr'>peragrare.</span> <span class='ocrx_word' id='word_1_52' title='bbox 1736 725 1863 773; x_wconf 85' lang='lat' dir='ltr'>Erat</span> <span class='ocrx_word' id='word_1_53' title='bbox 1887 726 2016 774; x_wconf 90' lang='lat' dir='ltr'>enim</span> <span class='ocrx_word' id='word_1_54' title='bbox 2041 727 2101 774; x_wconf 89' lang='lat' dir='ltr'>de</span> 
     </span>
    </p>
   </div>
   <div class='ocr_carea' id='block_1_3' title="bbox 266 806 2102 871">
    <p class='ocr_par' dir='ltr' id='par_1_3' title="bbox 266 806 2102 871">
     <span class='ocr_line' id='line_1_8' title="bbox 266 806 2102 871; baseline 0.002 -18"><span class='ocrx_word' id='word_1_55' title='bbox 266 816 268 818; x_wconf 83' lang='grc'><strong>’</strong></span> <span class='ocrx_word' id='word_1_56' title='bbox 349 806 603 870; x_wconf 82' lang='lat' dir='ltr'>discipulis</span> <span class='ocrx_word' id='word_1_57' title='bbox 629 807 822 866; x_wconf 85' lang='lat' dir='ltr'>Aidani,</span> <span class='ocrx_word' id='word_1_58' title='bbox 841 807 1115 871; x_wconf 88' lang='lat' dir='ltr'>eisdemque</span> <span class='ocrx_word' id='word_1_59' title='bbox 1138 807 1325 856; x_wconf 86' lang='lat' dir='ltr'>actibus</span> <span class='ocrx_word' id='word_1_60' title='bbox 1349 825 1402 860; x_wconf 87' lang='lat' dir='ltr'>ac</span> <span class='ocrx_word' id='word_1_61' title='bbox 1426 809 1642 856; x_wconf 88' lang='lat' dir='ltr'>moribus</span> <span class='ocrx_word' id='word_1_62' title='bbox 1661 810 1804 870; x_wconf 86' lang='lat' dir='ltr'>juxta</span> <span class='ocrx_word' id='word_1_63' title='bbox 1828 808 2102 871; x_wconf 84' lang='lat' dir='ltr'>exemplum</span> 
     </span>
    </p>
   </div>
   <div class='ocr_carea' id='block_1_4' title="bbox 350 889 2105 1366">
    <p class='ocr_par' dir='ltr' id='par_1_4' title="bbox 350 889 2105 1366">
     <span class='ocr_line' id='line_1_9' title="bbox 350 889 2100 951; baseline 0.001 -14"><span class='ocrx_word' id='word_1_64' title='bbox 350 891 466 951; x_wconf 85' lang='lat' dir='ltr'>ejus,</span> <span class='ocrx_word' id='word_1_65' title='bbox 510 906 565 938; x_wconf 89' lang='lat' dir='ltr'>ac</span> <span class='ocrx_word' id='word_1_66' title='bbox 611 889 777 937; x_wconf 85' lang='lat' dir='ltr'>fratris</span> <span class='ocrx_word' id='word_1_67' title='bbox 825 890 900 937; x_wconf 91' lang='lat' dir='ltr'>sui</span> <span class='ocrx_word' id='word_1_68' title='bbox 943 889 1112 949; x_wconf 82' lang='lat' dir='ltr'>Ceddi,</span> <span class='ocrx_word' id='word_1_69' title='bbox 1148 906 1261 938; x_wconf 90' lang='lat' dir='ltr'>suos</span> <span class='ocrx_word' id='word_1_70' title='bbox 1307 890 1562 939; x_wconf 85' lang='lat' dir='ltr'>instituere</span> <span class='ocrx_word' id='word_1_71' title='bbox 1609 890 1798 939; x_wconf 87' lang='lat' dir='ltr'>curavit</span> <span class='ocrx_word' id='word_1_72' title='bbox 1843 890 2100 939; x_wconf 85' lang='lat' dir='ltr'>auditores.</span> 
     </span>
     <span class='ocr_line' id='line_1_10' title="bbox 352 971 2103 1036; baseline 0.001 -17"><span class='ocrx_word' id='word_1_73' title='bbox 352 971 566 1020; x_wconf 86' lang='lat' dir='ltr'>Veniens</span> <span class='ocrx_word' id='word_1_74' title='bbox 591 989 780 1034; x_wconf 90' lang='lat' dir='ltr'>quoque</span> <span class='ocrx_word' id='word_1_75' title='bbox 804 972 1103 1019; x_wconf 87' lang='lat' dir='ltr'>Brittaniam</span> <span class='ocrx_word' id='word_1_76' title='bbox 1126 971 1306 1019; x_wconf 87' lang='lat' dir='ltr'>Vilfrid</span> <span class='ocrx_word' id='word_1_77' title='bbox 1323 973 1426 1035; x_wconf 85' lang='lat' dir='ltr'>jam</span> <span class='ocrx_word' id='word_1_78' title='bbox 1450 973 1700 1036; x_wconf 89' lang='lat' dir='ltr'>episcopus</span> <span class='ocrx_word' id='word_1_79' title='bbox 1735 973 1903 1032; x_wconf 81' lang='lat' dir='ltr'>factus,</span> <span class='ocrx_word' id='word_1_80' title='bbox 1929 977 1978 1020; x_wconf 90' lang='lat' dir='ltr'>et</span> <span class='ocrx_word' id='word_1_81' title='bbox 2001 973 2103 1036; x_wconf 89' lang='lat' dir='ltr'>ipse</span> 
     </span>
     <span class='ocr_line' id='line_1_11' title="bbox 352 1052 2101 1118; baseline 0.001 -17"><span class='ocrx_word' id='word_1_82' title='bbox 352 1055 579 1118; x_wconf 90' lang='lat' dir='ltr'>perplura</span> <span class='ocrx_word' id='word_1_83' title='bbox 598 1053 847 1101; x_wconf 82' lang='lat' dir='ltr'>catholicae</span> <span class='ocrx_word' id='word_1_84' title='bbox 872 1052 1222 1101; x_wconf 83' lang='lat' dir='ltr'>observationis</span> <span class='ocrx_word' id='word_1_85' title='bbox 1246 1054 1576 1103; x_wconf 87' lang='lat' dir='ltr'>moderamina</span> <span class='ocrx_word' id='word_1_86' title='bbox 1599 1055 1809 1103; x_wconf 85' lang='lat' dir='ltr'>ecclesiis</span> <span class='ocrx_word' id='word_1_87' title='bbox 1828 1054 2101 1117; x_wconf 84' lang='lat' dir='ltr'>Anglorum</span> 
     </span>
     <span class='ocr_line' id='line_1_12' title="bbox 354 1135 2105 1200; baseline -0.001 -14"><span class='ocrx_word' id='word_1_88' title='bbox 354 1154 441 1186; x_wconf 85' lang='lat' dir='ltr'>sua</span> <span class='ocrx_word' id='word_1_89' title='bbox 466 1135 684 1184; x_wconf 82' lang='lat' dir='ltr'>doctrina</span> <span class='ocrx_word' id='word_1_90' title='bbox 713 1135 934 1183; x_wconf 90' lang='lat' dir='ltr'>contulit.</span> <span class='ocrx_word' id='word_1_91' title='bbox 1007 1135 1152 1183; x_wconf 89' lang='lat' dir='ltr'>Unde</span> <span class='ocrx_word' id='word_1_92' title='bbox 1187 1137 1373 1184; x_wconf 89' lang='lat' dir='ltr'>factum</span> <span class='ocrx_word' id='word_1_93' title='bbox 1407 1142 1493 1197; x_wconf 89' lang='lat' dir='ltr'>est,</span> <span class='ocrx_word' id='word_1_94' title='bbox 1518 1142 1575 1186; x_wconf 90' lang='lat' dir='ltr'>ut</span> <span class='ocrx_word' id='word_1_95' title='bbox 1610 1143 1847 1186; x_wconf 85' lang='lat' dir='ltr'>crescente</span> <span class='ocrx_word' id='word_1_96' title='bbox 1881 1154 1968 1200; x_wconf 88' lang='lat' dir='ltr'>per</span> <span class='ocrx_word' id='word_1_97' title='bbox 2002 1137 2105 1185; x_wconf 87' lang='lat' dir='ltr'>dies</span> 
     </span>
     <span class='ocr_line' id='line_1_13' title="bbox 355 1217 2102 1284; baseline 0 -17"><span class='ocrx_word' id='word_1_98' title='bbox 355 1219 662 1267; x_wconf 87' lang='lat' dir='ltr'>institutione</span> <span class='ocrx_word' id='word_1_99' title='bbox 686 1217 932 1276; x_wconf 83' lang='lat' dir='ltr'>catholica,</span> <span class='ocrx_word' id='word_1_100' title='bbox 950 1218 1106 1268; x_wconf 83' lang='lat' dir='ltr'>Scotti</span> <span class='ocrx_word' id='word_1_101' title='bbox 1131 1236 1295 1267; x_wconf 91' lang='lat' dir='ltr'>omnes</span> <span class='ocrx_word' id='word_1_102' title='bbox 1313 1220 1398 1283; x_wconf 91' lang='lat' dir='ltr'>qui</span> <span class='ocrx_word' id='word_1_103' title='bbox 1423 1220 1552 1269; x_wconf 90' lang='lat' dir='ltr'>inter</span> <span class='ocrx_word' id='word_1_104' title='bbox 1567 1221 1752 1284; x_wconf 87' lang='lat' dir='ltr'>Anglos</span> <span class='ocrx_word' id='word_1_105' title='bbox 1777 1221 2102 1279; x_wconf 84' lang='lat' dir='ltr'>morabantur,</span> 
     </span>
     <span class='ocr_line' id='line_1_14' title="bbox 355 1300 1785 1366; baseline 0 -16"><span class='ocrx_word' id='word_1_106' title='bbox 355 1307 440 1350; x_wconf 93' lang='lat' dir='ltr'>aut</span> <span class='ocrx_word' id='word_1_107' title='bbox 463 1301 540 1349; x_wconf 91' lang='lat' dir='ltr'>his</span> <span class='ocrx_word' id='word_1_108' title='bbox 565 1317 736 1350; x_wconf 86' lang='lat' dir='ltr'>manus</span> <span class='ocrx_word' id='word_1_109' title='bbox 761 1300 945 1361; x_wconf 84' lang='lat' dir='ltr'>darent,</span> <span class='ocrx_word' id='word_1_110' title='bbox 971 1306 1058 1350; x_wconf 90' lang='lat' dir='ltr'>aut</span> <span class='ocrx_word' id='word_1_111' title='bbox 1080 1318 1217 1350; x_wconf 90' lang='lat' dir='ltr'>suam</span> <span class='ocrx_word' id='word_1_112' title='bbox 1241 1301 1457 1352; x_wconf 86' lang='lat' dir='ltr'>redirent</span> <span class='ocrx_word' id='word_1_113' title='bbox 1480 1301 1542 1350; x_wconf 90' lang='lat' dir='ltr'>ad</span> <span class='ocrx_word' id='word_1_114' title='bbox 1565 1302 1785 1366; x_wconf 84' lang='lat' dir='ltr'>patriam.</span> 
     </span>
    </p>
   </div>
   <div class='ocr_carea' id='block_1_5' title="bbox 1041 1532 1428 1583">
    <p class='ocr_par' dir='ltr' id='par_1_5' title="bbox 1041 1532 1428 1583">
     <span class='ocr_line' id='line_1_15' title="bbox 1041 1532 1428 1583; baseline 0 -1"><span class='ocrx_word' id='word_1_115' title='bbox 1041 1532 1188 1583; x_wconf 80' lang='lat' dir='ltr'>OAP.</span> <span class='ocrx_word' id='word_1_116' title='bbox 1225 1532 1428 1582; x_wconf 88' lang='lat' dir='ltr'>XXIX.</span> 
     </span>
    </p>
   </div>
   <div class='ocr_carea' id='block_1_6' title="bbox 364 1657 2110 1839">
    <p class='ocr_par' dir='ltr' id='par_1_6' title="bbox 364 1657 2110 1839">
     <span class='ocr_line' id='line_1_16' title="bbox 364 1657 2108 1712; baseline -0.002 -12"><span class='ocrx_word' id='word_1_117' title='bbox 364 1659 415 1700; x_wconf 81' lang='lat' dir='ltr'>Ut</span> <span class='ocrx_word' id='word_1_118' title='bbox 445 1659 604 1710; x_wconf 70' lang='lat' dir='ltr'>Viqhar</span> <span class='ocrx_word' id='word_1_119' title='bbox 633 1659 834 1711; x_wconf 78' lang='lat' dir='ltr'>presbyter</span> <span class='ocrx_word' id='word_1_120' title='bbox 871 1659 1127 1700; x_wconf 75' lang='lat' dir='ltr'>ordinandus</span> <span class='ocrx_word' id='word_1_121' title='bbox 1156 1660 1203 1700; x_wconf 81' lang='lat' dir='ltr'>in</span> <span class='ocrx_word' id='word_1_122' title='bbox 1235 1661 1591 1712; x_wconf 75' lang='lat' dir='ltr'>archiepiscopum,</span> <span class='ocrx_word' id='word_1_123' title='bbox 1622 1659 1795 1699; x_wconf 84' lang='lat' dir='ltr'>Romam</span> <span class='ocrx_word' id='word_1_124' title='bbox 1823 1657 1869 1699; x_wconf 82' lang='lat' dir='ltr'>de</span> <span class='ocrx_word' id='word_1_125' title='bbox 1888 1658 2108 1699; x_wconf 76' lang='lat' dir='ltr'>Brittania</span> 
     </span>
     <span class='ocr_line' id='line_1_17' title="bbox 468 1727 2110 1781; baseline -0.001 -13"><span class='ocrx_word' id='word_1_126' title='bbox 468 1729 523 1768; x_wconf 77' lang='lat' dir='ltr'>sit</span> <span class='ocrx_word' id='word_1_127' title='bbox 542 1728 689 1768; x_wconf 75' lang='lat' dir='ltr'>‘missus</span> <span class='ocrx_word' id='word_1_128' title='bbox 706 1744 719 1768; x_wconf 90' lang='lat'>.·</span> <span class='ocrx_word' id='word_1_129' title='bbox 749 1742 865 1781; x_wconf 78' lang='lat' dir='ltr'>quem</span> <span class='ocrx_word' id='word_1_130' title='bbox 893 1729 1062 1770; x_wconf 69' lang='lat' dir='ltr'>remissa</span> <span class='ocrx_word' id='word_1_131' title='bbox 1091 1742 1186 1769; x_wconf 82' lang='lat' dir='ltr'>mox</span> <span class='ocrx_word' id='word_1_132' title='bbox 1213 1729 1367 1781; x_wconf 74' lang='lat' dir='ltr'>scripta</span> <span class='ocrx_word' id='word_1_133' title='bbox 1388 1742 1513 1781; x_wconf 76' lang='lat' dir='ltr'>papoe</span> <span class='ocrx_word' id='word_1_134' title='bbox 1537 1727 1761 1781; x_wconf 77' lang='lat' dir='ltr'>apostolici,</span> <span class='ocrx_word' id='word_1_135' title='bbox 1790 1727 1941 1768; x_wconf 78' lang='lat' dir='ltr'>ibidem</span> <span class='ocrx_word' id='word_1_136' title='bbox 1965 1727 2110 1767; x_wconf 70' lang='lat' dir='ltr'>obiisse</span> 
     </span>
     <span class='ocr_line' id='line_1_18' title="bbox 467 1798 746 1839; baseline 0 0"><span class='ocrx_word' id='word_1_137' title='bbox 467 1798 746 1839; x_wconf 77' lang='lat' dir='ltr'>narraverint.</span> 
     </span>
    </p>
   </div>
   <div class='ocr_carea' id='block_1_7' title="bbox 431 1907 2107 1974">
    <p class='ocr_par' dir='ltr' id='par_1_7' title="bbox 431 1907 2107 1974">
     <span class='ocr_line' id='line_1_19' title="bbox 431 1907 2107 1974; baseline -0.002 -15"><span class='ocrx_word' id='word_1_138' title='bbox 431 1913 533 1960; x_wconf 82' lang='lat' dir='ltr'>HIS</span> <span class='ocrx_word' id='word_1_139' title='bbox 552 1910 851 1974; x_wconf 86' lang='lat' dir='ltr'>temporibus</span> <span class='ocrx_word' id='word_1_140' title='bbox 863 1912 880 1938; x_wconf 83' lang='lat'>2</span> <span class='ocrx_word' id='word_1_141' title='bbox 899 1927 1035 1973; x_wconf 84' lang='lat' dir='ltr'>reges</span> <span class='ocrx_word' id='word_1_142' title='bbox 1053 1908 1328 1973; x_wconf 86' lang='lat' dir='ltr'>Anglorum</span> <span class='ocrx_word' id='word_1_143' title='bbox 1352 1909 1650 1970; x_wconf 83' lang='lat' dir='ltr'>nobilissimi,</span> <span class='ocrx_word' id='word_1_144' title='bbox 1669 1910 1825 1958; x_wconf 87' lang='lat' dir='ltr'>Osuiu</span> <span class='ocrx_word' id='word_1_145' title='bbox 1848 1907 2107 1972; x_wconf 81' lang='lat' dir='ltr'>provinciae</span> 
     </span>
    </p>
   </div>
   <div class='ocr_carea' id='block_1_8' title="bbox 424 1993 2108 2056">
    <p class='ocr_par' dir='ltr' id='par_1_8' title="bbox 424 1993 2108 2056">
     <span class='ocr_line' id='line_1_20' title="bbox 424 1993 2108 2056; baseline -0.002 -14"><span class='ocrx_word' id='word_1_146' title='bbox 424 2007 610 2050; x_wconf 80' lang='lat' dir='ltr'>wighard</span> <span class='ocrx_word' id='word_1_147' title='bbox 701 1993 1230 2056; x_wconf 69' lang='lat' dir='ltr'>Nordanhymbrorum,</span> <span class='ocrx_word' id='word_1_148' title='bbox 1295 1996 1344 2041; x_wconf 90' lang='lat' dir='ltr'>et</span> <span class='ocrx_word' id='word_1_149' title='bbox 1412 1993 1649 2056; x_wconf 88' lang='lat' dir='ltr'>Ecgberct</span> <span class='ocrx_word' id='word_1_150' title='bbox 1718 1993 2108 2050; x_wconf 85' lang='lat' dir='ltr'>Cantuariorum,</span> 
     </span>
    </p>
   </div>
   <div class='ocr_carea' id='block_1_9' title="bbox 412 2058 2111 2140">
    <p class='ocr_par' dir='ltr' id='par_1_9' title="bbox 412 2058 2111 2140">
     <span class='ocr_line' id='line_1_21' title="bbox 461 2058 2064 2092; baseline -0.006 0"><span class='ocrx_word' id='word_1_151' title='bbox 461 2058 546 2092; x_wconf 87' lang='lat' dir='ltr'>sent</span> <span class='ocrx_word' id='word_1_152' title='bbox 563 2058 604 2091; x_wconf 88' lang='lat' dir='ltr'>to</span> <span class='ocrx_word' id='word_1_153' title='bbox 801 2075 810 2084; x_wconf 90' lang='lat'>.</span> <span class='ocrx_word' id='word_1_154' title='bbox 913 2075 922 2084; x_wconf 92' lang='lat'>.</span> <span class='ocrx_word' id='word_1_155' title='bbox 1297 2075 1306 2084; x_wconf 86' lang='lat'>.</span> <span class='ocrx_word' id='word_1_156' title='bbox 1336 2075 1346 2084; x_wconf 93' lang='lat'>.</span> <span class='ocrx_word' id='word_1_157' title='bbox 1514 2076 1524 2085; x_wconf 89' lang='lat'>.</span> <span class='ocrx_word' id='word_1_158' title='bbox 2055 2074 2064 2083; x_wconf 91' lang='lat'>.</span> 
     </span>
     <span class='ocr_line' id='line_1_22' title="bbox 412 2075 2111 2140; baseline -0.003 -14"><span class='ocrx_word' id='word_1_159' title='bbox 412 2105 650 2140; x_wconf 78' lang='lat' dir='ltr'>Rometobe</span> <span class='ocrx_word' id='word_1_160' title='bbox 702 2075 867 2123; x_wconf 78' lang='lat' dir='ltr'>hablto</span> <span class='ocrx_word' id='word_1_161' title='bbox 908 2079 1037 2123; x_wconf 87' lang='lat' dir='ltr'>mter</span> <span class='ocrx_word' id='word_1_162' title='bbox 1084 2092 1133 2124; x_wconf 91' lang='lat' dir='ltr'>se</span> <span class='ocrx_word' id='word_1_163' title='bbox 1180 2075 1394 2134; x_wconf 81' lang='lat' dir='ltr'>consilio,</span> <span class='ocrx_word' id='word_1_164' title='bbox 1445 2075 1563 2139; x_wconf 84' lang='lat' dir='ltr'>quld</span> <span class='ocrx_word' id='word_1_165' title='bbox 1612 2075 1670 2123; x_wconf 93' lang='lat' dir='ltr'>de</span> <span class='ocrx_word' id='word_1_166' title='bbox 1723 2078 1855 2124; x_wconf 89' lang='lat' dir='ltr'>statu</span> <span class='ocrx_word' id='word_1_167' title='bbox 1903 2075 2111 2123; x_wconf 71' lang='lat' dir='ltr'>ecclesme</span> 
     </span>
    </p>
   </div>
   <div class='ocr_carea' id='block_1_10' title="bbox 413 2155 2108 2247">
    <p class='ocr_par' dir='ltr' id='par_1_10' title="bbox 413 2155 2108 2247">
     <span class='ocr_line' id='line_1_23' title="bbox 413 2155 2108 2247; baseline -0.002 -40"><span class='ocrx_word' id='word_1_168' title='bbox 413 2155 655 2247; x_wconf 49' lang='grc' dir='ltr'>ξῖἲὲᾔζῖῑέἒ</span> <span class='ocrx_word' id='word_1_169' title='bbox 701 2157 978 2222; x_wconf 85' lang='lat' dir='ltr'>Anglorum</span> <span class='ocrx_word' id='word_1_170' title='bbox 1014 2162 1138 2207; x_wconf 87' lang='lat' dir='ltr'>esset</span> <span class='ocrx_word' id='word_1_171' title='bbox 1179 2158 1432 2222; x_wconf 84' lang='lat' dir='ltr'>agendum,</span> <span class='ocrx_word' id='word_1_172' title='bbox 1468 2158 1776 2206; x_wconf 85' lang='lat' dir='ltr'>intellexerat</span> <span class='ocrx_word' id='word_1_173' title='bbox 1812 2157 1942 2205; x_wconf 91' lang='lat' dir='ltr'>enim</span> <span class='ocrx_word' id='word_1_174' title='bbox 1978 2174 2108 2205; x_wconf 83' lang='lat' dir='ltr'>vera-</span> 
     </span>
    </p>
   </div>
   <div class='ocr_carea' id='block_1_11' title="bbox 363 2239 2114 2801">
    <p class='ocr_par' dir='ltr' id='par_1_11' title="bbox 363 2239 2114 2801">
     <span class='ocr_line' id='line_1_24' title="bbox 425 2239 2112 2309; baseline -0.002 -21"><span class='ocrx_word' id='word_1_175' title='bbox 425 2253 466 2288; x_wconf 87' lang='lat' dir='ltr'>of</span> <span class='ocrx_word' id='word_1_176' title='bbox 483 2253 638 2288; x_wconf 76' lang='lat' dir='ltr'>Canter-</span> <span class='ocrx_word' id='word_1_177' title='bbox 703 2241 824 2290; x_wconf 84' lang='lat' dir='ltr'>citer</span> <span class='ocrx_word' id='word_1_178' title='bbox 876 2240 1044 2300; x_wconf 87' lang='lat' dir='ltr'>Osuiu‚</span> <span class='ocrx_word' id='word_1_179' title='bbox 1096 2242 1316 2305; x_wconf 85' lang='lat' dir='ltr'>quamvis</span> <span class='ocrx_word' id='word_1_180' title='bbox 1375 2242 1605 2290; x_wconf 86' lang='lat' dir='ltr'>educatus</span> <span class='ocrx_word' id='word_1_181' title='bbox 1663 2259 1691 2289; x_wconf 90' lang='lat' dir='ltr'>a</span> <span class='ocrx_word' id='word_1_182' title='bbox 1749 2241 1942 2299; x_wconf 81' lang='lat' dir='ltr'>Scottis,</span> <span class='ocrx_word' id='word_1_183' title='bbox 1999 2239 2112 2309; x_wconf 90' lang='lat' dir='ltr'>quia</span> 
     </span>
     <span class='ocr_line' id='line_1_25' title="bbox 440 2304 2111 2402; baseline -0.001 -32"><span class='ocrx_word' id='word_1_184' title='bbox 440 2304 626 2402; x_wconf 47' lang='lat' dir='ltr'>[Alf’ffg&#39;ffi’</span> <span class='ocrx_word' id='word_1_185' title='bbox 702 2324 920 2371; x_wconf 79' lang='lat' dir='ltr'>Romana</span> <span class='ocrx_word' id='word_1_186' title='bbox 960 2329 1084 2373; x_wconf 90' lang='lat' dir='ltr'>esset</span> <span class='ocrx_word' id='word_1_187' title='bbox 1124 2325 1359 2374; x_wconf 84' lang='lat' dir='ltr'>catholica</span> <span class='ocrx_word' id='word_1_188' title='bbox 1394 2330 1442 2373; x_wconf 90' lang='lat' dir='ltr'>et</span> <span class='ocrx_word' id='word_1_189' title='bbox 1477 2324 1741 2388; x_wconf 88' lang='lat' dir='ltr'>apostolica</span> <span class='ocrx_word' id='word_1_190' title='bbox 1782 2323 1991 2382; x_wconf 83' lang='lat' dir='ltr'>ecclesia,</span> <span class='ocrx_word' id='word_1_191' title='bbox 2029 2322 2111 2369; x_wconf 89' lang='lat' dir='ltr'>ad-</span> 
     </span>
     <span class='ocr_line' id='line_1_26' title="bbox 421 2405 2111 2470; baseline 0 -17"><span class='ocrx_word' id='word_1_192' title='bbox 421 2410 458 2444; x_wconf 86' lang='lat' dir='ltr'>S·</span> <span class='ocrx_word' id='word_1_193' title='bbox 474 2409 645 2453; x_wconf 84' lang='lat' dir='ltr'>Chron.]‚</span> <span class='ocrx_word' id='word_1_194' title='bbox 705 2411 1018 2470; x_wconf 88' lang='lat' dir='ltr'>sumpserunt</span> <span class='ocrx_word' id='word_1_195' title='bbox 1042 2425 1151 2456; x_wconf 91' lang='lat' dir='ltr'>cum</span> <span class='ocrx_word' id='word_1_196' title='bbox 1177 2408 1406 2456; x_wconf 85' lang='lat' dir='ltr'>electione</span> <span class='ocrx_word' id='word_1_197' title='bbox 1431 2412 1480 2457; x_wconf 89' lang='lat' dir='ltr'>et</span> <span class='ocrx_word' id='word_1_198' title='bbox 1503 2423 1737 2455; x_wconf 89' lang='lat' dir='ltr'>consensu</span> <span class='ocrx_word' id='word_1_199' title='bbox 1763 2410 1938 2454; x_wconf 83' lang='lat' dir='ltr'>sanctae</span> <span class='ocrx_word' id='word_1_200' title='bbox 1969 2405 2111 2453; x_wconf 90' lang='lat' dir='ltr'>eccle-</span> 
     </span>
     <span class='ocr_line' id='line_1_27' title="bbox 365 2488 2111 2553; baseline -0.001 -16"><span class='ocrx_word' id='word_1_201' title='bbox 365 2488 449 2537; x_wconf 83' lang='lat' dir='ltr'>siae</span> <span class='ocrx_word' id='word_1_202' title='bbox 479 2488 636 2552; x_wconf 87' lang='lat' dir='ltr'>gentis</span> <span class='ocrx_word' id='word_1_203' title='bbox 659 2488 944 2553; x_wconf 87' lang='lat' dir='ltr'>Anglorum,</span> <span class='ocrx_word' id='word_1_204' title='bbox 970 2491 1129 2538; x_wconf 91' lang='lat' dir='ltr'>virum</span> <span class='ocrx_word' id='word_1_205' title='bbox 1165 2491 1358 2551; x_wconf 82' lang='lat' dir='ltr'>bonum,</span> <span class='ocrx_word' id='word_1_206' title='bbox 1390 2497 1438 2539; x_wconf 92' lang='lat' dir='ltr'>et</span> <span class='ocrx_word' id='word_1_207' title='bbox 1470 2495 1642 2553; x_wconf 89' lang='lat' dir='ltr'>aptum</span> <span class='ocrx_word' id='word_1_208' title='bbox 1674 2489 1949 2552; x_wconf 89' lang='lat' dir='ltr'>episcopatu</span> <span class='ocrx_word' id='word_1_209' title='bbox 1979 2505 2111 2551; x_wconf 90' lang='lat' dir='ltr'>pres-</span> 
     </span>
     <span class='ocr_line' id='line_1_28' title="bbox 363 2571 2113 2637; baseline -0.001 -17"><span class='ocrx_word' id='word_1_210' title='bbox 363 2573 589 2635; x_wconf 83' lang='lat' dir='ltr'>byterum</span> <span class='ocrx_word' id='word_1_211' title='bbox 624 2572 820 2621; x_wconf 89' lang='lat' dir='ltr'>nomine</span> <span class='ocrx_word' id='word_1_212' title='bbox 848 2573 1151 2637; x_wconf 86' lang='lat' dir='ltr'>Vighardum</span> <span class='ocrx_word' id='word_1_213' title='bbox 1168 2574 1197 2633; x_wconf 78' lang='lat'>³,</span> <span class='ocrx_word' id='word_1_214' title='bbox 1236 2575 1295 2622; x_wconf 92' lang='lat' dir='ltr'>de</span> <span class='ocrx_word' id='word_1_215' title='bbox 1329 2574 1456 2621; x_wconf 86' lang='lat' dir='ltr'>clero</span> <span class='ocrx_word' id='word_1_216' title='bbox 1499 2572 1770 2620; x_wconf 89' lang='lat' dir='ltr'>Deusdedit</span> <span class='ocrx_word' id='word_1_217' title='bbox 1807 2571 2034 2634; x_wconf 84' lang='lat' dir='ltr'>episcopi,</span> <span class='ocrx_word' id='word_1_218' title='bbox 2064 2575 2113 2619; x_wconf 92' lang='lat' dir='ltr'>et</span> 
     </span>
     <span class='ocr_line' id='line_1_29' title="bbox 363 2653 2113 2718; baseline 0 -18"><span class='ocrx_word' id='word_1_219' title='bbox 363 2653 494 2701; x_wconf 91' lang='lat' dir='ltr'>hunc</span> <span class='ocrx_word' id='word_1_220' title='bbox 513 2654 782 2702; x_wconf 83' lang='lat' dir='ltr'>antistitem</span> <span class='ocrx_word' id='word_1_221' title='bbox 802 2656 1124 2704; x_wconf 88' lang='lat' dir='ltr'>ordinandum</span> <span class='ocrx_word' id='word_1_222' title='bbox 1138 2656 1344 2704; x_wconf 91' lang='lat' dir='ltr'>Romam</span> <span class='ocrx_word' id='word_1_223' title='bbox 1362 2655 1600 2703; x_wconf 88' lang='lat' dir='ltr'>miserunt</span> <span class='ocrx_word' id='word_1_224' title='bbox 1621 2672 1631 2702; x_wconf 91' lang='lat'>:</span> <span class='ocrx_word' id='word_1_225' title='bbox 1663 2657 1900 2718; x_wconf 86' lang='lat' dir='ltr'>quatenus</span> <span class='ocrx_word' id='word_1_226' title='bbox 1918 2660 2113 2716; x_wconf 87' lang='lat' dir='ltr'>accepto</span> 
     </span>
     <span class='ocr_line' id='line_1_30' title="bbox 363 2735 2114 2801; baseline -0.002 -17"><span class='ocrx_word' id='word_1_227' title='bbox 363 2736 468 2800; x_wconf 91' lang='lat' dir='ltr'>ipse</span> <span class='ocrx_word' id='word_1_228' title='bbox 502 2736 656 2799; x_wconf 86' lang='lat' dir='ltr'>gradu</span> <span class='ocrx_word' id='word_1_229' title='bbox 691 2737 1138 2800; x_wconf 79' lang='lat' dir='ltr'>archiepiscopatus,</span> <span class='ocrx_word' id='word_1_230' title='bbox 1171 2738 1429 2786; x_wconf 88' lang='lat' dir='ltr'>catholicos</span> <span class='ocrx_word' id='word_1_231' title='bbox 1471 2754 1558 2801; x_wconf 91' lang='lat' dir='ltr'>per</span> <span class='ocrx_word' id='word_1_232' title='bbox 1601 2754 1790 2786; x_wconf 92' lang='lat' dir='ltr'>omnem</span> <span class='ocrx_word' id='word_1_233' title='bbox 1815 2735 2114 2784; x_wconf 88' lang='lat' dir='ltr'>Brittaniam</span> 
     </span>
    </p>
   </div>
   <div class='ocr_carea' id='block_1_12' title="bbox 367 2817 1595 2885">
    <p class='ocr_par' dir='ltr' id='par_1_12' title="bbox 367 2817 1595 2885">
     <span class='ocr_line' id='line_1_31' title="bbox 367 2817 1595 2885; baseline 0.002 -19"><span class='ocrx_word' id='word_1_234' title='bbox 367 2818 580 2867; x_wconf 85' lang='lat' dir='ltr'>ecclesiis</span> <span class='ocrx_word' id='word_1_235' title='bbox 603 2817 880 2882; x_wconf 84' lang='lat' dir='ltr'>Anglorum</span> <span class='ocrx_word' id='word_1_236' title='bbox 903 2821 1126 2869; x_wconf 89' lang='lat' dir='ltr'>ordinare</span> <span class='ocrx_word' id='word_1_237' title='bbox 1150 2826 1313 2885; x_wconf 89' lang='lat' dir='ltr'>posset</span> <span class='ocrx_word' id='word_1_238' title='bbox 1337 2820 1595 2869; x_wconf 87' lang='lat' dir='ltr'>antistites.</span> 
     </span>
    </p>
   </div>
   <div class='ocr_carea' id='block_1_13' title="bbox 365 2968 2117 3188">
    <p class='ocr_par' dir='ltr' id='par_1_13' title="bbox 365 2968 2117 3188">
     <span class='ocr_line' id='line_1_32' title="bbox 422 2968 2117 3023; baseline 0 -13"><span class='ocrx_word' id='word_1_239' title='bbox 422 2968 437 2993; x_wconf 83' lang='lat'>¹</span> <span class='ocrx_word' id='word_1_240' title='bbox 466 2970 638 3022; x_wconf 74' lang='lat' dir='ltr'>excepto]</span> <span class='ocrx_word' id='word_1_241' title='bbox 676 2969 802 3009; x_wconf 88' lang='lat' dir='ltr'>Wine</span> <span class='ocrx_word' id='word_1_242' title='bbox 831 2970 915 3009; x_wconf 89' lang='lat' dir='ltr'>had</span> <span class='ocrx_word' id='word_1_243' title='bbox 944 2971 1050 3011; x_wconf 87' lang='lat' dir='ltr'>been</span> <span class='ocrx_word' id='word_1_244' title='bbox 1077 2985 1214 3011; x_wconf 88' lang='lat' dir='ltr'>conse·</span> <span class='ocrx_word' id='word_1_245' title='bbox 1322 2971 1339 2995; x_wconf 79' lang='lat'>³</span> <span class='ocrx_word' id='word_1_246' title='bbox 1367 2970 1642 3023; x_wconf 71' lang='lat' dir='ltr'>Viykardum]</span> <span class='ocrx_word' id='word_1_247' title='bbox 1657 2970 1893 3022; x_wconf 83' lang='lat' dir='ltr'>Wigheard,</span> <span class='ocrx_word' id='word_1_248' title='bbox 1907 2972 1947 3012; x_wconf 86' lang='lat' dir='ltr'>S.</span> <span class='ocrx_word' id='word_1_249' title='bbox 1961 2970 2017 3010; x_wconf 90' lang='lat' dir='ltr'>V.</span> <span class='ocrx_word' id='word_1_250' title='bbox 2033 2970 2117 3010; x_wconf 89' lang='lat' dir='ltr'>and</span> 
     </span>
     <span class='ocr_line' id='line_1_33' title="bbox 365 3025 2116 3076; baseline -0.001 -12"><span class='ocrx_word' id='word_1_251' title='bbox 365 3025 509 3065; x_wconf 87' lang='lat' dir='ltr'>crated</span> <span class='ocrx_word' id='word_1_252' title='bbox 527 3026 571 3064; x_wconf 90' lang='lat' dir='ltr'>in</span> <span class='ocrx_word' id='word_1_253' title='bbox 590 3025 722 3070; x_wconf 77' lang='lat' dir='ltr'>Gaul:</span> <span class='ocrx_word' id='word_1_254' title='bbox 751 3039 791 3076; x_wconf 92' lang='lat' dir='ltr'>p.</span> <span class='ocrx_word' id='word_1_255' title='bbox 816 3036 905 3076; x_wconf 85' lang='lat'>153.</span> <span class='ocrx_word' id='word_1_256' title='bbox 1270 3026 1311 3066; x_wconf 85' lang='lat' dir='ltr'>S.</span> <span class='ocrx_word' id='word_1_257' title='bbox 1337 3027 1488 3067; x_wconf 82' lang='lat' dir='ltr'>Chron.</span> <span class='ocrx_word' id='word_1_258' title='bbox 1546 3027 1617 3065; x_wconf 90' lang='lat' dir='ltr'>He</span> <span class='ocrx_word' id='word_1_259' title='bbox 1644 3039 1730 3065; x_wconf 87' lang='lat' dir='ltr'>was</span> <span class='ocrx_word' id='word_1_260' title='bbox 1758 3026 1830 3065; x_wconf 80' lang='lat' dir='ltr'>the</span> <span class='ocrx_word' id='word_1_261' title='bbox 1857 3026 1946 3065; x_wconf 83' lang='lat' dir='ltr'>first</span> <span class='ocrx_word' id='word_1_262' title='bbox 1974 3026 2021 3064; x_wconf 86' lang='lat' dir='ltr'>of</span> <span class='ocrx_word' id='word_1_263' title='bbox 2043 3025 2116 3064; x_wconf 80' lang='lat' dir='ltr'>the</span> 
     </span>
     <span class='ocr_line' id='line_1_34' title="bbox 423 3078 2116 3133; baseline 0 -14"><span class='ocrx_word' id='word_1_264' title='bbox 423 3079 439 3101; x_wconf 82' lang='lat'><em>²</em></span> <span class='ocrx_word' id='word_1_265' title='bbox 468 3080 551 3120; x_wconf 75' lang='lat' dir='ltr'>His</span> <span class='ocrx_word' id='word_1_266' title='bbox 581 3078 841 3131; x_wconf 74' lang='lat' dir='ltr'>temporibus]</span> <span class='ocrx_word' id='word_1_267' title='bbox 890 3090 978 3120; x_wconf 86' lang='lat' dir='ltr'>A.D.</span> <span class='ocrx_word' id='word_1_268' title='bbox 1022 3079 1114 3132; x_wconf 87' lang='lat'><strong>667.</strong></span> <span class='ocrx_word' id='word_1_269' title='bbox 1172 3081 1213 3121; x_wconf 82' lang='lat' dir='ltr'>S.</span> <span class='ocrx_word' id='word_1_270' title='bbox 1271 3082 1430 3122; x_wconf 82' lang='lat' dir='ltr'>secular</span> <span class='ocrx_word' id='word_1_271' title='bbox 1447 3082 1587 3133; x_wconf 84' lang='lat' dir='ltr'>clergy</span> <span class='ocrx_word' id='word_1_272' title='bbox 1605 3081 1698 3120; x_wconf 91' lang='lat' dir='ltr'>who</span> <span class='ocrx_word' id='word_1_273' title='bbox 1723 3081 1946 3120; x_wconf 88' lang='lat' dir='ltr'>succeeded</span> <span class='ocrx_word' id='word_1_274' title='bbox 1971 3084 2015 3119; x_wconf 89' lang='lat' dir='ltr'>to</span> <span class='ocrx_word' id='word_1_275' title='bbox 2042 3080 2116 3119; x_wconf 84' lang='lat' dir='ltr'>the</span> 
     </span>
     <span class='ocr_line' id='line_1_35' title="bbox 368 3135 2117 3188; baseline 0.001 -15"><span class='ocrx_word' id='word_1_276' title='bbox 368 3135 535 3182; x_wconf 67' lang='lat' dir='ltr'>chron„</span> <span class='ocrx_word' id='word_1_277' title='bbox 588 3135 798 3175; x_wconf 87' lang='lat' dir='ltr'>Florence.</span> <span class='ocrx_word' id='word_1_278' title='bbox 873 3135 998 3185; x_wconf 67' lang='lat' dir='ltr'>Jafffi,</span> <span class='ocrx_word' id='word_1_279' title='bbox 1048 3136 1214 3187; x_wconf 82' lang='lat' dir='ltr'>Regest.</span> <span class='ocrx_word' id='word_1_280' title='bbox 1273 3137 1437 3188; x_wconf 88' lang='lat' dir='ltr'>dignity</span> <span class='ocrx_word' id='word_1_281' title='bbox 1456 3136 1770 3187; x_wconf 89' lang='lat' dir='ltr'>ofArchbishop</span> <span class='ocrx_word' id='word_1_282' title='bbox 1785 3137 1828 3174; x_wconf 83' lang='lat' dir='ltr'>of</span> <span class='ocrx_word' id='word_1_283' title='bbox 1844 3135 2117 3188; x_wconf 79' lang='lat' dir='ltr'>Canterbury.</span> 
     </span>
    </p>
   </div>
   <div class='ocr_carea' id='block_1_14' title="bbox 369 3190 1879 3298">
    <p class='ocr_par' dir='ltr' id='par_1_14' title="bbox 369 3190 1879 3298">
     <span class='ocr_line' id='line_1_36' title="bbox 369 3190 1879 3245; baseline 0.001 -16"><span class='ocrx_word' id='word_1_284' title='bbox 369 3190 523 3229; x_wconf 81' lang='lat' dir='ltr'>Pontis.</span> <span class='ocrx_word' id='word_1_285' title='bbox 565 3190 700 3236; x_wconf 66' lang='lat' dir='ltr'>Rom„</span> <span class='ocrx_word' id='word_1_286' title='bbox 738 3190 879 3229; x_wconf 81' lang='lat' dir='ltr'>makes</span> <span class='ocrx_word' id='word_1_287' title='bbox 915 3190 951 3228; x_wconf 92' lang='lat' dir='ltr'>it</span> <span class='ocrx_word' id='word_1_288' title='bbox 987 3200 1074 3232; x_wconf 58' lang='grc' dir='ltr'>ΑΛ).</span> <span class='ocrx_word' id='word_1_289' title='bbox 1113 3190 1216 3244; x_wconf 87' lang='grc'><strong>665;</strong></span> <span class='ocrx_word' id='word_1_290' title='bbox 1274 3192 1386 3232; x_wconf 85' lang='lat' dir='ltr'>Stev.</span> <span class='ocrx_word' id='word_1_291' title='bbox 1407 3192 1513 3245; x_wconf 88' lang='lat' dir='ltr'>Eng.</span> <span class='ocrx_word' id='word_1_292' title='bbox 1534 3192 1609 3233; x_wconf 89' lang='lat' dir='ltr'>Oh.</span> <span class='ocrx_word' id='word_1_293' title='bbox 1629 3191 1879 3231; x_wconf 76' lang='lat' dir='ltr'>Histoi-iaus.</span> 
     </span>
     <span class='ocr_line' id='line_1_37' title="bbox 369 3244 974 3298; baseline 0.003 -13"><span class='ocrx_word' id='word_1_294' title='bbox 369 3245 481 3286; x_wconf 80' lang='lat' dir='ltr'>Stev.</span> <span class='ocrx_word' id='word_1_295' title='bbox 504 3246 610 3298; x_wconf 87' lang='lat' dir='ltr'>Eng.</span> <span class='ocrx_word' id='word_1_296' title='bbox 630 3245 704 3287; x_wconf 83' lang='lat' dir='ltr'>Oh.</span> <span class='ocrx_word' id='word_1_297' title='bbox 725 3244 974 3287; x_wconf 80' lang='lat' dir='ltr'>Historiam.</span> 
     </span>
    </p>
   </div>
  </div>
 </body>
</html>
