2216 3554
167 199 291 249 GAP.
313 196 369 268 1.]
801 198 968 249 Gentis
1003 197 1293 261 Anylorum.
1831 205 1927 250 213

168 337 351 390 octavo,
384 331 476 379 sub
510 330 588 378 die
623 329 829 394 septima
863 329 1182 377 kalendarum
1214 327 1479 392 Aprilium,
1514 327 1789 378 Dominica.
1861 331 1929 378 Et

147 413 238 464 ,ita
266 431 362 461 una
386 431 494 462 cum
522 412 787 471 Hadriano,
813 418 949 460 sexto
973 411 1205 459 kalendas
1228 411 1267 460 J
1268 411 1408 459 unias
1434 410 1727 459 Brittaniam
1754 412 1929 460 missus

168 502 255 545 est.
327 496 425 557 Qui
461 512 571 543 cum
604 494 788 559 pariter
822 511 910 558 per
945 511 1076 542 mare
1115 494 1178 541 ad
1220 493 1506 552 Massiliam,
1544 499 1593 542 et
1629 494 1804 543 deinde
1842 512 1929 559 per

165 584 348 626 terram
400 576 610 626 Arhelas
654 577 999 640 pervenissent,
1039 582 1088 625 et
1133 576 1452 624 tradidissent
1492 576 1532 625 J
1534 593 1582 623 o-
1640 611 1718 645 and
1734 611 1819 645 sent
1834 611 1877 645 to

166 660 316 708 hanni
362 661 716 723 archiepiscopo
771 659 984 708 civita-tis
1032 659 1166 706 illius
1224 659 1405 722 scripta
1453 676 1582 706 com·
1661 660 1850 702 England.

166 743 453 791 mendatitia
492 741 726 790 Vitaliani
772 741 1031 806 pontificis,
1075 741 1255 790 retenti
1293 747 1408 789 sunt
1450 742 1511 790 ab
1558 757 1629 800 eo,
1675 756 1927 803 quousque

164 824 411 874 Ebrinus¹
446 826 599 889 major
635 826 806 874 domus
837 825 982 889 regiae
1015 824 1204 888 copiam
1235 824 1469 888 pergendi
1511 840 1705 888 quoquo
1747 823 1930 870 vellent

163 907 340 956 tribuit
364 908 446 956 eis.
519 908 626 969 Qua
653 911 846 971 accepta
875 907 1152 955 Theodorus
1187 907 1432 970 profectus
1466 914 1540 955 est
1573 907 1635 954 ad
1670 904 1925 968 Agilberc-

164 996 272 1037 tum
296 991 599 1039 Pariseorum
625 990 918 1054 episcopum,
945 990 1005 1038 de
1039 1007 1135 1053 quo
1166 990 1424 1054 superius2
1449 991 1677 1047 diximus,
1705 995 1754 1037 et
1786 989 1848 1037 ab
1873 1004 1929 1036 eo

162 1073 370 1136 benigne
405 1079 666 1137 susceptus,
706 1078 755 1121 et
790 1073 946 1121 multo
982 1078 1204 1136 tempore
1245 1072 1441 1121 habitus
1478 1077 1563 1121 est.
1638 1072 1928 1120 Hadrianus

162 1155 378 1218 perrexit
410 1156 623 1219 primum
657 1155 719 1205 ad
752 1155 927 1203 Emme
946 1156 963 1182 ³
998 1155 1261 1215 Senonum,
1288 1160 1337 1204 et
1370 1159 1541 1219 postea
1564 1156 1627 1203 ad
1651 1155 1928 1203 Faronem⁴

163 1237 439 1285 Meldorum
480 1237 739 1302 episcopos,
787 1242 837 1286 et
883 1239 1005 1287 bene
1053 1239 1143 1286 sub
1188 1238 1256 1286 eis
1298 1238 1485 1287 diutius
1527 1238 1651 1287 fuit:
1703 1241 1928 1301 coegerat

162 1320 292 1367 enim
344 1337 424 1369 eos
470 1321 729 1369 imminens
779 1320 935 1369 hiems
986 1326 1043 1370 ut
1097 1321 1394 1385 ubicumque
1449 1321 1724 1385 potuissent
1772 1320 1927 1384 quieti

162 1408 427 1452 manerent.
508 1403 650 1464 Quod
686 1420 796 1451 cum
831 1403 998 1451 nuncii
1030 1403 1150 1452 certi
1186 1407 1464 1452 narrassent
1495 1402 1599 1467 regi
1633 1403 1923 1467 Ecgbercto,

161 1502 262 1533 esse
298 1486 482 1534 scilicet
515 1485 798 1548 episcopum
834 1502 978 1549 quem
1014 1486 1256 1549 petierant
1291 1503 1320 1534 a
1355 1486 1578 1534 Romano
1615 1485 1837 1534 antistite
1874 1484 1926 1532 in

161 1585 313 1632 regno
356 1569 666 1626 Francorum,
705 1569 839 1616 misit
877 1568 965 1617 illo
1001 1570 1233 1618 continuo
1275 1570 1599 1618 Raedfridum
1641 1569 1926 1633 praefectum

161 1668 318 1710 suum,
366 1652 427 1699 ad
473 1651 810 1699 adducendum
865 1668 1006 1700 eum:
1063 1668 1158 1715 quo
1217 1669 1328 1700 cum
1375 1652 1601 1712 venisset,
1651 1651 1927 1715 adsumpsit

160 1733 469 1781 Theodorum
505 1751 614 1782 cum
651 1734 831 1782 Ebrini
866 1734 1077 1793 licentia,
1117 1739 1168 1782 et
1204 1734 1436 1797 perduxit
1472 1751 1584 1782 eum
1619 1734 1682 1782 ad
1724 1734 1924 1797 portum

159 1815 238 1864 oui
261 1833 438 1864 nomen
463 1822 535 1864 est
560 1816 830 1877 Quentauic
844 1816 876 1875 ⁵,
897 1817 982 1864 ubi
1006 1816 1239 1880 fatigatus
1262 1816 1549 1864 infirmitate
1571 1816 1924 1880 aliquantisper

159 1906 372 1946 moratus
408 1904 513 1958 est3
562 1902 612 1946 et
649 1915 759 1946 cum
802 1898 1128 1947 convalescere
1168 1898 1404 1962 coepisset,
1442 1899 1696 1962 navigavit
1734 1899 1923 1947 Britta-

156 1982 304 2031 niam.
374 1981 683 2030 Hadrianum
718 1985 884 2031 autem
919 1981 1136 2030 Ebrinus
1177 1982 1397 2042 retinuit,
1436 1982 1671 2046 quoniam
1708 1983 1921 2044 suspica-

156 2065 303 2112 batur
324 2081 437 2113 eum
460 2065 636 2114 habere
659 2066 872 2129 aliquam
897 2065 1184 2129 legationem
1205 2064 1519 2128 imperatoris
1535 2066 1552 2092 6
1576 2066 1638 2113 ad
1664 2065 1922 2114 Brittaniae

157 2163 294 2210 reges
317 2147 545 2196 adversus
569 2165 790 2212 regnum,
812 2151 949 2212 cujus
967 2154 1085 2196 tunc
1109 2147 1213 2212 ipse
1234 2148 1499 2196 maximam
1517 2165 1680 2196 curam
1707 2150 1920 2212 gerebat.

158 2230 256 2279 Sed
292 2246 401 2278 cum
435 2231 559 2278 nihil
593 2232 691 2280 tale
739 2232 881 2280 illum
921 2231 1100 2279 habere
1136 2231 1216 2278 vel
1263 2230 1487 2279 habuisse
1523 2230 1759 2279 veraciter
1793 2249 1921 2280 com—

156 2312 375 2376 perisset,
409 2313 618 2370 absolvit
653 2331 776 2374 eum,
816 2320 866 2363 et
900 2318 1012 2378 post
1048 2314 1359 2362 Theodorum
1393 2313 1464 2361 ire
1499 2314 1734 2377 permisit.
1823 2314 1921 2376 Qui

158 2394 328 2444 statim
373 2400 431 2443 ut
477 2396 538 2443 ad
584 2395 729 2444 illum
777 2396 914 2446 venit
929 2398 960 2459 ⁷,
1005 2396 1142 2445 dedit
1188 2396 1537 2445 monasterium
1552 2396 1569 2423 ⁸
1608 2397 1738 2445 beati
1785 2397 1919 2446 Petri

211 2506 227 2529 ¹
255 2506 458 2560 Ebrimaes]
484 2507 653 2553 Ebroin‚
673 2507 767 2548 who
786 2508 1011 2548 succeeded
1068 2507 1198 2547 From
1230 2521 1256 2547 a
1288 2512 1528 2560 monastery
1555 2508 1673 2548 there
1700 2508 1919 2548 dedicated

156 2561 438 2607 Erchinwald‚
458 2575 497 2614 p.
526 2572 615 2614 179,
639 2576 685 2602 as
712 2576 858 2616 mayor
877 2564 924 2602 of
939 2563 1010 2602 the
1066 2565 1111 2602 to
1139 2563 1179 2603 S.
1200 2562 1231 2602 J
1234 2562 1396 2608 odocus,
1417 2563 1452 2602 it
1475 2563 1593 2603 takes
1621 2564 1694 2603 the
1723 2577 1846 2603 name
1874 2564 1919 2603 of

156 2617 299 2669 palace
327 2617 372 2655 in
400 2616 444 2655 N
447 2617 601 2656 eustria
628 2617 673 2657 in
701 2628 790 2658 ΑΛ).
814 2616 907 2669 656,
927 2618 1011 2658 and
1067 2618 1108 2658 S.
1126 2618 1159 2658 J
1161 2630 1464 2668 osse-sur-mer3
1495 2619 1570 2658 but
1588 2619 1683 2658 that
1702 2619 1759 2670 by
1777 2618 1916 2658 which

157 2685 243 2712 was
262 2671 483 2711 murdered
502 2682 589 2712 ΑΛ).
612 2671 706 2713 680.
1063 2671 1100 2712 it
1128 2673 1164 2712 is
1191 2686 1307 2713 more
1332 2674 1566 2726 commonly
1586 2674 1738 2714 known
1758 2674 1793 2714 is
1813 2675 1913 2714 Eta-

212 2725 229 2748 2
255 2726 461 2779 superius]
496 2726 573 2766 See
592 2739 660 2780 pp.
684 2737 774 2778 153,
798 2739 888 2780 194,
915 2738 1006 2774 200,
1064 2727 1163 2780 ples.
1223 2728 1265 2770 S.

1118 2783 1135 2807 6
1172 2784 1180 2794 .
1399 2784 1408 2795 .

159 2793 414 2886 2035·Emme]
452 2835 556 2875 Also
583 2836 718 2876 called
747 2837 896 2877 Emmo
922 2836 1005 2878 and
1062 2784 1810 2892 murdzizeiilmtlltiiigzgi'ea?{Itsgzrrgculsld
1830 2797 1915 2878 {⁸753

157 2891 339 2943 Haymo.
379 2891 651 2930 Consecrated
670 2892 816 2944 bishop
830 2892 878 2932 of
891 2892 1005 2940 Sens,
1062 2893 1334 2933 Constantine
1368 2894 1451 2943 IV,
1484 2894 1620 2934 called
1657 2894 1911 2945 Pogonatus‚

155 2957 242 2987 Λα).
262 2944 356 2995 658,
376 2945 484 2994 died,
505 2956 593 2984 A.D.
615 2945 709 2997 675.
766 2947 823 2986 H.
1061 2947 1126 2987 his
1145 2961 1232 2998 son,
1254 2949 1478 2989 succeeded
1498 2950 1541 2989 in
1559 2949 1812 3001 September.

210 2999 226 3023 ⁴
253 3000 471 3053 Faronem]
491 3000 598 3040 Faro
617 3014 664 3040 or
680 3001 1006 3054 Burgundofaro,
1115 3001 1132 3025 ⁷
1159 3005 1283 3055 venit]
1313 3004 1384 3044 He
1412 3018 1527 3044 came
1554 3008 1599 3044 to
1624 3002 1818 3055 England
1838 3003 1911 3041 the

155 3055 247 3096 said
273 3059 317 3095 to
350 3056 458 3095 have
485 3055 590 3095 been
619 3056 788 3096 brother
814 3057 862 3096 of
883 3057 1003 3104 Fara,
1059 3071 1160 3110 year
1196 3059 1304 3099 after
1341 3059 1405 3099 his
1443 3060 1568 3111 being
1614 3063 1706 3098 sent
1743 3058 1800 3110 by
1837 3058 1910 3096 the

154 3125 194 3164 p.
223 3120 325 3161 155;
354 3110 499 3162 bishop
527 3110 574 3149 of
589 3110 761 3160 Meaux,
784 3122 875 3151 ΛΑ).
895 3111 1006 3152 626-
1061 3113 1187 3165 Pope,
1206 3113 1271 3154 i.e.
1295 3125 1383 3156 A.D.
1405 3114 1499 3166 669.
1556 3114 1618 3154 Cf.
1639 3126 1678 3153 v.
1704 3124 1765 3151 20.

155 3165 251 3216 672.
319 3165 396 3205 See
443 3165 507 3205 his
554 3165 645 3205 Life
690 3165 748 3219 by
785 3166 1005 3219 Hildegar,
1113 3168 1130 3192 ⁸
1159 3169 1274 3210 dedit
1324 3169 1632 3218 monasterium]
1708 3166 1910 3205 Benedict

156 3220 322 3260 Mabiss.
343 3222 441 3260 Act.
465 3220 533 3260 SS.
558 3220 742 3260 Benedd.
766 3221 808 3260 ii.
829 3221 921 3271 606.
1060 3222 1223 3275 Biscop,
1270 3238 1349 3263 one
1406 3224 1454 3263 of
1504 3220 1755 3262 Theodorus'
1803 3234 1908 3260 com-

211 3275 228 3299 ³
259 3274 500 3326 Quentauic]
520 3276 782 3323 Owentowie‚
805 3272 926 3317 s.V.'
950 3276 1004 3317 In
1059 3279 1246 3330 panions,
1283 3293 1369 3319 was
1416 3278 1537 3317 made
1584 3277 1711 3316 abbot
1758 3275 1804 3315 of
1846 3276 1907 3316 St.

156 3329 378 3378 Ponthieu,
407 3343 462 3370 on
494 3331 564 3371 the
593 3330 758 3371 Canche
788 3331 1004 3386 (Quenta).
1060 3333 1242 3386 Peter's;
1277 3334 1353 3374 but
1381 3333 1487 3374 after
1514 3337 1597 3373 two
1624 3344 1756 3386 years,
1788 3330 1909 3376 when
