2216 3554
337 179 435 224 210
644 171 871 220 Historia
910 170 1247 220 Ecclesiastica
1284 163 1451 219 Gentis
1485 167 1768 233 Anqlorum.
1854 165 1989 235 [Lm.
2011 181 2089 214 111.

456 347 464 355 .
682 301 928 350 Vulfherae
943 301 1159 364 subjecti.
1204 300 1326 362 Quae
1341 298 1565 349 videlicet
1579 298 1829 363 provincia
1843 315 1953 346 cum
1971 314 2094 361 prae-

391 348 626 454 Εξέἓξεηῖἒ·
679 384 791 435 fatae
815 383 1129 434 mortalitatis
1152 384 1285 432 clade
1308 384 1625 446 premeretur,
1653 380 1847 443 Sigheri
1872 397 1982 428 cum
2008 395 2095 428 sua

425 449 592 483 statues.
679 474 816 532 parte
834 468 1017 532 populi,
1036 467 1220 516 relictis
1240 466 1531 516 Christianae
1557 464 1667 512 fidei
1687 465 2013 522 sacramentis,
2033 463 2095 510 ad
2128 471 2131 473 ’

337 549 630 612 apostasiam
655 567 912 599 conversus
935 555 1023 599 est.
1093 550 1225 598 Nam
1250 555 1298 598 et
1322 549 1423 613 ipse
1447 565 1548 607 rex,
1574 551 1625 595 et
1647 546 1847 610 plurimi
1870 546 1931 594 de
1954 546 2096 609 plebe

339 629 443 678 sive
462 630 792 694 optimatibus,
808 633 1066 697 diligentes
1080 632 1204 681 hanc
1218 632 1385 690 vitam,
1396 636 1445 680 et
1459 632 1678 679 futuram
1694 646 1793 677 non
1809 631 2095 692 quaerentes,

338 713 441 761 sive
461 714 610 763 etiam
628 732 727 764 non
745 733 847 764 esse
866 716 1130 774 credentes,
1149 720 1400 779 coeperunt
1423 715 1538 762 fana
1561 729 1670 777 quae
1695 712 1925 760 derelicta
1941 717 2094 764 erant,

339 802 626 856 restaurare,
652 802 702 846 et
725 799 926 847 adorare
956 798 1244 848 simulacra:
1283 797 1422 862 quasi
1453 814 1540 861 per
1563 796 1666 844 haec
1697 801 1894 859 possent
1917 811 1946 843 a
1969 811 2096 842 mor-

338 878 530 927 talitate
565 880 774 930 defendi.
846 881 996 930 Porro
1035 881 1193 929 socius
1231 881 1350 945 ejus,
1386 885 1437 929 et
1478 879 1675 928 coheres
1710 877 1847 940 regni
1882 877 2098 940 ejusdem

437 987 581 1031 Bishop
684 963 845 1022 Sebbi,
878 980 1060 1028 >magna
1093 963 1242 1012 fidem
1276 967 1553 1027 perceptam
1591 978 1702 1010 cum
1737 960 1837 1008 suis
1873 958 2099 1007 omnibus

409 1037 597 1074 Jamman
682 1046 936 1094 devotione
972 1045 1195 1105 servavit,
1226 1061 1414 1108 magna,
1447 1051 1505 1093 ut
1539 1045 1592 1092 in
1620 1043 1936 1108 sequentibus
1970 1041 2096 1090 dice-

369 1089 652 1179 εεῗιξῗῗέἷικ
683 1144 805 1187 mus,
833 1128 987 1175 vitam
1012 1126 1204 1175 fidelem
1235 1127 1467 1176 felicitate
1499 1126 1774 1190 complevit.
1846 1124 1988 1187 Quod
2013 1123 2098 1172 ubi

401 1186 617 1271 rvgffissgffg
684 1226 770 1257 rex
811 1209 1037 1257 Vulfheri
1078 1209 1330 1272 comperit,
1377 1209 1522 1258 fidem
1567 1209 1794 1258 videlicet
1834 1208 2098 1273 provinciae

465 1285 558 1320 him.
687 1307 747 1339 ex
771 1295 908 1354 parte
931 1292 1248 1354 profanatam,
1269 1290 1403 1340 misit
1425 1291 1487 1339 ad
1510 1292 1849 1355 corrigendum
1873 1307 2098 1349 errorem,

340 1373 752 1438 revocandamque
776 1375 837 1422 ad
869 1373 1016 1422 fidem
1039 1373 1265 1422 veritatis
1288 1373 1591 1437 provinciam
1613 1374 1645 1422 J
1649 1391 1855 1423 aruman
1870 1374 1886 1400 ¹
1918 1372 2100 1436 episco-

340 1471 473 1517 pum,
510 1457 597 1520 qui
637 1474 878 1507 successor
909 1464 1012 1508 erat
1047 1457 1338 1507 Trumheri:
1377 1457 1464 1521 qui
1498 1458 1655 1506 multa
1684 1474 1832 1521 agens
1866 1457 2098 1514 sollertia,

335 1540 478 1601 juxta
502 1541 634 1603 quod
664 1541 785 1590 mihi
817 1543 1068 1605 presbyter
1103 1541 1187 1605 qui
1219 1557 1376 1589 comes
1408 1539 1600 1589 itineris
1631 1540 1704 1589 illi
1737 1546 1787 1588 et
1819 1546 2101 1603 cooperator

340 1621 478 1669 verbi
501 1622 746 1682 extiterat,
772 1624 1026 1682 referebat,
1045 1627 1152 1672 erat
1172 1623 1301 1671 enim
1320 1622 1577 1687 religiosus
1596 1628 1646 1672 et
1669 1623 1824 1671 bonus
1847 1621 1938 1682 vir,
1958 1622 2100 1686 longe

340 1704 533 1768 lateque
568 1706 730 1755 omnia
766 1711 1074 1770 pervagatus,
1108 1710 1161 1754 et
1194 1705 1427 1770 populum
1459 1710 1509 1754 et
1543 1723 1707 1770 regem
1741 1705 2002 1769 praefatum
2036 1704 2099 1753 ad

341 1787 473 1835 viam
516 1788 721 1851 justitiae
768 1789 992 1838 reduxit:
1041 1788 1160 1837 adeo
1208 1793 1264 1837 ut
1311 1788 1494 1836 relictis
1530 1788 1632 1836 sive
1674 1787 1933 1837 destructis
1974 1786 2100 1834 fanis

341 1870 532 1933 arisque
565 1888 684 1934 quas
717 1872 943 1929 fecerant,
969 1871 1214 1935 aperirent
1246 1870 1483 1931 ecclesias,
1509 1887 1564 1919 ac
1595 1887 1770 1919 nomen
1795 1869 1996 1928 Christi,
2021 1869 2100 1917 cui

341 1953 751 2012 contradixerant,
768 1954 989 2002 confiteri
1008 1955 1289 2019 gauderent,
1306 1954 1464 2017 magis
1484 1971 1595 2002 cum
1618 1954 1713 2002 fide
1735 1953 2100 2002 resurrectionis

342 2034 394 2082 in
432 2035 517 2083 illo
549 2038 688 2095 mori,
720 2054 865 2100 quam
900 2037 953 2084 in
987 2037 1205 2100 perfidiae
1241 2037 1464 2086 sordibus
1500 2037 1631 2086 inter
1661 2037 1793 2085 idola
1821 2036 1985 2086 vivere
2020 2054 2099 2085 cu-

342 2118 543 2182 pientes.
617 2119 808 2180 Quibus
825 2119 899 2167 ita
922 2119 1085 2183 gestis,
1107 2124 1156 2168 et
1175 2119 1273 2183 ipsi
1295 2120 1580 2180 sacerdotes,
1600 2120 1916 2183 doctoresque
1933 2135 2101 2168 eorum

341 2201 541 2250 domum
566 2202 754 2251 rediere
778 2203 1014 2252 laetantes,

946 2346 961 2371 ¹
987 2346 1220 2400 Jarwman]
1245 2347 1322 2387 See
1342 2361 1381 2400 p.
1411 2357 1502 2400 191.
