2216 3554
150 209 270 258 CAP.
285 205 389 278 111]
779 206 944 257 Gentis
977 207 1267 268 A‘nqlorum.
1800 211 1856 256 21
1868 211 1898 257 9

149 341 323 391 fratres
352 341 448 390 huc
481 341 646 390 venire
681 339 856 401 facit03
893 342 950 388 tu
982 356 1173 403 quoque
1209 338 1356 387 simul
1390 337 1582 387 adesto?
1652 338 1752 400 Qui
1787 356 1899 388 cum

149 425 406 483 venissent,
430 423 587 487 primo
617 422 867 472 admonuit
897 439 977 470 eos
1008 426 1067 470 ut
1098 420 1335 470 virtutem
1359 420 1634 468 dilectionis
1667 427 1716 469 et
1750 421 1900 484 pacis,

148 506 211 553 ad
247 506 457 554 invicem
498 510 548 553 et
584 504 646 553 ad
682 521 848 552 omnes
895 503 1060 551 fideles
1107 508 1387 551 servarent:
1437 501 1672 550 instituta
1708 520 1902 567 quoque

150 589 415 652 disciplinae
439 587 688 651 regularis,
714 603 822 650 quae
845 586 923 635 vel
946 586 1008 634 ab
1031 586 1137 649 ipso
1163 585 1449 632 didicissent
1473 590 1522 632 et
1546 584 1598 632 in
1623 584 1727 648 ipso
1752 586 1900 634 vidis-

149 677 272 730 sent,
296 671 375 719 vel
402 671 454 718 in
485 673 681 733 patrum
710 668 1089 733 praecedentium
1122 667 1263 716 factis
1292 667 1396 716 sive
1420 666 1565 715 dictis
1590 667 1900 729 invenissent,

148 754 385 802 indefessa
429 751 664 801 instantia
704 757 1034 816 sequerentur.
1121 751 1310 799 Deinde
1358 750 1613 814 subjunxit
1654 750 1782 799 diem
1825 751 1902 799 sui

149 837 312 884 obitus
349 838 451 899 jam
484 835 704 899 proxime
745 835 940 883 instare.
1033 834 1287 898 ‘Namque
1333 831 1535 896 hospes,'
1576 832 1752 896 inquit,
1791 833 1903 882 ‘ille

150 918 385 978 amabilis,
428 918 514 982 qui
553 918 728 966 fratres
772 923 965 966 nostros
1005 916 1205 965 visitare
1253 915 1452 973 solebat,
1490 914 1551 963 ad
1591 932 1668 962 me
1709 932 1903 979 quoque

148 1001 294 1048 hodie
329 1001 506 1059 venire,
531 1017 702 1064 meque
737 1000 797 1048 (16
834 999 1009 1048 66661116
1041 1015 1239 1047 evocare
1269 998 1498 1062 dignatus
1534 1001 1622 1046 661.
1692 998 1904 1062 Propter

150 1084 280 1147 quod
327 1089 622 1132 revertentes
669 1084 731 1132 ad
777 1082 1041 1142 ecclesiam,
1081 1081 1228 1130 dicite
1274 1080 1506 1129 fratribus
1547 1084 1605 1129 ut
1646 1085 1696 1129 et
1741 1099 1903 1130 meum

150 1167 339 1214 exitum
364 1166 577 1214 Domino
605 1167 828 1231 precibus
860 1166 1210 1225 commendent,
1234 1170 1284 1214 et
1315 1181 1459 1213 suum
1483 1181 1675 1228 quoque
1700 1164 1902 1224 exitum,

150 1252 286 1312 cujus
310 1249 428 1298 hora
458 1249 642 1298 incerta
677 1254 761 1309 est,
787 1249 983 1312 vigiliis,
1009 1248 1323 1308 orationibuS‚
1349 1248 1488 1296 bonis
1520 1248 1748 1311 operibus
1778 1265 1905 1310 prae-

148 1331 315 1379 venire
350 1330 686 1379 meminerint?
772 1331 994 1395 Cumque
1029 1331 1131 1379 haec
1166 1337 1214 1379 et
1248 1330 1527 1393 hujusmodi
1561 1331 1704 1394 plura
1738 1330 1903 1394 loque-

149 1417 302 1472 retur,
325 1418 470 1477 atque
503 1414 576 1462 illi
608 1421 835 1478 percepta
867 1415 970 1478 ejus
1004 1414 1351 1473 benedictione,
1373 1416 1475 1477 jam
1503 1414 1715 1462 multum
1739 1413 1904 1463 tristes

149 1496 377 1555 exissent,
401 1497 551 1545 rediit
580 1497 682 1560 ipse
710 1497 841 1546 solus
875 1498 961 1561 qui
994 1513 1187 1545 carmen
1221 1497 1410 1545 caeleste
1442 1497 1677 1556 audierat,
1711 1502 1760 1545 et
1790 1514 1903 1560 pro-

149 1585 367 1628 sternens
402 1596 452 1627 se
486 1579 538 1627 in
574 1583 783 1629 terram:
824 1585 835 1606 ‘
853 1580 1090 1635 Obsecro‚’
1123 1580 1299 1643 inquit,
1328 1585 1339 1606 ‘
1357 1585 1497 1643 pater
1513 1597 1526 1639 3
1568 1580 1682 1628 licet
1718 1579 1904 1642 aliquid

148 1661 511 1725 interrogare?
560 1663 867 1726 ‘Interroga,’
886 1663 1242 1728 inquit,‘quod
1257 1663 1358 1712 vis.’
1406 1663 1477 1710 At-
1494 1663 1606 1712 ille:
1633 1662 1904 1721 ‘Obsecro,'

147 1745 324 1808 inquit,
363 1750 374 1770 ‘
391 1749 448 1792 ut
494 1744 626 1793 dicas
673 1747 803 1809 quod
850 1749 954 1794 erat
1000 1746 1242 1794 canticum
1282 1745 1406 1793 illud
1452 1746 1727 1794 laetantium
1774 1745 1906 1809 quod

147 1827 326 1887 audivi,
353 1827 650 1875 venientium
675 1829 734 1876 de
758 1828 888 1877 666116
913 1846 1056 1892 super
1080 1829 1349 1877 oratorium
1373 1828 1477 1887 1166,
1504 1833 1555 1876 61
1577 1834 1688 1892 post
1711 1834 1905 1891 tempus

147 1910 456 1958 redeuntium
496 1911 559 1959 ad
601 1911 801 1960 caelos'l’
861 1911 1141 1976 Respondet
1187 1911 1300 1959 ille:
1353 1911 1435 1959 ‘Si
1470 1928 1637 1959 vocem
1676 1911 1906 1960 carminis

148 1992 343 2053 audisti,
369 1998 419 2042 et
450 1994 660 2043 caelestes
697 1996 1008 2059 supervenire
1045 1999 1197 2043 6661116
1229 1994 1515 2058 cognovisti,
1549 1994 1776 2058 praecipio
1813 1994 1906 2042 tibi

147 2074 200 2122 in
235 2074 429 2124 nomine
466 2077 678 2138 Domini,
713 2095 774 2126 116
809 2078 900 2127 1166
935 2077 1163 2142 cuiquam
1198 2080 1310 2125 ante
1343 2093 1506 2124 meum
1538 2076 1726 2124 obitum
1758 2077 1904 2126 dicas.

150 2156 341 2206 Revera
364 2164 528 2207 autem
553 2161 830 2224 angelorum
854 2161 989 2209 fuere
1014 2160 1227 2224 spiritus,
1256 2159 1344 2223 qui
1371 2176 1449 2207 me
1477 2160 1540 2208 ad
1564 2159 1771 2208 caelestia
1797 2176 1906 2223 quae

148 2257 338 2304 semper
372 2242 591 2291 amabam
634 2261 689 2292 ac
727 2243 1061 2292 desiderabam
1102 2243 1304 2307 praemia
1344 2259 1517 2291 vocare
1551 2246 1805 2302 venerunt,
1855 2247 1906 2291 et

149 2330 260 2389 post
285 2324 387 2372 dies
411 2329 594 2388 septem
618 2343 668 2374 se
693 2326 952 2386 redituros,
978 2343 1032 2374 66
1061 2342 1139 2373 1116
1165 2342 1325 2374 secum
1349 2326 1641 2373 adducturos
1667 2342 1769 2374 esse
1792 2342 1906 2388 pro-

150 2406 417 2455 miserunt.’
493 2407 635 2469 Quod
678 2409 874 2472 quidem
921 2409 992 2457 ita
1030 2412 1089 2456 ut
1126 2408 1310 2456 dictum
1348 2408 1393 2456 ei
1435 2412 1553 2468 erat,
1592 2425 1736 2471 opere
1778 2425 1906 2456 com-

149 2490 335 2553 pletum
371 2495 456 2538 est.
546 2491 676 2539 Nam
718 2491 972 2540 confestim
1014 2492 1243 2555 languore
1285 2491 1499 2554 corporis
1533 2496 1695 2539 tactus
1732 2498 1818 2550 est,
1857 2496 1908 2540 et

150 2571 242 2619 hoc
280 2589 367 2635 per
403 2571 506 2620 dies
541 2572 918 2637 ingravescente,
957 2574 1179 2637 septimo,
1217 2578 1274 2623 ut
1309 2574 1600 2638 promissum
1638 2574 1683 2622 ei
1730 2574 1904 2633 fuerat,

152 2653 231 2702 die
255 2660 513 2717 postquam
533 2656 726 2704 obitum
750 2674 891 2705 suum
916 2655 1166 2704 Dominici
1190 2656 1405 2720 corporis
1429 2663 1478 2706 et
1510 2656 1760 2720 sanguinis
1794 2674 1905 2719 per-

152 2737 372 2800 ceptione
414 2737 639 2798 munivit,
676 2739 835 2787 soluta
876 2739 936 2787 ab
982 2739 1228 2803 ergastulo
1272 2740 1486 2803 corporis
1528 2741 1690 2788 anima
1725 2745 1903 2798 sancta,

151 2819 456 2879 ducentibus,
490 2824 548 2868 ut
585 2821 717 2869 credi
759 2821 829 2869 fas
868 2825 954 2882 est,
992 2822 1176 2887 angelis
1213 2823 1470 2872 comitibus
1507 2827 1688 2872 aeterna
1726 2821 1906 2885 gaudia

151 2902 340 2965 petivit.
431 2902 543 2950 Non
580 2909 740 2951 autem
777 2904 956 2952 mirum
993 2905 1034 2953 si
1069 2905 1197 2953 diem
1238 2906 1424 2965 mortis,
1460 2906 1540 2954 vel
1574 2905 1738 2969 potius
1774 2903 1905 2950 diem

153 2984 355 3033 Domini
391 2985 534 3032 laetus
573 2986 779 3049 aspexit,
816 3004 962 3050 quem
999 3005 1189 3052 semper
1227 2989 1497 3053 usquedum
1532 2988 1735 3045 veniret,
1773 2984 1903 3033 solli-

150 3068 276 3116 citus
312 3074 587 3132 exspectare
622 3070 825 3118 curavit.

219 3151 444 3215 Namque
482 3152 607 3199 inter
643 3152 784 3215 plura
817 3153 1138 3215 continentiae,
1171 3155 1479 3214 humilitatis,
1514 3152 1761 3210 doctrinae,
1796 3167 1903 3198 ora-

151 3234 359 3293 tionum,
389 3234 676 3283 voluntariae
708 3236 1022 3299 paupertatis,
1056 3241 1105 3286 et
1139 3242 1422 3286 caeterarum
1447 3236 1689 3284 virtutum
1714 3232 1902 3292 merita,

150 3316 202 3364 in
243 3321 436 3365 tantum
475 3322 580 3366 erat
627 3316 792 3367 timori
841 3318 1038 3367 Domini
1084 3320 1324 3381 subditus,
1365 3320 1416 3367 in
1455 3323 1651 3367 tantum
1699 3314 1903 3363 novissi-
