2216 3554
125 199 246 247 Cn.
265 195 422 266 xxm]
749 197 916 247 Gentis
949 197 987 243 A
998 195 1240 258 nylomm.
1773 203 1791 244 1
1802 202 1831 245 8
1839 202 1865 244 3

126 339 333 397 metallo,
363 337 446 386 sed
480 337 530 385 in
564 335 693 385 caelis
721 339 847 385 esset
878 333 1143 383 credenda:
1182 333 1450 398 meritoque
1484 333 1865 399 intelligendum,

126 421 240 482 quia
274 438 437 469 omnes
466 421 551 485 qui
582 420 883 468 voluntatem
913 418 1015 481 ejus
1039 434 1068 465 a
1091 433 1186 480 quo
1218 416 1369 464 creati
1405 423 1519 464 sunt
1554 417 1791 467 discerent
1819 427 1868 468 et

125 501 349 563 facerent,
367 508 547 551 aeterna
563 501 725 550 abillo
744 499 941 564 praemia
958 503 1117 547 essent
1139 498 1427 561 percepturi.
1484 498 1607 547 Haec
1632 506 1680 548 et
1704 500 1867 563 hujus-

125 584 256 632 modi
291 586 444 634 multa
471 602 582 633 cum
613 601 701 632 rex
732 582 887 631 Osuiu
917 580 1021 645 regi
1050 580 1305 644 Sigbercto
1336 579 1528 628 amicali
1601 602 1678 638 and
1690 602 1791 644 Sige-

125 670 175 713 et
209 667 346 730 quasi
378 667 588 715 fraterno
623 665 823 714 consilio
859 681 982 728 saepe
1017 663 1297 722 inculcaret,
1333 663 1529 711 tandem
1587 653 1816 745 ὒξξέἑζξξῖἳ

120 751 320 810 juvante
355 749 620 797 amicorum
655 764 887 796 consensu
925 745 1143 805 credidit,
1171 749 1220 792 et
1253 745 1382 792 facto
1417 762 1526 793 cum
1644 753 1756 787 tized.

126 832 223 879 suis
247 832 459 891 consilio,
481 849 591 879 cum
621 829 973 889 exhortatione,
998 827 1273 876 faventibus
1307 827 1506 886 cunctis,
1531 831 1583 875 et
1611 826 1868 875 adnuenti-

124 915 212 962 bus
237 914 360 974 fidei,
386 915 657 977 baptizatus
681 919 754 961 est
778 929 887 961 cum
912 911 979 960 eis
1003 927 1032 958 a
1056 910 1242 958 Finano
1268 910 1492 973 episcopo
1521 910 1573 957 in
1595 909 1714 958 villa
1738 908 1870 972 regia

124 999 260 1059 cujus
288 998 463 1060 supra¹
487 996 808 1054 meminimus,
843 1011 953 1058 quae
989 992 1357 1057 cognominatur
1379 991 1461 1041 Ad
1497 993 1709 1040 Murum.
1780 992 1870 1039 Est

123 1080 252 1126 enim
276 1079 419 1142 juxta
446 1097 652 1139 murum,
679 1096 773 1142 quo
807 1078 926 1127 olim
954 1076 1165 1125 Romani
1197 1075 1491 1124 Brittaniam
1515 1075 1723 1123 insulam
1746 1092 1869 1139 prae-

123 1162 328 1222 cinxere,
352 1162 603 1211 duodecim
627 1161 842 1209 millibus
866 1176 1094 1224 passuum
1117 1177 1146 1207 a
1168 1159 1294 1207 mari
1321 1159 1545 1207 orientali
1571 1163 1765 1207 secreta.

189 1244 351 1308 Igitur
373 1262 460 1292 rex
485 1245 708 1308 Sigberct
731 1244 899 1292 aeterni
923 1241 1063 1306 regni
1079 1242 1182 1306 jam
1207 1241 1325 1290 civis
1355 1241 1563 1301 effeetus,
1588 1240 1870 1304 temporalis

121 1327 197 1375 sui
221 1327 358 1390 regni
379 1327 541 1375 sedem
573 1326 783 1390 repetiit,
808 1325 1056 1389 postulans
1080 1325 1141 1372 ab
1168 1324 1322 1372 Osuiu
1347 1341 1458 1387 rege
1482 1330 1538 1372 ut
1566 1324 1753 1387 aliquos
1778 1323 1871 1371 sibi

121 1409 340 1458 doctores
361 1410 513 1469 daret,
543 1410 626 1473 qui
657 1414 850 1472 gentem
887 1425 1022 1455 suam
1056 1407 1118 1454 ad
1148 1405 1296 1454 fidem
1321 1406 1505 1454 Christi
1529 1411 1871 1454 converterent

120 1508 176 1539 ac
209 1492 343 1540 fonte
389 1492 590 1540 salutari
630 1492 897 1539 abluerent.
987 1489 1058 1537 At
1104 1488 1185 1536 ille
1226 1488 1427 1536 mittens
1464 1489 1526 1536 ad
1567 1487 1867 1551 provinciam

122 1574 589 1622 Mediterraneorum
612 1573 900 1637 Anglorum‚
927 1571 1157 1620 clamavit
1180 1572 1242 1619 ad
1271 1588 1320 1619 se
1344 1570 1505 1619 virum
1530 1571 1623 1618 Dei
1648 1570 1796 1629 cedd,
1822 1577 1870 1618 et

119 1656 234 1704 dato
257 1656 329 1703 illi
354 1657 482 1704 socio
507 1658 658 1705 altero
677 1656 886 1719 quodam
911 1655 1209 1717 presbytero,
1226 1654 1361 1702 misit
1385 1653 1644 1716 praedicare
1668 1654 1868 1701 verbum

118 1738 252 1801 genti
299 1738 624 1787 Orientalium
663 1739 926 1788 Saxonum.
999 1736 1100 1784 Ubi
1136 1753 1247 1784 cum
1283 1736 1448 1783 omnia
1482 1737 1870 1798 perambulantes

120 1821 326 1869 multam
366 1821 574 1869 Domino
614 1821 865 1869 ecclesiam
901 1825 1285 1882 congregassent,
1328 1818 1531 1882 contigit
1554 1859 1604 1894 Oe
1605 1859 1630 1894 d
1632 1860 1655 1894 d
1667 1860 1753 1895 sent
1761 1860 1797 1894 1¹1·
1797 1870 1859 1894 om

119 1903 327 1966 quodam
363 1909 580 1967 tempore
615 1904 820 1951 eundem
862 1901 996 1950 Cedd
1034 1901 1192 1948 redire
1229 1901 1439 1960 domum,
1477 1918 1531 1948 ac
1572 1909 1830 1966 Mercia‘mbe

118 1986 368 2049 pervenire
406 1987 468 2035 ad
508 1986 757 2035 ecclesiam
806 1985 1293 2043 Lindisfaronensem,
1331 1989 1531 2047 propter
1574 1959 1675 1994 theu·
1686 1959 1832 2001 ¹⁰th

119 2069 426 2133 conloquium
448 2069 623 2117 Finani
647 2067 887 2132 episcopi;
927 2067 1012 2131 qui
1035 2067 1121 2114 ubi
1145 2071 1488 2130 prosperatum
1513 2067 1558 2115 ei
1583 2083 1703 2130 opus
1728 2083 1870 2115 evan-

120 2152 237 2214 gelii
282 2151 530 2215 comperit,
572 2151 687 2199 fecit
734 2167 846 2198 eum
888 2150 1166 2213 episcopum
1213 2150 1266 2196 in
1307 2154 1501 2212 gentem
1545 2149 1871 2198 Orientalium

121 2235 379 2294 Saxonum,
403 2234 583 2282 vocatis
606 2234 668 2282 ad
700 2250 749 2281 se
779 2234 829 2280 in
854 2233 1181 2280 ministerium
1206 2232 1527 2280 ordinationis
1550 2232 1660 2280 aliis
1683 2232 1872 2279 duobus

121 2317 367 2380 episcopis.
456 2316 554 2377 Qui
576 2322 769 2379 accepto
792 2317 946 2380 gradu
969 2316 1275 2379 episcopatus
1300 2315 1448 2363 rediit
1471 2315 1532 2362 ad
1556 2314 1870 2378 provinciam,

120 2407 170 2447 et
187 2401 364 2462 majore
382 2399 669 2447 auctoritate
687 2405 881 2462 captum
899 2415 1020 2462 opus
1040 2398 1252 2461 explens,
1275 2398 1391 2446 fecit
1409 2415 1496 2461 per
1512 2398 1617 2446 loca
1635 2397 1872 2455 ecclesias,

120 2482 422 2545 presbyteros
454 2487 504 2530 et
532 2481 754 2545 diaconos
784 2481 1044 2541 ordinavit,
1071 2481 1157 2544 qui
1186 2498 1236 2529 se
1270 2479 1323 2527 in
1346 2482 1495 2529 verbo
1519 2480 1633 2529 fidei
1658 2486 1707 2528 et
1731 2479 1871 2527 mini-

122 2564 268 2611 sterio
314 2563 592 2627 baptizandi
631 2565 932 2627 adjuvarent,
976 2563 1186 2612 maxime
1223 2563 1275 2610 in
1317 2563 1514 2611 civitate
1556 2580 1664 2626 quae
1706 2562 1872 2626 lingua

122 2647 369 2696 Saxonum
400 2647 745 2695 Ythancaestir
762 2647 779 2674 ²
810 2646 1096 2711 appellatur.
1187 2646 1282 2694 Sed
1317 2651 1366 2694 et
1398 2645 1451 2693 in
1482 2645 1566 2694 illa
1598 2662 1706 2709 quae
1745 2645 1871 2692 Τ118-

121 2729 279 2791 burg⁸
313 2729 708 2792 cognominatur:
747 2746 953 2793 quorum
993 2728 1128 2793 prior
1163 2729 1295 2777 locus
1330 2734 1403 2777 est
1441 2728 1493 2776 in
1530 2729 1638 2792 ripa
1674 2727 1872 2776 Pentae4

122 2810 290 2869 amnis,
324 2812 558 2860 secundus
587 2811 638 2859 in
673 2812 781 2875 ripa
809 2812 1090 2860 Tamensis:
1129 2810 1180 2859 in
1211 2810 1389 2876 quibus
1421 2804 1620 2860 collecto
1650 2810 1871 2858 examine

178 2919 190 2943 ¹
220 2920 365 2973 supra]
384 2920 432 2960 P.
456 2922 547 2960 181.
1021 2922 1184 2975 Dengy,
1224 2921 1306 2962 and
1345 2922 1416 2975 lay
1451 2921 1640 2962 between
1678 2919 1750 2959 the
1787 2923 1869 2958 two

176 2974 193 2998 ²
217 2975 519 3026 Ythancaestir]
541 2975 770 3028 Anciently
786 2976 966 3023 Othona,
1021 2977 1161 3017 creeks
1198 2977 1358 3017 formed
1395 2978 1453 3029 by
1490 2977 1563 3016 the
1610 2975 1871 3014 Blackwater

122 3045 149 3070 a
186 3030 364 3069 fortified
402 3030 518 3082 place
555 3031 600 3069 in
631 3030 795 3071 Roman
832 3032 967 3076 times,
1022 3032 1105 3071 and
1123 3033 1196 3072 the
1215 3033 1388 3074 Crouch.
1446 3031 1641 3078 camden,
1666 3029 1707 3068 ii.
1734 3040 1821 3067 121.

123 3085 259 3124 where
296 3085 368 3124 the
407 3085 468 3123 ·N
476 3098 642 3124 umerus
679 3084 965 3126 Fortensium’
1075 3087 1092 3127 3⁵
1120 3087 1335 3140 Tilabary]
1356 3087 1545 3139 Tilbury.
1602 3082 1795 3128 camden,
1825 3082 1867 3122 ii-

123 3140 207 3179 had
232 3139 338 3180 been
363 3139 570 3179 stationed
590 3140 720 3179 under
739 3140 811 3179 the
831 3141 967 3181 Count
1026 3153 1114 3195 119.

123 3195 170 3235 of
183 3194 255 3235 the
273 3195 409 3236 Saxon
427 3194 559 3242 shore,
584 3194 760 3236 M.H.B.
780 3209 820 3248 p.
840 3195 964 3244 xxiv;
1076 3196 1091 3219 ⁴
1121 3196 1277 3248 Pentoe]
1310 3197 1418 3236 Now
1438 3196 1509 3235 the
1536 3191 1771 3239 Freshwell,
1792 3204 1867 3230 one

124 3250 323 3301 supposed
354 3262 445 3288 now
468 3253 512 3288 to
541 3249 593 3288 be
620 3250 794 3291 covered
821 3250 878 3302 by
896 3250 968 3293 the
1023 3251 1067 3290 of
1082 3251 1155 3291 the
1175 3251 1338 3303 springs
1356 3251 1402 3290 of
1418 3249 1551 3289 which
1572 3248 1606 3287 18
1629 3247 1716 3286 still
1734 3245 1867 3286 called

121 3317 204 3344 tea.
261 3304 305 3345 It
352 3317 436 3344 was
482 3317 583 3345 near
629 3304 833 3358 Dancing,
873 3318 965 3346 now
1025 3305 1167 3347 Pant’s
1188 3306 1312 3347 Well.
1366 3304 1560 3352 Camden,
1583 3301 1626 3341 ii.
1654 3312 1740 3341 121.
