2216 3554
351 189 448 233 324
585 253 589 256 .
926 183 1159 231 Historia
1194 180 1531 230 Ecclesia-stica
1897 178 2030 248 [Lm.
2045 196 2094 230 v.

347 315 621 364 hortatione
645 314 891 363 declarans
913 315 1186 378 legitimum
1210 314 1400 378 paschae
1424 316 1632 375 tempus,
1653 311 1889 374 plurimos
1913 330 2093 372 eorum,

349 399 399 443 et
429 411 552 457 pene
581 410 745 442 omnes
770 394 854 456 qui
880 394 941 441 ab
966 394 1230 442 Hiensium
1253 393 1464 440 dominio
1497 395 1636 439 erant
1659 391 1816 449 liberi,
1840 392 1903 438 ab
1938 409 2097 440 errore

349 477 480 525 avito
520 480 756 524 correctos
794 476 856 523 ad
891 476 1129 524 unitatem
1163 475 1360 524 reduxit
1397 474 1696 532 catholicam,
1736 491 1790 521 ac
1825 473 2097 537 legitimum

347 559 536 622 paschae
571 563 762 622 tempus
804 558 1057 606 observare
1102 557 1370 621 perdocuit.
1460 556 1560 616 Qui
1601 573 1711 604 cum
1759 556 1996 604 celebrato
2043 557 2097 604 in

446 652 538 687 tries
550 653 591 687 to
690 640 929 688 Hibernia
964 639 1193 687 canonico
1226 639 1416 702 pascha,
1441 638 1503 685 ad
1536 655 1670 686 suam
1704 637 1915 685 insulam
1938 653 2096 685 rever-

403 701 548 743 change
562 700 630 736 the
686 722 841 780 tisset,
872 738 1054 784 suoque
1090 721 1381 768 monasterio
1413 720 1697 768 catholicam
1724 720 1957 783 temporis
1989 736 2097 783 pas-

439 749 594 792 paschal

434 799 600 841 practice
689 804 837 852 chalis
877 803 1231 851 observantiam
1277 803 1625 851 instantissime
1671 803 1969 865 praedicaret,
2010 818 2098 849 nec

442 851 587 939 giuli-bs,
687 891 851 935 tamen
896 885 1123 949 perficere
1178 886 1308 949 quod
1360 886 1624 934 conabatur
1668 891 1845 948 posset,
1893 885 2098 949 contigit

345 988 456 1019 eum
479 975 591 1020 ante
619 969 868 1032 expletum
902 968 1016 1015 anni
1045 969 1280 1016 circulum
1309 969 1542 1032 migrasse
1566 969 1627 1016 de
1658 969 1844 1016 saeculo.
1915 967 2098 1014 Divina

419 1099 493 1135 and
511 1099 591 1135 dies
685 1052 856 1113 utique
891 1050 1049 1113 gratia
1084 1050 1383 1114 disponente,
1420 1055 1478 1099 ut
1518 1051 1596 1099 vir
1630 1050 1835 1098 unitatis
1871 1067 1927 1098 ac
1966 1049 2098 1112 pacis

423 1125 610 1190 [A.1).704’,
686 1132 1065 1181 studiosissimus
1107 1138 1220 1181 ante
1258 1135 1322 1181 ad
1354 1134 1508 1182 vitam
1554 1139 1808 1196 raperetur
1850 1138 2096 1188 aeternam,

375 1197 652 1236 Ann.cambr.]
691 1233 836 1279 quam
874 1217 1108 1264 redeunte
1146 1222 1364 1280 tempore
1404 1215 1630 1280 paschali,
1671 1216 1942 1278 graviorem
1987 1230 2098 1262 cum

329 1298 412 1349 ‚eis
467 1298 551 1361 qui
597 1315 710 1346 eum
755 1298 816 1346 ad
862 1298 1120 1347 veritatem
1168 1299 1304 1362 sequi
1352 1298 1582 1347 nolebant
1628 1301 1876 1361 cogeretur
1920 1297 2098 1344 habere

343 1381 646 1428 discordiam.

411 1463 618 1528 Scripsit
650 1463 780 1512 idem
813 1463 891 1512 vir
924 1463 984 1512 de
1018 1462 1134 1511 locis
1167 1463 1344 1511 sanctis
1380 1463 1560 1511 librum
1576 1463 1592 1489 ¹
1628 1461 1901 1527 legentibus
1929 1461 2098 1519 multis

413 1583 486 1617 His
501 1583 599 1618 book
683 1542 980 1602 utillimum3
1018 1545 1152 1604 cujus
1191 1546 1360 1590 auctor
1395 1546 1499 1590 erat
1534 1542 1748 1589 docendo
1782 1558 1837 1589 ac
1871 1541 2096 1589 dictando

421 1634 502 1668 ‘De
516 1633 606 1697 1091?
684 1624 956 1674 Galliarum
981 1625 1232 1688 episcopus
1257 1624 1522 1673 Arcuulfus
1537 1626 1570 1684 ²,
1589 1624 1674 1688 qui
1698 1624 1914 1672 locorum
1938 1624 2097 1687 gratia

426 1682 587 1718 Sancus.
687 1712 962 1756 sanctorum
984 1712 1182 1755 venerat
1214 1707 1616 1770 Hierosolymam,
1643 1713 1692 1755 et
1727 1707 1931 1754 lustrata
1963 1708 2097 1755 omni

341 1794 472 1837 terra
490 1790 892 1853 repromissionis,
910 1792 1201 1839 Damascum
1216 1807 1421 1853 quoque,
1441 1789 1929 1852 Constantinopolim,
1948 1789 2095 1838 Alex-

340 1871 576 1932 andriam,
625 1873 802 1921 multas
848 1874 994 1921 maris
1039 1873 1220 1920 insulas
1270 1873 1489 1932 adierat3
1550 1872 1853 1935 patriamque
1904 1872 2096 1935 navigio

341 1958 602 2013 revertens,
627 1955 676 2003 vi
700 1955 1001 2018 tempestatis
1026 1956 1078 2002 in
1102 1955 1417 2003 occidentalia
1442 1954 1697 2003 Brittaniae
1720 1955 1889 2002 littora
1908 1955 2095 2002 delatus

342 2041 443 2084 est:
493 2054 549 2084 ac
588 2041 698 2099 post
737 2038 904 2095 multa,
947 2038 1009 2085 ad
1050 2041 1371 2086 memoratum
1411 2037 1597 2086 Christi
1641 2037 1879 2085 famulum
1916 2036 2095 2083 Adam-

342 2135 523 2166 nanum
547 2119 845 2182 perveniens,
870 2120 954 2167 ubi
980 2120 1150 2168 doctus
1183 2121 1234 2167 in
1267 2120 1533 2183 Scripturis
1566 2124 1939 2183 sanctorumque
1971 2119 2096 2166 loco-

342 2217 452 2247 rum
477 2216 656 2262 gnarus
681 2218 781 2248 esse
806 2206 1079 2264 compertus
1099 2206 1187 2262 est,
1207 2202 1524 2250 libentissime
1543 2207 1617 2250 est
1639 2202 1804 2250 abillo
1829 2205 2094 2264 susceptus,

342 2282 574 2330 libentius
599 2283 824 2343 auditus;
862 2284 981 2332 adeo
1005 2288 1063 2332 ut
1087 2301 1289 2348 quaeque
1313 2285 1397 2332 ille
1423 2301 1471 2332 se
1495 2284 1548 2331 in
1571 2284 1689 2332 locis
1719 2284 1895 2333 sanctis
1919 2300 2097 2331 memo-

342 2371 454 2412 ratu
482 2365 631 2428 digna
653 2366 832 2414 vidisse
863 2367 1148 2426 testabatur,
1182 2371 1355 2415 cuncta
1387 2384 1502 2416 mox
1529 2367 1620 2415 iste
1654 2367 1833 2414 litteris
1867 2367 2095 2414 mandare

345 2449 598 2496 curaverit.
684 2449 919 2512 Fecitque
960 2467 1095 2512 opus,
1132 2453 1189 2497 ut
1223 2450 1342 2509 dixi,
1377 2451 1589 2498 multum
1630 2450 1764 2509 utile,
1801 2453 1852 2498 et
1885 2450 2095 2498 maxime

343 2530 442 2577 illis
479 2531 562 2594 qui
603 2532 793 2594 longius
829 2533 888 2579 ab
923 2532 992 2579 eis
1027 2533 1144 2580 locis
1180 2533 1231 2580 in
1268 2533 1444 2596 quibus
1481 2533 1768 2596 patriarchae
1805 2536 1855 2580 et
1889 2531 2095 2595 apostoli

346 2618 497 2672 erant,
525 2614 707 2672 secreti,
732 2631 788 2661 ea
812 2618 1005 2662 tantum
1029 2615 1088 2663 de
1119 2615 1196 2664 his
1228 2632 1336 2679 quae
1369 2615 1574 2664 lectione
1599 2614 1872 2673 didicerint,
1897 2619 2093 2662 norunt.

352 2695 578 2743 Porrexit
619 2700 781 2743 autem
821 2697 998 2744 librum
1033 2697 1162 2746 hunc
1197 2697 1461 2745 Adamnan
1504 2696 1726 2745 Aldfrido
1763 2697 1881 2760 regi,
1919 2714 1974 2744 ac
2008 2713 2095 2758 per

346 2781 447 2842 ejus
481 2784 554 2827 est
585 2778 891 2841 largit-ionem
924 2780 1072 2828 etiam
1103 2780 1372 2829 minoribus
1404 2781 1466 2828 ad
1489 2780 1749 2843 legendum
1776 2778 2091 2826 contraditus.

345 2860 565 2924 Scriptor
588 2877 779 2923 quoquc
809 2861 912 2924 ipse
944 2862 1113 2910 multis
1142 2863 1204 2911 ab
1240 2879 1296 2911 eo
1328 2862 1610 2911 muneribus
1639 2862 1858 2919 donatus,
1884 2859 2092 2923 patriam

396 3018 411 3041 ²
440 3020 490 3061 de
519 3019 616 3060 locis
652 3019 804 3060 sanctis
838 3020 1007 3074 libram]
1043 3022 1105 3061 To
1138 3022 1190 3061 be
1244 3021 1418 3067 itineris,
1438 3021 1748 3073 incompertum.
1806 3019 1989 3058 Tantum
2015 3018 2091 3057 sci-

343 3087 441 3139 seen
478 3075 524 3114 in
559 3075 723 3115 Mabill.
761 3075 860 3114 Act.
901 3075 974 3115 SS.
1007 3076 1190 3116 Benedd.
1244 3090 1337 3140 mus
1374 3076 1596 3115 Arculfum
1642 3076 1877 3138 episcopum
1922 3072 2089 3136 Gallum

340 3141 680 3236 1v·2525wuffm]
712 3183 813 3232 Quis
841 3184 965 3223 fuerit
984 3185 1186 3225 Arculfus
1241 3127 2090 3226 Ξξξῗιδιξιῖξθῄὒῖἒιῗὶῧῗθῗὲῗηὲὃέ11111ξὲἓὲὲῆ

340 3239 425 3288 ille,
447 3240 591 3291 quisve
607 3240 758 3279 Petrus
778 3239 866 3290 ejus
885 3239 1018 3279 socius
1037 3254 1085 3279 ac
1100 3241 1186 3280 dux
1242 3242 1300 3280 iv.
1323 3251 1418 3292 502.
