2216 3554
345 216 407 261 58
923 215 1149 266 Historia
1182 217 1521 267 Ecclesiastica
1899 215 2031 287 [LIB.
2051 233 2086 267 1.

342 361 392 392 se
428 345 673 396 continere
706 365 804 396 non
851 355 1066 412 possunt,
1103 350 1268 398 sortiri
1312 367 1488 399 uxores
1539 349 1729 408 debent,
1765 353 1814 398 et
1848 349 2088 415 stipendia

341 443 427 475 sua
455 429 668 478 ext-erius
696 430 926 494 accipere.
998 432 1124 493 Quia
1159 439 1207 481 et
1243 434 1301 481 de
1337 433 1524 481 hisdem
1559 432 1778 495 patribus
1814 432 2087 495 dequibus

341 511 534 573 praefati
569 528 750 572 sumus,
786 513 1010 562 novimus
1058 515 1293 578 scriptum
1311 517 1341 575 ¹,
1379 516 1509 579 quod
1534 515 1850 563 ’dividebatur
1883 514 2089 578 singulis

341 597 490 655 prout
532 594 704 658 cuique
754 612 872 658 opus
925 601 1041 645 erat.
1112 598 1186 645 De
1240 614 1406 646 eorum
1453 614 1643 661 quoque
1685 597 1923 660 stipendio
1958 596 2087 658 cogi-

341 676 546 749 tandum
569 680 714 740 atque
745 679 1098 740 providendum
1116 683 1213 739 vest,
1246 684 1295 728 et
1313 681 1412 728 ¹sub
1447 680 1762 728 ecclesiastica
1785 679 1951 742 regula
1975 682 2089 726 sunt

341 759 551 818 tenendi,
577 763 633 807 ut
658 760 795 808 bonis
819 761 1031 809 moribus
1054 762 1223 810 vivant
1260 766 1310 810 et
1345 763 1569 811 canendis
1594 762 1790 826 psalmis
1815 750 2085 825 invigilent,

343 845 392 889 et
414 842 476 890 ab
501 842 721 891 omnibus
746 843 946 891 inlicitis
979 847 1028 892 et
1056 858 1138 891 cor
1173 849 1222 892 et
1254 845 1472 908 linguam
1497 850 1545 893 et
1560 862 1741 908 'corpus
1766 846 1870 893 Deo
1894 850 2090 893 auctore

341 930 639 973 conservent.
711 924 969 973 Communi
1005 930 1168 973 autem
1203 926 1307 974 vita
1339 927 1618 975 viventibus
1641 929 1744 989 jam
1776 927 1835 974 de
1859 925 2090 975 faciendis

340 1006 664 1068 portionibus,
689 1008 766 1055 vel
802 1007 1072 1055 exhibenda
1105 997 1451 1072 hospitalitate,
1485 1015 1534 1057 et
1565 1010 1873 1072 adimplenda
1904 1008 2090 1057 miseri-

341 1089 518 1148 cordia,
543 1089 681 1138 nobis
714 1090 832 1153 quid
860 1091 955 1139 erit
982 1092 1308 1155 loquendum‘l
1368 1092 1491 1140 Cum
1522 1109 1663 1140 omne
1696 1093 1825 1156 quod
1854 1095 2088 1155 superest,

341 1172 394 1218 in
441 1172 597 1219 causis
644 1172 736 1235 piis
775 1189 830 1220 ac
875 1173 1111 1237 religiosis
1149 1175 1443 1238 erogandum
1478 1180 1550 1223 est
1568 1192 1580 1235 ;
1628 1176 1839 1223 Domine
1874 1175 2089 1224 omnium

341 1253 572 1316 magistro
606 1253 806 1302 docente
825 1255 868 1302 ²:
907 1255 1049 1315 Quod
1084 1260 1316 1319 superest,
1352 1257 1463 1305 date
1499 1258 1862 1320 eleemosynam,
1899 1261 1948 1304 et
1983 1273 2090 1305 ecce

341 1335 504 1382 omnia
528 1336 708 1384 munda
732 1341 847 1384 sunt
869 1338 1034 1413 vobis?

408 1416 480 1464 H.
517 1417 849 1481 Interrogatio
873 1420 1157 1483 Augustini.
1230 1426 1242 1448 ‘
1262 1421 1387 1470 Cum
1418 1439 1517 1471 una
1549 1422 1613 1471 sit
1640 1421 1777 1482 fides,
1808 1426 1921 1470 sunt
1944 1422 2089 1471 eccle—

340 1499 524 1546 siarum
562 1500 764 1549 diversae
808 1503 1190 1563 consuetudines,
1228 1509 1278 1552 et
1313 1505 1463 1552 altera
1499 1505 1792 1554 consuetudo
1833 1503 2091 1553 missarum

339 1580 390 1628 in
415 1587 581 1630 sancta
605 1583 824 1632 Romana
847 1585 1056 1646 ecclesia,
1082 1591 1227 1650 atque
1248 1587 1403 1635 altera
1428 1587 1478 1634 in
1505 1588 1775 1637 Galliarum
1798 1591 1993 1636 tenetur
2009 1588 2026 1634 2
2041 1585 2054 1603 ’

408 1664 676 1728 Respondit
712 1667 975 1730 Gregorius
1010 1685 1150 1732 papa.
1220 1670 1402 1719 ‘Novit
1436 1670 1714 1718 fraternitas
1744 1674 1830 1718 tua
1854 1669 2091 1718 Romanae

340 1738 550 1796 ecclesiae
574 1749 987 1810 consuetudinem,
1012 1751 1063 1798 in
1089 1768 1183 1814 qua
1207 1768 1256 1799 se
1281 1752 1504 1801 meminit
1527 1753 1778 1801 nutritam.
1850 1752 1945 1801 Sed
1969 1751 2090 1798 mihi

339 1829 510 1892 placet,
561 1829 661 1878 sive
699 1830 750 1877 in
787 1831 1022 1890 Romana,
1064 1833 1163 1880 sive
1210 1832 1263 1880 in
1312 1833 1595 1893 Galliarum,
1645 1852 1727 1882 seu
1774 1835 1827 1881 in
1875 1833 2091 1897 qualibet

339 1911 548 1971 ecclesia,
586 1912 774 1975 aliquid
809 1913 1040 1962 invenisti
1089 1915 1219 1978 quod
1270 1916 1382 1979 plus
1430 1916 1751 1980 omnipotenti
1800 1917 1903 1965 Deo
1940 1915 2091 1979 possit

338 1994 539 2056 placere,
566 1994 767 2042 sollicite
802 1995 964 2058 eligas,
996 2000 1045 2044 et
1079 1997 1132 2044 in
1169 1997 1439 2062 Anglorum
1477 2000 1688 2058 ecclesia,
1715 2016 1824 2062 quae
1848 1999 2004 2047 adhuc
2028 1998 2091 2046 ad

339 2075 484 2124 fidem
520 2092 646 2123 nova
682 2082 767 2135 est,
804 2077 1113 2126 institutione
1147 2080 1404 2144 praecipua,
1427 2098 1549 2145 quae
1583 2081 1643 2129 de
1678 2081 1847 2130 mult-is
1882 2080 2091 2129 ecclesiis

339 2157 563 2221 colligere
595 2159 812 2222 potuisti,
850 2160 1093 2210 infundas.
1166 2162 1282 2210 Non
1317 2163 1445 2211 enim
1482 2181 1569 2227 pro
1605 2163 1721 2212 locis
1756 2180 1847 2223 res,
1883 2164 1966 2212 sed
1999 2179 2090 2226 pro

339 2241 480 2288 bonis
521 2241 667 2289 rebus
702 2242 807 2290 loca
842 2244 1049 2291 amanda
1083 2250 1209 2292 sunt.
1277 2245 1361 2292 ‘Ex
1409 2246 1612 2309 singulis
1658 2263 1772 2311 ergo
1819 2246 2091 2310 quibusque

339 2323 560 2383 ecclesiis,
587 2341 694 2387 quae
726 2325 823 2388 pia,
854 2343 975 2389 -quae
1010 2326 1248 2390 religiosa,
1286 2344 1394 2390 quae
1430 2332 1559 2377 recta
1593 2335 1707 2377 sunt
1735 2329 1873 2392 elige,
1910 2334 1958 2377 et
1986 2328 2089 2377 haec

339 2406 476 2470 quasi
500 2406 552 2453 in
575 2406 857 2454 fasciculum
889 2408 1100 2469 collecta,
1136 2409 1266 2472 apud
1302 2409 1576 2474 Anglorum
1609 2415 1791 2460 mentes
1814 2411 1867 2458 in
1891 2427 2088 2459 consue-

338 2488 560 2538 tudinem
584 2489 798 2552 depone.'

405 2570 505 2618 ΙΙΙ.
545 2570 872 2635 Interrogatio
904 2569 1188 2635 Augustini.
1261 2578 1273 2598 ‘
1291 2573 1503 2623 Obsecro
1538 2575 1656 2640 quid
1689 2576 1793 2640 pati
1827 2575 2013 2636 debeat,
2046 2575 2089 2625 si

338 2652 447 2716 quis
471 2652 659 2716 aliquid
682 2654 741 2701 de
766 2654 962 2702 ecclesia
985 2655 1120 2703 furtu
1143 2656 1402 2705 abstulerit
1419 2659 1435 2704 2
1450 2657 1461 2678 ²

407 2735 677 2798 Respondit
706 2734 984 2798 Gregorius.
1055 2741 1068 2762 ‘
1087 2737 1198 2786 Hoc
1219 2742 1306 2787 tua
1329 2740 1603 2788 fraternitas
1618 2740 1635 2766 ³
1659 2757 1720 2789 ex
1742 2757 1945 2804 persona
1968 2740 2090 2790 furis

338 2833 537 2881 pensare
565 2821 740 2880 potest,
772 2818 982 2881 qualiter
1016 2820 1172 2868 valeat
1202 2820 1394 2885 corrigi.
1465 2822 1592 2871 Sunt
1624 2823 1752 2870 enim
1782 2822 1981 2886 quidam
2004 2822 2090 2886 qui

337 2948 472 2987 tinere
517 2961 602 2987 non
638 2953 826 3000 possunt,
864 2949 1004 2989 sortiri
1040 2964 1186 2990 uxores
1240 2951 1295 2992 xi.
1309 2964 1376 3003 41.
1424 2953 1513 2992 The
1526 2952 1664 2993 Greek
1676 2953 1752 2993 has
1763 2951 1868 3003 πλὴν
1880 2950 1932 2990 τὰ
1945 2951 2090 2992 ἐνόντα

338 3003 504 3049 debent,
543 3006 586 3042 et
634 3004 839 3055 stipendia
887 3017 962 3043 sua
1004 3006 1185 3045 exterius
1241 3005 1331 3045 δότε
1352 3007 1638 3058 ἐλεημοσύνην.

338 3059 534 3110 accipere.
591 3058 830 3098 Sacerdotes
862 3062 1002 3098 autem
1030 3072 1183 3110 nequa·
1291 3061 1307 3083 ³
1335 3062 1426 3102 Hoc
1455 3066 1528 3102 tua
1546 3061 1818 3115 fraternitas]
1850 3061 1967 3101 Grat.
1992 3075 2087 3112 pars

338 3125 464 3163 quam
485 3126 630 3152 uxores
649 3113 828 3152 ducant!
884 3113 946 3153 Cf.
963 3114 1049 3152 also
1062 3114 1180 3154 Grat.
1237 3115 1299 3156 ΙΙ.
1320 3129 1430 3156 caus.
1450 3117 1522 3156 xii.
1538 3130 1578 3168 q.
1598 3129 1634 3163 2,
1658 3122 1678 3166 ξ
1705 3128 1766 3163 11,
1786 3131 1827 3168 p.
1843 3115 1936 3155 606.
1985 3116 2085 3165 But,

338 3181 434 3219 pars
454 3167 491 3207 I.
513 3168 723 3207 distinctio
742 3167 869 3208 xxxii.
895 3172 914 3216 §
936 3181 975 3220 4,
1000 3182 1041 3220 p.
1066 3179 1155 3220 105.
1241 3171 1461 3223 according
1475 3176 1520 3210 to
1534 3172 1640 3211 later
1653 3172 1909 3218 authoritieS,
1925 3171 1978 3210 he
1993 3171 2088 3210 that

395 3221 408 3242 1

435 3222 652 3275 scriptum]
673 3223 779 3262 Acts
797 3223 852 3263 iv.
873 3233 938 3273 35.
1241 3224 1317 3264 has
1337 3225 1535 3277 deprived
1554 3226 1625 3266 the
1651 3226 1807 3265 church
1827 3226 1872 3265 of
1885 3225 1941 3265 its
1963 3226 2088 3278 goods

393 3274 409 3297 ²
438 3277 616 3330 docente]
675 3277 729 3317 So
756 3278 829 3317 the
847 3277 1046 3330 Vulgate‚
1067 3277 1188 3317 Luke
1242 3279 1278 3318 is
1298 3283 1342 3318 to
1360 3284 1517 3320 restore
1536 3281 1726 3322 fourfold.
