2216 3554
294 174 390 221 378
917 170 1147 220 Historia
1184 170 1421 221 Abbatwm

294 302 495 368 quidem
528 319 635 352 cum
664 302 836 358 fuisset
866 303 1090 354 minister
1114 304 1304 370 ngridi
1336 304 1477 370 regis,
1502 303 1686 354 relictis
1720 304 1866 355 semel
1901 321 2047 369 nego-

294 385 379 434 tiis
425 387 735 447 secularibus,
783 387 1016 452 depositis
1062 387 1223 449 armis,
1271 392 1519 450 assumpta
1564 388 1743 436 militia
1788 388 2046 452 spirituali,

293 472 485 518 tantum
510 469 692 519 mansit
713 470 923 532 humilis,
943 471 1243 535 fratrumque
1267 470 1542 519 simillimus
1565 469 1787 531 aliorum,
1812 467 1910 538 [ut]
1935 487 2049 520 ven·

293 552 435 601 tilare
469 569 580 600 cum
605 553 672 601 eis
704 557 754 602 et
777 554 1023 615 triturare,
1050 571 1164 603 oves
1186 554 1459 618 vitulasque
1491 554 1720 618 mulgere,
1743 553 1797 601 in
1827 553 2050 618 pistrino,

294 634 347 682 in
369 634 527 696 horto,
551 635 602 682 in
627 635 844 700 coquina,
868 636 922 684 in
954 637 1141 685 cunctis
1172 637 1456 686 monasterii
1481 637 1708 700 operibus
1734 637 1974 700 Jocundus
2002 642 2052 685 et

296 717 525 766 obediens
555 719 789 782 gauderet
821 718 1043 768 exerceri.
1117 718 1213 768 Sed
1236 725 1286 769 et
1316 719 1506 768 abbatis
1539 719 1773 783 regimine
1804 719 2054 783 graduque

296 806 558 864 assumpto,
586 802 754 850 eodem
786 801 950 850 animo
982 818 1078 866 quo
1110 802 1246 864 prius
1278 803 1507 851 manebat
1538 803 1600 850 ad
1634 818 1814 861 omnes,
1833 802 1978 867 juxta
2000 800 2054 849 id

298 884 430 947 quod
453 883 651 954 quidam
684 883 872 948 sapiens
908 884 1134 933 admonet
1167 883 1358 934 dicens:
1397 885 1684 934 ‘Rectorem
1712 890 1762 933 te
1790 884 2053 933 constitue-

298 971 428 1026 runt,
465 966 567 1014 noli
603 967 785 1027 extolli,
821 966 906 1015 sed
941 973 1043 1016 esto
1090 967 1142 1015 in
1176 967 1288 1027 illis,
1326 967 1465 1031 quasi
1498 985 1623 1017 unus
1658 985 1718 1017 ex
1754 967 1868 1028 illis,
1904 967 2053 1027 mitis,

297 1049 519 1109 affabilis,
557 1055 606 1098 et
647 1050 885 1115 benignus
920 1050 1168 1100 omnibus.'
1254 1051 1323 1098 Et
1358 1050 1570 1115 quidem,
1604 1050 1690 1099 ubi
1725 1055 2055 1115 opportunum

299 1133 639 1196 comperiebat,
676 1140 928 1197 peccantes
963 1134 1178 1199 regulari
1213 1133 1472 1197 disciplina
1506 1150 1740 1193 coercens,
1778 1133 1862 1182 sed
1903 1133 2057 1197 magis

298 1221 464 1265 tamen
488 1216 707 1280 ingenita
729 1216 965 1281 diligendi
989 1216 1334 1266 consuetudine
1366 1216 1559 1265 sedulus
1587 1217 1861 1276 admonens,
1885 1233 1948 1265 ne
1972 1217 2078 1280 qui·

298 1316 494 1364 peccare
528 1286 688 1359 vellet,
725 1306 774 1349 et
808 1299 1201 1364 limpidissimam
1234 1300 1401 1350 vultus
1435 1302 1540 1363 ejus
1574 1300 1731 1349 lucem
1762 1299 1932 1348 nubilo
1964 1299 2059 1348 sibi

299 1400 398 1432 suae
433 1383 787 1447 inquietudinis
822 1384 1128 1433 abscondere.
1215 1383 1353 1448 Saepe
1387 1401 1477 1449 pro
1513 1383 1741 1432 curandis
1776 1381 2060 1431 monasterii

299 1466 507 1529 negotiis
530 1466 708 1515 alicubi
732 1467 1020 1531 digrediens,
1045 1466 1132 1515 ubi
1157 1471 1412 1532 operantes
1445 1466 1636 1516 invenit
1658 1467 1848 1525 fratres,
1872 1464 2059 1514 solebat

300 1549 370 1598 eis
406 1549 662 1598 confestim
698 1549 750 1597 in
786 1567 931 1613 opere
967 1550 1230 1615 conjungi3
1267 1550 1347 1600 vel
1387 1549 1540 1600 aratri
1571 1565 1790 1615 gressum
1825 1547 1952 1597 stiva
1986 1563 2061 1596 re-

300 1633 472 1696 gendo,
498 1632 576 1681 vel
605 1632 788 1680 ferrum
825 1632 998 1699 malleo
1030 1633 1288 1693 domando,
1314 1633 1390 1682 vel
1418 1632 1745 1683 ventilabrum
1777 1646 1925 1679 manu
1949 1645 2060 1678 con-

301 1715 542 1775 cutiendo,
584 1715 663 1764 vel
704 1715 837 1765 aliud
873 1716 991 1780 quid
1026 1717 1124 1765 tale
1164 1717 1388 1782 gerendo.
1460 1705 1592 1765 Erat⁴
1621 1715 1752 1764 enim
1786 1719 1836 1763 et
1870 1713 2060 1763 viribus

301 1798 440 1847 fortis
466 1798 675 1862 juvenis,
713 1804 764 1848 et
797 1798 966 1863 lingua
999 1799 1163 1849 suavis
1179 1816 1192 1861 ;
1231 1800 1315 1849 sed
1350 1805 1399 1849 et
1427 1799 1589 1848 animo
1623 1796 1805 1856 hilaris,
1834 1801 1884 1844 et
1915 1795 2061 1844 bene-

302 1881 412 1930 ficio
454 1882 632 1946 largus,
671 1886 722 1931 et
762 1881 992 1931 honestus
1033 1888 1244 1946 aspectu.
1331 1882 1518 1931 Eodem
1553 1898 1650 1945 quo
1691 1880 1864 1928 fratres
1899 1877 2061 1928 caeteri

302 1964 424 2025 cibo,
462 1981 653 2028 semper
689 1965 857 2013 eadem
891 1966 1175 2014 vescebatur
1213 1964 1264 2013 in
1302 1965 1462 2025 domo,
1497 1964 1603 2028 ipso
1645 1979 1740 2028 quo
1776 1961 2060 2025 priusquam

303 2048 453 2097 abbas
488 2053 612 2096 esset
646 2048 892 2097 communi
925 2048 1196 2097 dormiebat
1229 2047 1283 2096 in
1316 2048 1436 2107 loco,
1469 2047 1588 2096 adeo
1623 2049 1681 2094 ut
1712 2044 1859 2094 etiam
1894 2043 2062 2092 morbo

304 2136 555 2193 correptus
588 2135 637 2178 et
662 2131 823 2179 obitus
847 2130 923 2179 sui
948 2130 1092 2179 certis
1115 2147 1175 2178 ex
1199 2130 1348 2195 signis
1366 2129 1467 2193 jam
1493 2128 1736 2193 praescius,
1762 2127 1883 2175 duos
1907 2126 2065 2175 adhuc

306 2212 408 2261 dies
443 2211 497 2260 in
529 2212 813 2262 dormitorio
845 2213 1055 2262 fratrum
1086 2213 1368 2277 quiesceret.
1440 2212 1571 2261 Nam
1603 2210 1818 2275 quinque
1851 2209 2066 2273 reliquos

306 2310 459 2358 usque
494 2296 556 2343 ad
586 2296 748 2345 exitus
782 2296 955 2345 horam
986 2295 1088 2344 dies
1121 2295 1174 2343 in
1206 2294 1453 2344 secretiori
1487 2311 1539 2343 se
1574 2293 1677 2343 aede
1711 2292 1931 2342 locabat:
1970 2309 2066 2357 qua

307 2378 386 2426 die
421 2379 632 2442 quadam
668 2378 930 2443 egrediens,
967 2383 1018 2427 et
1053 2378 1144 2427 sub
1180 2378 1293 2427 divo
1324 2377 1554 2437 residenS,
1584 2375 1752 2425 accitis
1786 2375 1849 2424 ad
1883 2392 1934 2424 se
1965 2376 2066 2425 fra-

307 2460 466 2509 tribus
519 2461 721 2522 cunctis,
768 2478 902 2510 more
957 2467 1147 2510 naturae
1194 2460 1519 2510 misericordis
1560 2458 1776 2508 osculum
1816 2458 1950 2522 pacis
1997 2458 2068 2507 eis

271 2589 274 2591 .
308 2543 537 2592 flentibus
578 2561 633 2593 ac
674 2544 734 2592 de
775 2545 996 2594 abscessu
1038 2544 1167 2593 tanti
1204 2543 1362 2609 patris
1403 2548 1452 2592 et
1494 2541 1704 2607 pastoris
1750 2540 2068 2591 moerentibus

376 2640 479 2679 [an.
494 2641 584 2680 686]
654 2626 802 2675 dedit.
894 2627 1031 2676 Obiit
1077 2631 1242 2676 autem
1287 2643 1374 2690 per
1414 2642 1565 2675 nonas
1611 2623 1817 2673 Martias
1830 2623 1864 2684 ¹,
1905 2629 2067 2682 noctu,

309 2707 548 2756 fratribus
607 2710 862 2759 matutinae
925 2710 1208 2774 psalmodiae
1271 2708 1416 2757 laude
1478 2707 1778 2757 vacantibuS.
1874 2706 2070 2770 Viginti

313 2797 522 2856 quatuor
544 2809 779 2841 annorum
803 2797 908 2842 erat
931 2811 1042 2843 cum
1066 2793 1414 2843 monasterium
1436 2796 1635 2856 peteret,
1655 2789 1912 2839 duodecim
1935 2789 1988 2838 in
2012 2806 2069 2838 eo

314 2874 443 2925 vixit
474 2875 630 2936 annis,
660 2880 845 2940 septem
875 2878 1214 2940 presbyteratu
1248 2875 1445 2924 functus
1472 2879 1546 2923 est
1579 2872 1730 2933 anniS,
1765 2878 1976 2937 quatuor
2009 2889 2071 2921 ex

314 2957 384 3006 eis
416 2958 695 3006 monasterii
730 2958 944 3023 regimen
977 2960 1182 3023 agebat;
1219 2975 1276 3008 ac
1310 2958 1379 3007 sic
1413 2962 1632 3007 terrenos
1664 2961 1801 3006 artus
1825 2954 2070 3005 moribun-

314 3041 471 3104 daque
493 3041 710 3089 membra
731 3040 1025 3105 relinquens,
1050 3042 1261 3092 coelestia
1283 3057 1432 3105 regna
1454 3039 1644 3104 petivit.

386 3126 432 3172 8.
469 3123 655 3171 Verum
689 3123 766 3172 his
801 3123 860 3172 de
894 3124 999 3173 vita
1032 3124 1322 3174 venerabilis
1355 3113 1635 3172 Eosteruini
1669 3119 1882 3170 breviter
1914 3119 2071 3184 praeli-

316 3206 457 3267 batis,
494 3207 746 3255 redeamus
780 3206 843 3255 ad
877 3207 1095 3256 ordinem
1130 3206 1374 3256 narrandi.
1462 3204 1742 3254 Constituto
1776 3203 1863 3252 illo
1898 3202 2072 3251 abbate

383 3308 399 3332 ²
423 3321 499 3363 per
518 3322 647 3351 nonas
666 3308 870 3364 Martias]
899 3309 990 3350 The
1011 3307 1084 3351 6th
1106 3310 1153 3349 of
1166 3309 1332 3351 March.
1388 3307 1589 3349 Florence
1608 3306 1728 3347 dates
1744 3305 1780 3346 it
1798 3314 1886 3347 Am„
1907 3302 2003 3357 685.
