<?xml version="1.0" encoding="UTF-8"?>
<!DOCTYPE html PUBLIC "-//W3C//DTD XHTML 1.0 Transitional//EN"
    "http://www.w3.org/TR/xhtml1/DTD/xhtml1-transitional.dtd">
<html xmlns="http://www.w3.org/1999/xhtml" xml:lang="en" lang="en">
 <head>
  <title>
</title>
<meta http-equiv="Content-Type" content="text/html;charset=utf-8" />
  <meta name='ocr-system' content='tesseract 3.04.00' />
  <meta name='ocr-capabilities' content='ocr_page ocr_carea ocr_par ocr_line ocrx_word'/>
</head>
<body>
  <div class='ocr_page' id='page_1' title='image "./historiaecclesia00bedeuoft_0154.png"; bbox 0 0 2216 3554; ppageno 0'>
   <div class='ocr_carea' id='block_1_1' title="bbox 298 186 2042 271">
    <p class='ocr_par' dir='ltr' id='par_1_1' title="bbox 298 186 2042 271">
     <span class='ocr_line' id='line_1_1' title="bbox 298 186 2042 271; baseline -0.001 -20"><span class='ocrx_word' id='word_1_1' title='bbox 298 205 392 251; x_wconf 87' lang='lat'>122</span> <span class='ocrx_word' id='word_1_2' title='bbox 663 186 666 189; x_wconf 81' lang='grc'><strong>’</strong></span> <span class='ocrx_word' id='word_1_3' title='bbox 870 203 1094 252; x_wconf 66' lang='lat' dir='ltr'>Hiscma</span> <span class='ocrx_word' id='word_1_4' title='bbox 1128 203 1466 252; x_wconf 64' lang='lat' dir='ltr'>Ecclesiascioa</span> <span class='ocrx_word' id='word_1_5' title='bbox 1825 199 1959 271; x_wconf 73' lang='lat' dir='ltr'>[Lm.</span> <span class='ocrx_word' id='word_1_6' title='bbox 1984 216 2042 251; x_wconf 86' lang='lat'>11.</span> 
     </span>
    </p>
   </div>
   <div class='ocr_carea' id='block_1_2' title="bbox 295 333 2081 3199">
    <p class='ocr_par' dir='ltr' id='par_1_2' title="bbox 297 333 2081 1303">
     <span class='ocr_line' id='line_1_2' title="bbox 299 333 2043 399; baseline -0.001 -17"><span class='ocrx_word' id='word_1_7' title='bbox 299 333 422 392; x_wconf 90' lang='lat' dir='ltr'>vide,</span> <span class='ocrx_word' id='word_1_8' title='bbox 442 350 539 393; x_wconf 86' lang='lat' dir='ltr'>rex,</span> <span class='ocrx_word' id='word_1_9' title='bbox 561 334 699 398; x_wconf 90' lang='lat' dir='ltr'>quale</span> <span class='ocrx_word' id='word_1_10' title='bbox 722 335 786 383; x_wconf 91' lang='lat' dir='ltr'>sit</span> <span class='ocrx_word' id='word_1_11' title='bbox 810 335 899 384; x_wconf 92' lang='lat' dir='ltr'>hoc</span> <span class='ocrx_word' id='word_1_12' title='bbox 923 336 1051 399; x_wconf 92' lang='lat' dir='ltr'>quod</span> <span class='ocrx_word' id='word_1_13' title='bbox 1075 336 1212 383; x_wconf 90' lang='lat' dir='ltr'>nobis</span> <span class='ocrx_word' id='word_1_14' title='bbox 1241 335 1383 384; x_wconf 92' lang='lat' dir='ltr'>modo</span> <span class='ocrx_word' id='word_1_15' title='bbox 1407 334 1725 399; x_wconf 82' lang='lat' dir='ltr'>praedicatur:</span> <span class='ocrx_word' id='word_1_16' title='bbox 1762 351 1850 398; x_wconf 89' lang='lat' dir='ltr'>ego</span> <span class='ocrx_word' id='word_1_17' title='bbox 1881 340 2043 382; x_wconf 88' lang='lat' dir='ltr'>autem</span> 
     </span>
     <span class='ocr_line' id='line_1_3' title="bbox 299 415 2045 481; baseline 0 -17"><span class='ocrx_word' id='word_1_18' title='bbox 299 415 392 464; x_wconf 87' lang='lat' dir='ltr'>tibi</span> <span class='ocrx_word' id='word_1_19' title='bbox 427 416 674 465; x_wconf 89' lang='lat' dir='ltr'>verissime</span> <span class='ocrx_word' id='word_1_20' title='bbox 709 418 838 481; x_wconf 92' lang='lat' dir='ltr'>quod</span> <span class='ocrx_word' id='word_1_21' title='bbox 873 423 1055 467; x_wconf 90' lang='lat' dir='ltr'>certum</span> <span class='ocrx_word' id='word_1_22' title='bbox 1092 418 1252 477; x_wconf 88' lang='lat' dir='ltr'>didici,</span> <span class='ocrx_word' id='word_1_23' title='bbox 1279 417 1520 481; x_wconf 89' lang='lat' dir='ltr'>profiteor,</span> <span class='ocrx_word' id='word_1_24' title='bbox 1546 417 1657 480; x_wconf 89' lang='lat' dir='ltr'>quia</span> <span class='ocrx_word' id='word_1_25' title='bbox 1691 416 1815 464; x_wconf 88' lang='lat' dir='ltr'>nihil</span> <span class='ocrx_word' id='word_1_26' title='bbox 1849 417 2045 465; x_wconf 89' lang='lat' dir='ltr'>omnino</span> 
     </span>
     <span class='ocr_line' id='line_1_4' title="bbox 300 496 2047 563; baseline 0 -18"><span class='ocrx_word' id='word_1_27' title='bbox 300 496 498 545; x_wconf 89' lang='lat' dir='ltr'>virtutis</span> <span class='ocrx_word' id='word_1_28' title='bbox 530 499 688 559; x_wconf 89' lang='lat' dir='ltr'>habet,</span> <span class='ocrx_word' id='word_1_29' title='bbox 713 500 837 548; x_wconf 89' lang='lat' dir='ltr'>nihil</span> <span class='ocrx_word' id='word_1_30' title='bbox 867 500 1099 549; x_wconf 73' lang='lat' dir='ltr'>utilitatis</span> <span class='ocrx_word' id='word_1_31' title='bbox 1130 501 1302 563; x_wconf 84' lang='lat' dir='ltr'>religio</span> <span class='ocrx_word' id='word_1_32' title='bbox 1334 500 1419 547; x_wconf 91' lang='lat' dir='ltr'>illa</span> <span class='ocrx_word' id='word_1_33' title='bbox 1443 516 1587 562; x_wconf 89' lang='lat' dir='ltr'>quam</span> <span class='ocrx_word' id='word_1_34' title='bbox 1619 498 1867 561; x_wconf 90' lang='lat' dir='ltr'>hucusque</span> <span class='ocrx_word' id='word_1_35' title='bbox 1889 498 2047 546; x_wconf 91' lang='lat' dir='ltr'>tenui-</span> 
     </span>
     <span class='ocr_line' id='line_1_5' title="bbox 301 581 2046 645; baseline 0.001 -20"><span class='ocrx_word' id='word_1_36' title='bbox 301 595 437 627; x_wconf 85' lang='lat' dir='ltr'>mus:</span> <span class='ocrx_word' id='word_1_37' title='bbox 476 581 636 629; x_wconf 92' lang='lat' dir='ltr'>nullus</span> <span class='ocrx_word' id='word_1_38' title='bbox 664 581 792 629; x_wconf 90' lang='lat' dir='ltr'>enim</span> <span class='ocrx_word' id='word_1_39' title='bbox 821 586 1018 631; x_wconf 85' lang='lat' dir='ltr'>tuorum</span> <span class='ocrx_word' id='word_1_40' title='bbox 1043 582 1303 630; x_wconf 80' lang='lat' dir='ltr'>studiosius</span> <span class='ocrx_word' id='word_1_41' title='bbox 1335 598 1482 645; x_wconf 92' lang='lat' dir='ltr'>quam</span> <span class='ocrx_word' id='word_1_42' title='bbox 1506 597 1594 644; x_wconf 86' lang='lat' dir='ltr'>ego</span> <span class='ocrx_word' id='word_1_43' title='bbox 1621 581 1822 628; x_wconf 78' lang='lat' dir='ltr'>culturae</span> <span class='ocrx_word' id='word_1_44' title='bbox 1846 581 2046 628; x_wconf 90' lang='lat' dir='ltr'>deorum</span> 
     </span>
     <span class='ocr_line' id='line_1_6' title="bbox 302 662 2050 726; baseline 0.001 -18"><span class='ocrx_word' id='word_1_45' title='bbox 302 667 574 710; x_wconf 86' lang='lat' dir='ltr'>nostrorum</span> <span class='ocrx_word' id='word_1_46' title='bbox 599 680 648 711; x_wconf 85' lang='lat' dir='ltr'>se</span> <span class='ocrx_word' id='word_1_47' title='bbox 674 664 891 713; x_wconf 82' lang='lat' dir='ltr'>subdidit</span> <span class='ocrx_word' id='word_1_48' title='bbox 907 681 919 724; x_wconf 83' lang='lat'><em>3</em></span> <span class='ocrx_word' id='word_1_49' title='bbox 959 670 1007 712; x_wconf 87' lang='lat' dir='ltr'>et</span> <span class='ocrx_word' id='word_1_50' title='bbox 1042 664 1358 711; x_wconf 82' lang='lat' dir='ltr'>nihilominus</span> <span class='ocrx_word' id='word_1_51' title='bbox 1389 663 1531 711; x_wconf 90' lang='lat' dir='ltr'>multi</span> <span class='ocrx_word' id='word_1_52' title='bbox 1563 668 1677 711; x_wconf 88' lang='lat' dir='ltr'>sunt</span> <span class='ocrx_word' id='word_1_53' title='bbox 1705 662 1789 726; x_wconf 92' lang='lat' dir='ltr'>qui</span> <span class='ocrx_word' id='word_1_54' title='bbox 1815 662 2050 725; x_wconf 82' lang='lat' dir='ltr'>ampliora</span> 
     </span>
     <span class='ocr_line' id='line_1_7' title="bbox 301 744 2045 809; baseline 0 -18"><span class='ocrx_word' id='word_1_55' title='bbox 301 761 329 791; x_wconf 90' lang='lat' dir='ltr'>a</span> <span class='ocrx_word' id='word_1_56' title='bbox 386 749 435 792; x_wconf 92' lang='lat' dir='ltr'>te</span> <span class='ocrx_word' id='word_1_57' title='bbox 462 747 464 749; x_wconf 75' lang='grc'><strong>’</strong></span> <span class='ocrx_word' id='word_1_58' title='bbox 492 745 721 794; x_wconf 87' lang='lat' dir='ltr'>beneficia</span> <span class='ocrx_word' id='word_1_59' title='bbox 768 763 911 809; x_wconf 90' lang='lat' dir='ltr'>quam</span> <span class='ocrx_word' id='word_1_60' title='bbox 965 763 1065 809; x_wconf 86' lang='lat' dir='ltr'>ego,</span> <span class='ocrx_word' id='word_1_61' title='bbox 1120 750 1170 794; x_wconf 93' lang='lat' dir='ltr'>et</span> <span class='ocrx_word' id='word_1_62' title='bbox 1222 748 1424 808; x_wconf 83' lang='lat' dir='ltr'>majores</span> <span class='ocrx_word' id='word_1_63' title='bbox 1475 744 1719 808; x_wconf 88' lang='lat' dir='ltr'>accipiunt</span> <span class='ocrx_word' id='word_1_64' title='bbox 1772 745 2045 807; x_wconf 81' lang='lat' dir='ltr'>dignitateS,</span> 
     </span>
     <span class='ocr_line' id='line_1_8' title="bbox 303 826 2081 892; baseline 0.001 -20"><span class='ocrx_word' id='word_1_65' title='bbox 303 826 552 890; x_wconf 83' lang='lat' dir='ltr'>magisque</span> <span class='ocrx_word' id='word_1_66' title='bbox 597 833 945 892; x_wconf 83' lang='lat' dir='ltr'>prosperantur</span> <span class='ocrx_word' id='word_1_67' title='bbox 991 829 1044 876; x_wconf 93' lang='lat' dir='ltr'>in</span> <span class='ocrx_word' id='word_1_68' title='bbox 1101 828 1324 877; x_wconf 90' lang='lat' dir='ltr'>omnibus</span> <span class='ocrx_word' id='word_1_69' title='bbox 1375 845 1483 890; x_wconf 81' lang='lat' dir='ltr'>quae</span> <span class='ocrx_word' id='word_1_70' title='bbox 1533 828 1717 891; x_wconf 87' lang='lat' dir='ltr'>agenda</span> <span class='ocrx_word' id='word_1_71' title='bbox 1762 827 1840 874; x_wconf 90' lang='lat' dir='ltr'>vel</span> <span class='ocrx_word' id='word_1_72' title='bbox 1882 826 2081 889; x_wconf 59' lang='lat' dir='ltr'>adqui-²</span> 
     </span>
     <span class='ocr_line' id='line_1_9' title="bbox 302 909 2049 973; baseline 0.001 -18"><span class='ocrx_word' id='word_1_73' title='bbox 302 909 453 957; x_wconf 85' lang='lat' dir='ltr'>reuda</span> <span class='ocrx_word' id='word_1_74' title='bbox 499 910 776 973; x_wconf 83' lang='lat' dir='ltr'>disponunt.</span> <span class='ocrx_word' id='word_1_75' title='bbox 848 911 903 959; x_wconf 85' lang='lat' dir='ltr'>Si</span> <span class='ocrx_word' id='word_1_76' title='bbox 943 915 1105 959; x_wconf 90' lang='lat' dir='ltr'>autem</span> <span class='ocrx_word' id='word_1_77' title='bbox 1152 910 1223 958; x_wconf 91' lang='lat' dir='ltr'>dii</span> <span class='ocrx_word' id='word_1_78' title='bbox 1269 909 1453 973; x_wconf 89' lang='lat' dir='ltr'>aliquid</span> <span class='ocrx_word' id='word_1_79' title='bbox 1499 910 1731 967; x_wconf 90' lang='lat' dir='ltr'>valerent,</span> <span class='ocrx_word' id='word_1_80' title='bbox 1774 926 1850 957; x_wconf 93' lang='lat' dir='ltr'>me</span> <span class='ocrx_word' id='word_1_81' title='bbox 1889 909 2049 972; x_wconf 88' lang='lat' dir='ltr'>potius</span> 
     </span>
     <span class='ocr_line' id='line_1_10' title="bbox 297 990 2049 1057; baseline 0.001 -20"><span class='ocrx_word' id='word_1_82' title='bbox 297 990 469 1053; x_wconf 88' lang='lat' dir='ltr'>juvare</span> <span class='ocrx_word' id='word_1_83' title='bbox 492 993 686 1052; x_wconf 89' lang='lat' dir='ltr'>vellent,</span> <span class='ocrx_word' id='word_1_84' title='bbox 712 994 796 1057; x_wconf 92' lang='lat' dir='ltr'>qui</span> <span class='ocrx_word' id='word_1_85' title='bbox 830 994 928 1041; x_wconf 87' lang='lat' dir='ltr'>illis</span> <span class='ocrx_word' id='word_1_86' title='bbox 959 993 1223 1056; x_wconf 89' lang='lat' dir='ltr'>impensius</span> <span class='ocrx_word' id='word_1_87' title='bbox 1256 993 1435 1040; x_wconf 89' lang='lat' dir='ltr'>servire</span> <span class='ocrx_word' id='word_1_88' title='bbox 1467 992 1645 1040; x_wconf 88' lang='lat' dir='ltr'>curavi.</span> <span class='ocrx_word' id='word_1_89' title='bbox 1716 992 1862 1040; x_wconf 86' lang='lat' dir='ltr'>Unde</span> <span class='ocrx_word' id='word_1_90' title='bbox 1885 995 2049 1048; x_wconf 89' lang='lat' dir='ltr'>restat,</span> 
     </span>
     <span class='ocr_line' id='line_1_11' title="bbox 302 1073 2052 1138; baseline 0.001 -19"><span class='ocrx_word' id='word_1_91' title='bbox 302 1078 359 1119; x_wconf 93' lang='lat' dir='ltr'>ut</span> <span class='ocrx_word' id='word_1_92' title='bbox 405 1073 446 1121; x_wconf 88' lang='lat' dir='ltr'>si</span> <span class='ocrx_word' id='word_1_93' title='bbox 493 1092 548 1122; x_wconf 84' lang='lat' dir='ltr'>ea</span> <span class='ocrx_word' id='word_1_94' title='bbox 585 1093 692 1138; x_wconf 85' lang='lat' dir='ltr'>quae</span> <span class='ocrx_word' id='word_1_95' title='bbox 733 1093 860 1124; x_wconf 93' lang='lat' dir='ltr'>nunc</span> <span class='ocrx_word' id='word_1_96' title='bbox 896 1074 1036 1123; x_wconf 91' lang='lat' dir='ltr'>nobis</span> <span class='ocrx_word' id='word_1_97' title='bbox 1077 1091 1202 1122; x_wconf 88' lang='lat' dir='ltr'>nova</span> <span class='ocrx_word' id='word_1_98' title='bbox 1242 1074 1580 1137; x_wconf 74' lang='lat' dir='ltr'>praedicantur,</span> <span class='ocrx_word' id='word_1_99' title='bbox 1628 1074 1830 1122; x_wconf 88' lang='lat' dir='ltr'>meliora</span> <span class='ocrx_word' id='word_1_100' title='bbox 1866 1090 1967 1122; x_wconf 88' lang='lat' dir='ltr'>esse</span> <span class='ocrx_word' id='word_1_101' title='bbox 2002 1078 2052 1120; x_wconf 91' lang='lat' dir='ltr'>et</span> 
     </span>
     <span class='ocr_line' id='line_1_12' title="bbox 297 1154 2052 1220; baseline 0.001 -19"><span class='ocrx_word' id='word_1_102' title='bbox 297 1154 519 1215; x_wconf 73' lang='lat' dir='ltr'>fortiora,</span> <span class='ocrx_word' id='word_1_103' title='bbox 567 1157 733 1205; x_wconf 89' lang='lat' dir='ltr'>habita</span> <span class='ocrx_word' id='word_1_104' title='bbox 779 1158 1134 1206; x_wconf 81' lang='lat' dir='ltr'>examinatione</span> <span class='ocrx_word' id='word_1_105' title='bbox 1180 1156 1496 1220; x_wconf 82' lang='lat' dir='ltr'>perspexeris,</span> <span class='ocrx_word' id='word_1_106' title='bbox 1544 1156 1723 1220; x_wconf 82' lang='lat' dir='ltr'>absque</span> <span class='ocrx_word' id='word_1_107' title='bbox 1760 1156 1862 1205; x_wconf 92' lang='lat' dir='ltr'>ullo</span> <span class='ocrx_word' id='word_1_108' title='bbox 1909 1172 2052 1204; x_wconf 90' lang='lat' dir='ltr'>cunc-</span> 
     </span>
     <span class='ocr_line' id='line_1_13' title="bbox 304 1238 1226 1303; baseline 0.004 -20"><span class='ocrx_word' id='word_1_109' title='bbox 304 1238 486 1285; x_wconf 86' lang='lat' dir='ltr'>tamine</span> <span class='ocrx_word' id='word_1_110' title='bbox 521 1240 759 1303; x_wconf 86' lang='lat' dir='ltr'>suscipere</span> <span class='ocrx_word' id='word_1_111' title='bbox 795 1240 880 1288; x_wconf 88' lang='lat' dir='ltr'>illa</span> <span class='ocrx_word' id='word_1_112' title='bbox 914 1240 1226 1288; x_wconf 61' lang='lat' dir='ltr'>festinemus?</span> 
     </span>
    </p>

    <p class='ocr_par' dir='ltr' id='par_1_3' title="bbox 303 1319 2058 2705">
     <span class='ocr_line' id='line_1_14' title="bbox 374 1319 2053 1385; baseline 0.001 -18"><span class='ocrx_word' id='word_1_113' title='bbox 374 1319 523 1382; x_wconf 84' lang='lat' dir='ltr'>Cujus</span> <span class='ocrx_word' id='word_1_114' title='bbox 559 1323 769 1370; x_wconf 84' lang='lat' dir='ltr'>suasioni</span> <span class='ocrx_word' id='word_1_115' title='bbox 803 1322 1061 1385; x_wconf 88' lang='lat' dir='ltr'>verbisque</span> <span class='ocrx_word' id='word_1_116' title='bbox 1096 1320 1416 1385; x_wconf 89' lang='lat' dir='ltr'>prudentibus</span> <span class='ocrx_word' id='word_1_117' title='bbox 1449 1320 1572 1368; x_wconf 87' lang='lat' dir='ltr'>alius</span> <span class='ocrx_word' id='word_1_118' title='bbox 1607 1320 1896 1385; x_wconf 86' lang='lat' dir='ltr'>optimatum</span> <span class='ocrx_word' id='word_1_119' title='bbox 1924 1320 2053 1383; x_wconf 86' lang='lat' dir='ltr'>regis</span> 
     </span>
     <span class='ocr_line' id='line_1_15' title="bbox 303 1401 2053 1466; baseline 0.001 -17"><span class='ocrx_word' id='word_1_120' title='bbox 303 1401 522 1451; x_wconf 87' lang='lat' dir='ltr'>tribuens</span> <span class='ocrx_word' id='word_1_121' title='bbox 558 1421 816 1465; x_wconf 86' lang='lat' dir='ltr'>assensum,</span> <span class='ocrx_word' id='word_1_122' title='bbox 853 1405 1083 1453; x_wconf 91' lang='lat' dir='ltr'>continuo</span> <span class='ocrx_word' id='word_1_123' title='bbox 1119 1404 1373 1452; x_wconf 86' lang='lat' dir='ltr'>subdidit:</span> <span class='ocrx_word' id='word_1_124' title='bbox 1412 1408 1423 1430; x_wconf 91' lang='lat'>‘</span> <span class='ocrx_word' id='word_1_125' title='bbox 1440 1403 1599 1463; x_wconf 85' lang='lat' dir='ltr'>Talis,’</span> <span class='ocrx_word' id='word_1_126' title='bbox 1632 1403 1869 1466; x_wconf 87' lang='lat' dir='ltr'>inquiens,</span> <span class='ocrx_word' id='word_1_127' title='bbox 1905 1404 2053 1452; x_wconf 90' lang='lat' dir='ltr'>‘mihi</span> 
     </span>
     <span class='ocr_line' id='line_1_16' title="bbox 305 1486 2054 1551; baseline 0.001 -19"><span class='ocrx_word' id='word_1_128' title='bbox 305 1486 512 1546; x_wconf 86' lang='lat' dir='ltr'>videtur,</span> <span class='ocrx_word' id='word_1_129' title='bbox 538 1505 636 1547; x_wconf 89' lang='lat' dir='ltr'>rex,</span> <span class='ocrx_word' id='word_1_130' title='bbox 662 1489 764 1537; x_wconf 91' lang='lat' dir='ltr'>vita</span> <span class='ocrx_word' id='word_1_131' title='bbox 788 1489 1039 1536; x_wconf 89' lang='lat' dir='ltr'>hominum</span> <span class='ocrx_word' id='word_1_132' title='bbox 1064 1504 1272 1551; x_wconf 88' lang='lat' dir='ltr'>praesens</span> <span class='ocrx_word' id='word_1_133' title='bbox 1296 1487 1348 1534; x_wconf 92' lang='lat' dir='ltr'>in</span> <span class='ocrx_word' id='word_1_134' title='bbox 1370 1486 1530 1545; x_wconf 91' lang='lat' dir='ltr'>terris,</span> <span class='ocrx_word' id='word_1_135' title='bbox 1556 1486 1617 1534; x_wconf 88' lang='lat' dir='ltr'>ad</span> <span class='ocrx_word' id='word_1_136' title='bbox 1648 1487 2054 1550; x_wconf 82' lang='lat' dir='ltr'>comparationem</span> 
     </span>
     <span class='ocr_line' id='line_1_17' title="bbox 305 1568 2054 1634; baseline 0.001 -19"><span class='ocrx_word' id='word_1_137' title='bbox 305 1568 407 1631; x_wconf 88' lang='lat' dir='ltr'>ejus</span> <span class='ocrx_word' id='word_1_138' title='bbox 437 1571 566 1633; x_wconf 90' lang='lat' dir='ltr'>quod</span> <span class='ocrx_word' id='word_1_139' title='bbox 599 1571 736 1620; x_wconf 89' lang='lat' dir='ltr'>nobis</span> <span class='ocrx_word' id='word_1_140' title='bbox 771 1572 1010 1620; x_wconf 91' lang='lat' dir='ltr'>incertum</span> <span class='ocrx_word' id='word_1_141' title='bbox 1045 1576 1117 1619; x_wconf 90' lang='lat' dir='ltr'>est</span> <span class='ocrx_word' id='word_1_142' title='bbox 1151 1570 1396 1634; x_wconf 88' lang='lat' dir='ltr'>temporis,</span> <span class='ocrx_word' id='word_1_143' title='bbox 1421 1570 1562 1633; x_wconf 91' lang='lat' dir='ltr'>quale</span> <span class='ocrx_word' id='word_1_144' title='bbox 1596 1586 1706 1618; x_wconf 91' lang='lat' dir='ltr'>cum</span> <span class='ocrx_word' id='word_1_145' title='bbox 1733 1574 1783 1617; x_wconf 87' lang='lat' dir='ltr'>te</span> <span class='ocrx_word' id='word_1_146' title='bbox 1811 1570 2054 1618; x_wconf 87' lang='lat' dir='ltr'>residente</span> 
     </span>
     <span class='ocr_line' id='line_1_18' title="bbox 305 1652 2055 1716; baseline 0 -17"><span class='ocrx_word' id='word_1_147' title='bbox 305 1652 366 1699; x_wconf 89' lang='lat' dir='ltr'>ad</span> <span class='ocrx_word' id='word_1_148' title='bbox 403 1669 587 1701; x_wconf 89' lang='lat' dir='ltr'>coenam</span> <span class='ocrx_word' id='word_1_149' title='bbox 635 1671 743 1702; x_wconf 91' lang='lat' dir='ltr'>cum</span> <span class='ocrx_word' id='word_1_150' title='bbox 791 1654 994 1703; x_wconf 88' lang='lat' dir='ltr'>ducibus</span> <span class='ocrx_word' id='word_1_151' title='bbox 1035 1671 1090 1702; x_wconf 91' lang='lat' dir='ltr'>ac</span> <span class='ocrx_word' id='word_1_152' title='bbox 1127 1653 1364 1701; x_wconf 89' lang='lat' dir='ltr'>ministris</span> <span class='ocrx_word' id='word_1_153' title='bbox 1415 1654 1514 1701; x_wconf 90' lang='lat' dir='ltr'>tuis</span> <span class='ocrx_word' id='word_1_154' title='bbox 1560 1657 1777 1716; x_wconf 90' lang='lat' dir='ltr'>tempore</span> <span class='ocrx_word' id='word_1_155' title='bbox 1827 1653 2055 1711; x_wconf 91' lang='lat' dir='ltr'>brumali,</span> 
     </span>
     <span class='ocr_line' id='line_1_19' title="bbox 305 1735 2055 1798; baseline 0 -16"><span class='ocrx_word' id='word_1_156' title='bbox 305 1751 501 1783; x_wconf 86' lang='lat' dir='ltr'>accenso</span> <span class='ocrx_word' id='word_1_157' title='bbox 527 1736 722 1798; x_wconf 90' lang='lat' dir='ltr'>quidem</span> <span class='ocrx_word' id='word_1_158' title='bbox 745 1737 851 1785; x_wconf 90' lang='lat' dir='ltr'>foco</span> <span class='ocrx_word' id='word_1_159' title='bbox 883 1738 936 1784; x_wconf 90' lang='lat' dir='ltr'>in</span> <span class='ocrx_word' id='word_1_160' title='bbox 960 1737 1120 1785; x_wconf 89' lang='lat' dir='ltr'>medio</span> <span class='ocrx_word' id='word_1_161' title='bbox 1153 1741 1202 1784; x_wconf 89' lang='lat' dir='ltr'>et</span> <span class='ocrx_word' id='word_1_162' title='bbox 1233 1736 1388 1784; x_wconf 86' lang='lat' dir='ltr'>calido</span> <span class='ocrx_word' id='word_1_163' title='bbox 1421 1736 1587 1784; x_wconf 87' lang='lat' dir='ltr'>effecto</span> <span class='ocrx_word' id='word_1_164' title='bbox 1611 1735 1867 1793; x_wconf 76' lang='lat' dir='ltr'>coenaculo,</span> <span class='ocrx_word' id='word_1_165' title='bbox 1892 1736 2055 1782; x_wconf 88' lang='lat' dir='ltr'>furen-</span> 
     </span>
     <span class='ocr_line' id='line_1_20' title="bbox 306 1817 2054 1882; baseline 0 -18"><span class='ocrx_word' id='word_1_166' title='bbox 306 1817 439 1865; x_wconf 88' lang='lat' dir='ltr'>tibus</span> <span class='ocrx_word' id='word_1_167' title='bbox 475 1825 638 1866; x_wconf 87' lang='lat' dir='ltr'>autem</span> <span class='ocrx_word' id='word_1_168' title='bbox 672 1819 792 1866; x_wconf 91' lang='lat' dir='ltr'>foris</span> <span class='ocrx_word' id='word_1_169' title='bbox 825 1836 912 1882; x_wconf 90' lang='lat' dir='ltr'>per</span> <span class='ocrx_word' id='word_1_170' title='bbox 947 1819 1109 1867; x_wconf 91' lang='lat' dir='ltr'>omnia</span> <span class='ocrx_word' id='word_1_171' title='bbox 1144 1818 1419 1866; x_wconf 90' lang='lat' dir='ltr'>turbinibus</span> <span class='ocrx_word' id='word_1_172' title='bbox 1459 1818 1738 1866; x_wconf 88' lang='lat' dir='ltr'>hiemalium</span> <span class='ocrx_word' id='word_1_173' title='bbox 1774 1817 2054 1881; x_wconf 89' lang='lat' dir='ltr'>pluviarum</span> 
     </span>
     <span class='ocr_line' id='line_1_21' title="bbox 306 1900 2054 1965; baseline 0.001 -20"><span class='ocrx_word' id='word_1_174' title='bbox 306 1900 385 1947; x_wconf 88' lang='lat' dir='ltr'>vel</span> <span class='ocrx_word' id='word_1_175' title='bbox 420 1900 619 1960; x_wconf 90' lang='lat' dir='ltr'>nivium,</span> <span class='ocrx_word' id='word_1_176' title='bbox 645 1902 998 1965; x_wconf 87' lang='lat' dir='ltr'>adveniensque</span> <span class='ocrx_word' id='word_1_177' title='bbox 1031 1918 1156 1949; x_wconf 90' lang='lat' dir='ltr'>unus</span> <span class='ocrx_word' id='word_1_178' title='bbox 1187 1918 1437 1965; x_wconf 90' lang='lat' dir='ltr'>passerum</span> <span class='ocrx_word' id='word_1_179' title='bbox 1471 1901 1666 1948; x_wconf 90' lang='lat' dir='ltr'>domum</span> <span class='ocrx_word' id='word_1_180' title='bbox 1692 1900 1921 1948; x_wconf 80' lang='lat' dir='ltr'>citissime</span> <span class='ocrx_word' id='word_1_181' title='bbox 1948 1917 2054 1962; x_wconf 88' lang='lat' dir='ltr'>per-</span> 
     </span>
     <span class='ocr_line' id='line_1_22' title="bbox 307 1982 2056 2047; baseline 0 -18"><span class='ocrx_word' id='word_1_182' title='bbox 307 1982 557 2042; x_wconf 87' lang='lat' dir='ltr'>volaverit,</span> <span class='ocrx_word' id='word_1_183' title='bbox 583 1984 668 2047; x_wconf 92' lang='lat' dir='ltr'>qui</span> <span class='ocrx_word' id='word_1_184' title='bbox 703 2001 810 2031; x_wconf 91' lang='lat' dir='ltr'>cum</span> <span class='ocrx_word' id='word_1_185' title='bbox 846 2001 932 2047; x_wconf 90' lang='lat' dir='ltr'>per</span> <span class='ocrx_word' id='word_1_186' title='bbox 963 2001 1115 2031; x_wconf 90' lang='lat' dir='ltr'>unum</span> <span class='ocrx_word' id='word_1_187' title='bbox 1149 1983 1329 2032; x_wconf 89' lang='lat' dir='ltr'>ostium</span> <span class='ocrx_word' id='word_1_188' title='bbox 1361 1983 1651 2047; x_wconf 83' lang='lat' dir='ltr'>ingrediens,</span> <span class='ocrx_word' id='word_1_189' title='bbox 1676 1999 1790 2030; x_wconf 90' lang='lat' dir='ltr'>mox</span> <span class='ocrx_word' id='word_1_190' title='bbox 1813 1999 1900 2046; x_wconf 87' lang='lat' dir='ltr'>per</span> <span class='ocrx_word' id='word_1_191' title='bbox 1921 1982 2056 2030; x_wconf 85' lang='lat' dir='ltr'>aliud</span> 
     </span>
     <span class='ocr_line' id='line_1_23' title="bbox 308 2064 2055 2129; baseline 0.001 -17"><span class='ocrx_word' id='word_1_192' title='bbox 308 2064 494 2112; x_wconf 89' lang='lat' dir='ltr'>exierit.</span> <span class='ocrx_word' id='word_1_193' title='bbox 563 2065 679 2128; x_wconf 89' lang='lat' dir='ltr'>Ipso</span> <span class='ocrx_word' id='word_1_194' title='bbox 704 2066 900 2129; x_wconf 89' lang='lat' dir='ltr'>quidem</span> <span class='ocrx_word' id='word_1_195' title='bbox 923 2072 1140 2129; x_wconf 90' lang='lat' dir='ltr'>tempore</span> <span class='ocrx_word' id='word_1_196' title='bbox 1172 2082 1267 2129; x_wconf 94' lang='lat' dir='ltr'>quo</span> <span class='ocrx_word' id='word_1_197' title='bbox 1300 2065 1431 2113; x_wconf 91' lang='lat' dir='ltr'>intus</span> <span class='ocrx_word' id='word_1_198' title='bbox 1464 2069 1549 2125; x_wconf 89' lang='lat' dir='ltr'>est,</span> <span class='ocrx_word' id='word_1_199' title='bbox 1574 2064 1745 2112; x_wconf 90' lang='lat' dir='ltr'>hiemis</span> <span class='ocrx_word' id='word_1_200' title='bbox 1770 2070 2055 2128; x_wconf 83' lang='lat' dir='ltr'>tempestate</span> 
     </span>
     <span class='ocr_line' id='line_1_24' title="bbox 309 2146 2056 2210; baseline 0.001 -17"><span class='ocrx_word' id='word_1_201' title='bbox 309 2163 406 2194; x_wconf 91' lang='lat' dir='ltr'>non</span> <span class='ocrx_word' id='word_1_202' title='bbox 441 2147 673 2209; x_wconf 84' lang='lat' dir='ltr'>tangitur,</span> <span class='ocrx_word' id='word_1_203' title='bbox 710 2148 793 2195; x_wconf 89' lang='lat' dir='ltr'>sed</span> <span class='ocrx_word' id='word_1_204' title='bbox 828 2153 991 2195; x_wconf 91' lang='lat' dir='ltr'>tamen</span> <span class='ocrx_word' id='word_1_205' title='bbox 1026 2147 1310 2210; x_wconf 88' lang='lat' dir='ltr'>parvissimo</span> <span class='ocrx_word' id='word_1_206' title='bbox 1352 2147 1507 2210; x_wconf 87' lang='lat' dir='ltr'>spatio</span> <span class='ocrx_word' id='word_1_207' title='bbox 1553 2146 1823 2195; x_wconf 88' lang='lat' dir='ltr'>serenitatis</span> <span class='ocrx_word' id='word_1_208' title='bbox 1858 2147 1920 2194; x_wconf 90' lang='lat' dir='ltr'>ad</span> <span class='ocrx_word' id='word_1_209' title='bbox 1956 2164 2056 2194; x_wconf 90' lang='lat' dir='ltr'>mo-</span> 
     </span>
     <span class='ocr_line' id='line_1_25' title="bbox 311 2228 2057 2292; baseline -0.001 -16"><span class='ocrx_word' id='word_1_210' title='bbox 311 2232 526 2276; x_wconf 90' lang='lat' dir='ltr'>mentum</span> <span class='ocrx_word' id='word_1_211' title='bbox 547 2246 763 2287; x_wconf 89' lang='lat' dir='ltr'>excurso,</span> <span class='ocrx_word' id='word_1_212' title='bbox 783 2246 895 2277; x_wconf 86' lang='lat' dir='ltr'>mox</span> <span class='ocrx_word' id='word_1_213' title='bbox 913 2229 972 2276; x_wconf 88' lang='lat' dir='ltr'>de</span> <span class='ocrx_word' id='word_1_214' title='bbox 996 2228 1154 2276; x_wconf 91' lang='lat' dir='ltr'>hieme</span> <span class='ocrx_word' id='word_1_215' title='bbox 1178 2229 1227 2276; x_wconf 91' lang='lat' dir='ltr'>in</span> <span class='ocrx_word' id='word_1_216' title='bbox 1246 2228 1455 2277; x_wconf 89' lang='lat' dir='ltr'>hiemem</span> <span class='ocrx_word' id='word_1_217' title='bbox 1478 2229 1766 2292; x_wconf 86' lang='lat' dir='ltr'>regrediens,</span> <span class='ocrx_word' id='word_1_218' title='bbox 1784 2229 1884 2276; x_wconf 90' lang='lat' dir='ltr'>tuis</span> <span class='ocrx_word' id='word_1_219' title='bbox 1908 2229 2057 2277; x_wconf 89' lang='lat' dir='ltr'>oculis</span> 
     </span>
     <span class='ocr_line' id='line_1_26' title="bbox 310 2311 2056 2376; baseline -0.001 -16"><span class='ocrx_word' id='word_1_220' title='bbox 310 2311 530 2360; x_wconf 85' lang='lat' dir='ltr'>clabitur.</span> <span class='ocrx_word' id='word_1_221' title='bbox 602 2311 684 2359; x_wconf 79' lang='lat' dir='ltr'>Ita</span> <span class='ocrx_word' id='word_1_222' title='bbox 718 2311 820 2360; x_wconf 84' lang='lat' dir='ltr'>haec</span> <span class='ocrx_word' id='word_1_223' title='bbox 855 2312 958 2360; x_wconf 86' lang='lat' dir='ltr'>vita</span> <span class='ocrx_word' id='word_1_224' title='bbox 998 2311 1247 2359; x_wconf 91' lang='lat' dir='ltr'>hominum</span> <span class='ocrx_word' id='word_1_225' title='bbox 1283 2312 1345 2359; x_wconf 87' lang='lat' dir='ltr'>ad</span> <span class='ocrx_word' id='word_1_226' title='bbox 1380 2312 1624 2360; x_wconf 90' lang='lat' dir='ltr'>modicum</span> <span class='ocrx_word' id='word_1_227' title='bbox 1661 2316 1892 2375; x_wconf 80' lang='lat' dir='ltr'>apparet3</span> <span class='ocrx_word' id='word_1_228' title='bbox 1939 2312 2056 2376; x_wconf 89' lang='lat' dir='ltr'>quid</span> 
     </span>
     <span class='ocr_line' id='line_1_27' title="bbox 311 2394 2058 2457; baseline 0.001 -16"><span class='ocrx_word' id='word_1_229' title='bbox 311 2397 475 2441; x_wconf 89' lang='lat' dir='ltr'>autem</span> <span class='ocrx_word' id='word_1_230' title='bbox 506 2398 748 2456; x_wconf 87' lang='lat' dir='ltr'>sequatur,</span> <span class='ocrx_word' id='word_1_231' title='bbox 776 2394 953 2457; x_wconf 90' lang='lat' dir='ltr'>quidve</span> <span class='ocrx_word' id='word_1_232' title='bbox 984 2394 1295 2457; x_wconf 79' lang='lat' dir='ltr'>praecesserit,</span> <span class='ocrx_word' id='word_1_233' title='bbox 1320 2412 1517 2457; x_wconf 88' lang='lat' dir='ltr'>prorsus</span> <span class='ocrx_word' id='word_1_234' title='bbox 1552 2395 1842 2457; x_wconf 86' lang='lat' dir='ltr'>ignoramus.</span> <span class='ocrx_word' id='word_1_235' title='bbox 1913 2394 2058 2443; x_wconf 86' lang='lat' dir='ltr'>Unde</span> 
     </span>
     <span class='ocr_line' id='line_1_28' title="bbox 310 2475 2057 2540; baseline 0 -17"><span class='ocrx_word' id='word_1_236' title='bbox 310 2476 352 2523; x_wconf 90' lang='lat' dir='ltr'>si</span> <span class='ocrx_word' id='word_1_237' title='bbox 375 2475 476 2524; x_wconf 79' lang='lat' dir='ltr'>haec</span> <span class='ocrx_word' id='word_1_238' title='bbox 498 2492 627 2524; x_wconf 87' lang='lat' dir='ltr'>nova</span> <span class='ocrx_word' id='word_1_239' title='bbox 646 2476 864 2524; x_wconf 87' lang='lat' dir='ltr'>doctrina</span> <span class='ocrx_word' id='word_1_240' title='bbox 889 2477 1066 2524; x_wconf 88' lang='lat' dir='ltr'>certius</span> <span class='ocrx_word' id='word_1_241' title='bbox 1085 2476 1270 2540; x_wconf 89' lang='lat' dir='ltr'>aliquid</span> <span class='ocrx_word' id='word_1_242' title='bbox 1289 2477 1471 2536; x_wconf 91' lang='lat' dir='ltr'>attulit,</span> <span class='ocrx_word' id='word_1_243' title='bbox 1497 2478 1668 2525; x_wconf 87' lang='lat' dir='ltr'>merito</span> <span class='ocrx_word' id='word_1_244' title='bbox 1693 2494 1793 2525; x_wconf 88' lang='lat' dir='ltr'>esse</span> <span class='ocrx_word' id='word_1_245' title='bbox 1819 2477 2057 2540; x_wconf 90' lang='lat' dir='ltr'>sequenda</span> 
     </span>
     <span class='ocr_line' id='line_1_29' title="bbox 310 2557 2058 2623; baseline -0.001 -18"><span class='ocrx_word' id='word_1_246' title='bbox 310 2558 532 2606; x_wconf 89' lang='lat' dir='ltr'>videtur.&#39;</span> <span class='ocrx_word' id='word_1_247' title='bbox 593 2558 689 2605; x_wconf 87' lang='lat' dir='ltr'>His</span> <span class='ocrx_word' id='word_1_248' title='bbox 713 2557 891 2606; x_wconf 86' lang='lat' dir='ltr'>similia</span> <span class='ocrx_word' id='word_1_249' title='bbox 915 2563 964 2606; x_wconf 93' lang='lat' dir='ltr'>et</span> <span class='ocrx_word' id='word_1_250' title='bbox 989 2559 1151 2607; x_wconf 84' lang='lat' dir='ltr'>caeteri</span> <span class='ocrx_word' id='word_1_251' title='bbox 1177 2560 1381 2623; x_wconf 88' lang='lat' dir='ltr'>majores</span> <span class='ocrx_word' id='word_1_252' title='bbox 1406 2564 1524 2607; x_wconf 88' lang='lat' dir='ltr'>natu</span> <span class='ocrx_word' id='word_1_253' title='bbox 1560 2576 1613 2607; x_wconf 89' lang='lat' dir='ltr'>ac</span> <span class='ocrx_word' id='word_1_254' title='bbox 1645 2559 1772 2623; x_wconf 84' lang='lat' dir='ltr'>regis</span> <span class='ocrx_word' id='word_1_255' title='bbox 1797 2558 2058 2607; x_wconf 90' lang='lat' dir='ltr'>consiliarii</span> 
     </span>
     <span class='ocr_line' id='line_1_30' title="bbox 312 2640 1257 2705; baseline 0 -17"><span class='ocrx_word' id='word_1_256' title='bbox 312 2640 545 2688; x_wconf 88' lang='lat' dir='ltr'>divinitus</span> <span class='ocrx_word' id='word_1_257' title='bbox 569 2640 806 2688; x_wconf 90' lang='lat' dir='ltr'>admoniti</span> <span class='ocrx_word' id='word_1_258' title='bbox 829 2642 1257 2705; x_wconf 85' lang='lat' dir='ltr'>prosequebantur.</span> 
     </span>
    </p>

    <p class='ocr_par' dir='ltr' id='par_1_4' title="bbox 295 2722 2060 3199">
     <span class='ocr_line' id='line_1_31' title="bbox 295 2722 2058 2787; baseline -0.001 -16"><span class='ocrx_word' id='word_1_259' title='bbox 295 2751 311 2761; x_wconf 49' lang='grc' dir='ltr'>κ</span> <span class='ocrx_word' id='word_1_260' title='bbox 379 2723 573 2785; x_wconf 84' lang='lat' dir='ltr'>Adjecit</span> <span class='ocrx_word' id='word_1_261' title='bbox 607 2728 769 2770; x_wconf 88' lang='lat' dir='ltr'>autem</span> <span class='ocrx_word' id='word_1_262' title='bbox 804 2723 939 2782; x_wconf 74' lang='lat' dir='ltr'>coifi,</span> <span class='ocrx_word' id='word_1_263' title='bbox 967 2724 1081 2787; x_wconf 89' lang='lat' dir='ltr'>quia</span> <span class='ocrx_word' id='word_1_264' title='bbox 1112 2724 1256 2772; x_wconf 90' lang='lat' dir='ltr'>vellet</span> <span class='ocrx_word' id='word_1_265' title='bbox 1291 2724 1452 2787; x_wconf 89' lang='lat' dir='ltr'>ipsum</span> <span class='ocrx_word' id='word_1_266' title='bbox 1486 2723 1747 2771; x_wconf 88' lang='lat' dir='ltr'>Paulinum</span> <span class='ocrx_word' id='word_1_267' title='bbox 1774 2722 2058 2786; x_wconf 87' lang='lat' dir='ltr'>diligentius</span> 
     </span>
     <span class='ocr_line' id='line_1_32' title="bbox 313 2805 2057 2869; baseline -0.002 -14"><span class='ocrx_word' id='word_1_268' title='bbox 313 2806 480 2855; x_wconf 87' lang='lat' dir='ltr'>audire</span> <span class='ocrx_word' id='word_1_269' title='bbox 504 2806 563 2853; x_wconf 87' lang='lat' dir='ltr'>de</span> <span class='ocrx_word' id='word_1_270' title='bbox 588 2805 695 2852; x_wconf 92' lang='lat' dir='ltr'>Deo</span> <span class='ocrx_word' id='word_1_271' title='bbox 720 2822 863 2868; x_wconf 91' lang='lat' dir='ltr'>quem</span> <span class='ocrx_word' id='word_1_272' title='bbox 886 2806 1195 2869; x_wconf 84' lang='lat' dir='ltr'>praedicabat,</span> <span class='ocrx_word' id='word_1_273' title='bbox 1209 2808 1414 2854; x_wconf 89' lang='lat' dir='ltr'>verbum</span> <span class='ocrx_word' id='word_1_274' title='bbox 1438 2806 1706 2854; x_wconf 87' lang='lat' dir='ltr'>facientem.</span> <span class='ocrx_word' id='word_1_275' title='bbox 1778 2805 1924 2865; x_wconf 78' lang='lat' dir='ltr'>Quod</span> <span class='ocrx_word' id='word_1_276' title='bbox 1947 2822 2057 2853; x_wconf 91' lang='lat' dir='ltr'>cum</span> 
     </span>
     <span class='ocr_line' id='line_1_33' title="bbox 310 2887 2055 2952; baseline -0.001 -16"><span class='ocrx_word' id='word_1_277' title='bbox 310 2889 509 2951; x_wconf 84' lang='lat' dir='ltr'>jubente</span> <span class='ocrx_word' id='word_1_278' title='bbox 532 2904 645 2951; x_wconf 85' lang='lat' dir='ltr'>rege</span> <span class='ocrx_word' id='word_1_279' title='bbox 667 2887 858 2947; x_wconf 90' lang='lat' dir='ltr'>faceret,</span> <span class='ocrx_word' id='word_1_280' title='bbox 884 2888 1170 2936; x_wconf 86' lang='lat' dir='ltr'>exclamavit</span> <span class='ocrx_word' id='word_1_281' title='bbox 1202 2889 1381 2937; x_wconf 88' lang='lat' dir='ltr'>auditis</span> <span class='ocrx_word' id='word_1_282' title='bbox 1411 2889 1513 2952; x_wconf 87' lang='lat' dir='ltr'>ejus</span> <span class='ocrx_word' id='word_1_283' title='bbox 1541 2887 1839 2936; x_wconf 83' lang='lat' dir='ltr'>sermonibus</span> <span class='ocrx_word' id='word_1_284' title='bbox 1863 2887 2023 2935; x_wconf 88' lang='lat' dir='ltr'>dicens</span> <span class='ocrx_word' id='word_1_285' title='bbox 2046 2905 2055 2934; x_wconf 72' lang='grc' dir='ltr'>ε</span> 
     </span>
     <span class='ocr_line' id='line_1_34' title="bbox 318 2968 2057 3034; baseline -0.001 -16"><span class='ocrx_word' id='word_1_286' title='bbox 318 2970 382 3019; x_wconf 83' lang='lat' dir='ltr'>‘J</span> <span class='ocrx_word' id='word_1_287' title='bbox 384 2987 461 3017; x_wconf 89' lang='lat' dir='ltr'>am</span> <span class='ocrx_word' id='word_1_288' title='bbox 496 2969 613 3017; x_wconf 90' lang='lat' dir='ltr'>olim</span> <span class='ocrx_word' id='word_1_289' title='bbox 647 2969 978 3018; x_wconf 85' lang='lat' dir='ltr'>intellexeram</span> <span class='ocrx_word' id='word_1_290' title='bbox 1010 2971 1136 3018; x_wconf 91' lang='lat' dir='ltr'>nihil</span> <span class='ocrx_word' id='word_1_291' title='bbox 1160 2987 1260 3018; x_wconf 90' lang='lat' dir='ltr'>esse</span> <span class='ocrx_word' id='word_1_292' title='bbox 1286 2970 1415 3034; x_wconf 92' lang='lat' dir='ltr'>quod</span> <span class='ocrx_word' id='word_1_293' title='bbox 1451 2970 1748 3018; x_wconf 87' lang='lat' dir='ltr'>colebamus:</span> <span class='ocrx_word' id='word_1_294' title='bbox 1787 2968 1902 3033; x_wconf 88' lang='lat' dir='ltr'>quia</span> <span class='ocrx_word' id='word_1_295' title='bbox 1923 2969 2057 3017; x_wconf 90' lang='lat' dir='ltr'>vide-</span> 
     </span>
     <span class='ocr_line' id='line_1_35' title="bbox 321 3091 2060 3145; baseline -0.002 -12"><span class='ocrx_word' id='word_1_296' title='bbox 321 3094 449 3134; x_wconf 76' lang='lat' dir='ltr'>‘coifi</span> <span class='ocrx_word' id='word_1_297' title='bbox 476 3094 510 3132; x_wconf 88' lang='lat' dir='ltr'>is</span> <span class='ocrx_word' id='word_1_298' title='bbox 538 3093 636 3145; x_wconf 85' lang='lat' dir='ltr'>only</span> <span class='ocrx_word' id='word_1_299' title='bbox 653 3106 708 3132; x_wconf 87' lang='lat' dir='ltr'>an</span> <span class='ocrx_word' id='word_1_300' title='bbox 726 3092 1026 3143; x_wconf 82' lang='lat' dir='ltr'>Anglo-Saxon</span> <span class='ocrx_word' id='word_1_301' title='bbox 1044 3092 1159 3132; x_wconf 85' lang='lat' dir='ltr'>nick-</span> <span class='ocrx_word' id='word_1_302' title='bbox 1214 3093 1366 3133; x_wconf 86' lang='lat' dir='ltr'>dialect</span> <span class='ocrx_word' id='word_1_303' title='bbox 1392 3096 1624 3145; x_wconf 86' lang='lat' dir='ltr'>represents</span> <span class='ocrx_word' id='word_1_304' title='bbox 1652 3091 1823 3134; x_wconf 74' lang='lat' dir='ltr'>Cenraed</span> <span class='ocrx_word' id='word_1_305' title='bbox 1849 3091 1895 3131; x_wconf 88' lang='lat' dir='ltr'>in</span> <span class='ocrx_word' id='word_1_306' title='bbox 1923 3091 2060 3130; x_wconf 88' lang='lat' dir='ltr'>West-</span> 
     </span>
     <span class='ocr_line' id='line_1_36' title="bbox 303 3145 2059 3199; baseline -0.002 -11"><span class='ocrx_word' id='word_1_307' title='bbox 303 3162 440 3189; x_wconf 42' lang='lat' dir='ltr'>aname</span> <span class='ocrx_word' id='word_1_308' title='bbox 476 3148 522 3188; x_wconf 86' lang='lat' dir='ltr'>of</span> <span class='ocrx_word' id='word_1_309' title='bbox 547 3161 644 3199; x_wconf 86' lang='lat' dir='ltr'>easy</span> <span class='ocrx_word' id='word_1_310' title='bbox 673 3147 929 3187; x_wconf 80' lang='lat' dir='ltr'>translation.</span> <span class='ocrx_word' id='word_1_311' title='bbox 952 3178 960 3187; x_wconf 90' lang='lat'><em>.</em></span> <span class='ocrx_word' id='word_1_312' title='bbox 992 3178 1001 3186; x_wconf 93' lang='lat'><em>.</em></span> <span class='ocrx_word' id='word_1_313' title='bbox 1034 3177 1043 3186; x_wconf 93' lang='lat'><strong>.</strong></span> <span class='ocrx_word' id='word_1_314' title='bbox 1071 3148 1160 3186; x_wconf 89' lang='lat' dir='ltr'>The</span> <span class='ocrx_word' id='word_1_315' title='bbox 1215 3148 1363 3188; x_wconf 80' lang='lat' dir='ltr'>Saxon.</span> <span class='ocrx_word' id='word_1_316' title='bbox 1419 3149 1464 3188; x_wconf 91' lang='lat' dir='ltr'>It</span> <span class='ocrx_word' id='word_1_317' title='bbox 1500 3149 1536 3187; x_wconf 84' lang='lat' dir='ltr'>is</span> <span class='ocrx_word' id='word_1_318' title='bbox 1574 3161 1629 3187; x_wconf 87' lang='lat' dir='ltr'>an</span> <span class='ocrx_word' id='word_1_319' title='bbox 1664 3146 1870 3198; x_wconf 85' lang='lat' dir='ltr'>adjective</span> <span class='ocrx_word' id='word_1_320' title='bbox 1902 3145 2059 3185; x_wconf 87' lang='lat' dir='ltr'>formed</span> 
     </span>
    </p>
   </div>
   <div class='ocr_carea' id='block_1_3' title="bbox 318 3200 2060 3311">
    <p class='ocr_par' dir='ltr' id='par_1_5' title="bbox 318 3200 2060 3311">
     <span class='ocr_line' id='line_1_37' title="bbox 320 3200 2060 3255; baseline -0.002 -13"><span class='ocrx_word' id='word_1_321' title='bbox 320 3203 434 3243; x_wconf 88' lang='lat' dir='ltr'>word</span> <span class='ocrx_word' id='word_1_322' title='bbox 452 3203 487 3242; x_wconf 88' lang='lat' dir='ltr'>is</span> <span class='ocrx_word' id='word_1_323' title='bbox 505 3203 744 3255; x_wconf 85' lang='lat' dir='ltr'>equivalent</span> <span class='ocrx_word' id='word_1_324' title='bbox 761 3206 806 3241; x_wconf 86' lang='lat' dir='ltr'>to</span> <span class='ocrx_word' id='word_1_325' title='bbox 821 3202 959 3252; x_wconf 84' lang='lat' dir='ltr'>Ooefig</span> <span class='ocrx_word' id='word_1_326' title='bbox 977 3215 1022 3240; x_wconf 90' lang='lat' dir='ltr'>or</span> <span class='ocrx_word' id='word_1_327' title='bbox 1034 3202 1161 3253; x_wconf 72' lang='lat' dir='ltr'>Gefig,</span> <span class='ocrx_word' id='word_1_328' title='bbox 1213 3202 1318 3241; x_wconf 82' lang='lat' dir='ltr'>from</span> <span class='ocrx_word' id='word_1_329' title='bbox 1355 3202 1431 3250; x_wconf 65' lang='lat' dir='ltr'>ces,</span> <span class='ocrx_word' id='word_1_330' title='bbox 1473 3204 1498 3223; x_wconf 90' lang='lat'><strong><em>“</em></strong></span> <span class='ocrx_word' id='word_1_331' title='bbox 1512 3200 1744 3247; x_wconf 74' lang='lat' dir='ltr'>strenuus‚’&#39;</span> <span class='ocrx_word' id='word_1_332' title='bbox 1779 3201 1861 3240; x_wconf 84' lang='lat' dir='ltr'>and</span> <span class='ocrx_word' id='word_1_333' title='bbox 1902 3201 2060 3255; x_wconf 81' lang='lat' dir='ltr'>merely</span> 
     </span>
     <span class='ocr_line' id='line_1_38' title="bbox 318 3254 2043 3311; baseline 0 -14"><span class='ocrx_word' id='word_1_334' title='bbox 318 3260 408 3311; x_wconf 86' lang='lat' dir='ltr'>just</span> <span class='ocrx_word' id='word_1_335' title='bbox 419 3258 658 3299; x_wconf 83' lang='lat' dir='ltr'>asCoinraed</span> <span class='ocrx_word' id='word_1_336' title='bbox 667 3258 710 3297; x_wconf 90' lang='lat' dir='ltr'>in</span> <span class='ocrx_word' id='word_1_337' title='bbox 721 3256 790 3298; x_wconf 85' lang='lat' dir='ltr'>the</span> <span class='ocrx_word' id='word_1_338' title='bbox 798 3257 841 3297; x_wconf 91' lang='lat' dir='ltr'>N</span> <span class='ocrx_word' id='word_1_339' title='bbox 845 3257 1160 3297; x_wconf 85' lang='lat' dir='ltr'>orthhumbrian</span> <span class='ocrx_word' id='word_1_340' title='bbox 1215 3257 1384 3298; x_wconf 84' lang='lat' dir='ltr'>denotes</span> <span class='ocrx_word' id='word_1_341' title='bbox 1403 3258 1474 3298; x_wconf 83' lang='lat' dir='ltr'>the</span> <span class='ocrx_word' id='word_1_342' title='bbox 1495 3260 1522 3279; x_wconf 91' lang='lat'><strong>“</strong></span> <span class='ocrx_word' id='word_1_343' title='bbox 1534 3256 1630 3297; x_wconf 91' lang='lat' dir='ltr'>bold</span> <span class='ocrx_word' id='word_1_344' title='bbox 1647 3270 1693 3296; x_wconf 87' lang='lat' dir='ltr'>or</span> <span class='ocrx_word' id='word_1_345' title='bbox 1711 3256 1844 3296; x_wconf 86' lang='lat' dir='ltr'>active</span> <span class='ocrx_word' id='word_1_346' title='bbox 1864 3254 1980 3297; x_wconf 84' lang='lat' dir='ltr'>onc.&#39;&#39;</span> <span class='ocrx_word' id='word_1_347' title='bbox 1994 3254 2004 3271; x_wconf 94' lang='lat'>‘</span> <span class='ocrx_word' id='word_1_348' title='bbox 2041 3263 2043 3265; x_wconf 82' lang='grc'><strong>’</strong></span> 
     </span>
    </p>
   </div>
  </div>
 </body>
</html>
