2216 3554
148 198 269 249 GAP.
291 196 480 266 XXVII]
778 195 942 246 Gentis
977 194 1262 259 Anylorum.
1834 197 1898 244 6⁷

146 331 363 395 concepit
408 347 486 379 me
532 331 687 378 mater
732 327 881 376 mea.’'
966 327 1064 388 Qui
1114 327 1245 375 enim
1292 326 1345 374 in
1392 326 1739 390 iniquitatibus
1787 344 1900 375 con-

95 463 99 467 ,
145 420 339 477 ceptum
374 431 423 462 se
458 417 669 471 noverat,
706 428 735 459 a
771 410 946 458 delicto
982 427 1032 459 se
1067 416 1238 458 natum
1276 410 1524 473 gemebat:
1580 410 1693 473 quia
1734 415 1899 472 portat

145 495 199 542 in
246 512 380 544 ramo
427 495 674 542 humorem
707 493 831 551 vitii,
871 509 1015 556 quem
1062 492 1215 540 traxit
1260 509 1320 540 ex
1367 492 1540 540 radice.
1613 491 1676 538 In
1723 492 1899 554 quibus

144 585 307 626 tamen
330 578 488 626 verbis
519 594 614 624 non
638 575 990 624 admixtionem
1024 577 1284 638 conjugum
1321 574 1631 638 iniquitatem
1664 574 1898 633 nominat,

145 660 230 708 sed
288 659 442 723 ipsam
488 659 714 707 videlicet
760 658 1060 721 voluptatem
1115 657 1446 708 admixtionis,
1540 657 1667 706 Sunt
1720 657 1899 705 etenim

144 743 300 791 multa
345 759 454 805 quae
500 741 634 789 licita
678 741 950 804 probantur
996 757 1097 788 esse
1149 758 1204 789 ac
1260 740 1490 804 legitima,
1538 746 1587 788 et
1635 745 1799 788 tamen
1846 740 1900 789 in

143 842 309 872 eorum
340 829 450 872 actu
487 823 789 887 aliquatenus
823 823 1063 871 foedamur
1080 839 1093 884 3
1139 823 1265 872 sicut
1296 840 1421 886 saepe
1452 823 1702 871 irascendo
1732 823 1900 886 culpas

141 906 455 970 insequimur,
498 912 546 954 et
586 905 991 970 tranquillitatem
1033 906 1086 953 in
1133 905 1273 954 nobis
1319 905 1474 954 animi
1520 906 1896 969 perturbamus:

141 994 190 1037 et
231 1006 339 1037 cum
379 994 565 1036 rectum
607 988 671 1036 sit
712 989 842 1052 quod
888 989 1066 1052 agitur,
1108 1006 1206 1036 non
1254 993 1330 1037 est
1376 993 1539 1036 tamen
1586 989 1900 1052 adprobabile

141 1071 270 1134 quod
309 1071 362 1118 in
400 1088 456 1119 eo
494 1071 685 1119 animus
726 1072 1056 1134 perturbatur.
1129 1071 1314 1120 Contra
1355 1071 1480 1119 vitia
1521 1071 1702 1135 quippe
1744 1071 1899 1119 delin-

140 1154 390 1218 quentium
431 1154 586 1201 iratus
627 1154 786 1202 fuerat
827 1153 912 1218 qui
953 1154 1201 1215 dicebat13
1252 1154 1542 1202 “Turbatus
1578 1159 1653 1202 est
1690 1172 1789 1218 prae
1826 1154 1900 1202 ira

141 1236 307 1285 oculus
354 1235 533 1285 meuS.”
605 1237 733 1298 Quia
769 1237 898 1285 enim
934 1254 1033 1285 non
1068 1238 1199 1286 valet
1240 1236 1336 1284 nisi
1372 1237 1641 1300 tranquilla
1676 1254 1810 1285 mens
1847 1237 1899 1284 in

140 1319 562 1382 contemplationis
609 1336 659 1367 se
707 1319 863 1367 lucem
912 1321 1220 1383 suspendere,
1267 1320 1320 1367 in
1372 1319 1446 1367 ira
1502 1337 1646 1367 suum
1705 1321 1899 1368 oculum

140 1402 393 1449 turbatum
434 1401 655 1449 dolebat:
707 1401 822 1464 quia
863 1402 981 1450 dum
1024 1403 1149 1451 male
1191 1408 1298 1451 acta
1341 1403 1567 1450 deorsum
1610 1402 1898 1466 insequitur,

140 1483 370 1531 confundi
405 1490 550 1547 atque
582 1484 767 1532 turbari
795 1502 824 1532 a
848 1501 1150 1534 summorum
1186 1485 1589 1548 contemplatione
1622 1486 1897 1548 cogebatur.

141 1565 208 1614 Et
231 1566 485 1614 laudabilis
522 1584 638 1630 ergo
671 1571 744 1615 est
774 1567 848 1616 ira
881 1572 1048 1615 contra
1071 1568 1262 1627 vitium,
1288 1574 1336 1616 et
1361 1574 1526 1618 tamen
1559 1568 1776 1626 molesta,
1802 1584 1899 1631 qua

139 1649 389 1697 turbatum
436 1666 486 1697 se
532 1650 743 1713 aliquem
785 1656 974 1698 reatum
1023 1650 1287 1699 incurrisse
1333 1651 1618 1699 aestimabat.
1691 1651 1899 1713 Oportet

139 1731 302 1794 itaque
348 1732 618 1795 legitimam
674 1732 831 1780 carnis
882 1733 1120 1796 copulam,
1170 1739 1226 1781 ut
1282 1750 1424 1781 causa
1469 1733 1620 1796 prolis
1669 1732 1746 1793 sit,
1799 1750 1898 1781 non

138 1814 431 1877 voluptatis3
491 1819 541 1863 et
587 1815 745 1862 earnis
792 1815 1090 1875 commixtio,
1140 1816 1458 1864 creandorum
1505 1816 1774 1863 liberorum
1832 1816 1899 1864 sit

137 1897 308 1960 gratia,
345 1914 442 1944 non
478 1897 742 1945 satisfactio
766 1897 1012 1946 vitiorum.
1087 1898 1140 1946 Si
1176 1898 1284 1962 quis
1319 1916 1435 1946 vero
1470 1915 1607 1946 suam
1644 1901 1897 1962 conjugem

138 1996 235 2027 non
280 1980 506 2043 cupidine
551 1981 817 2043 voluptatis
865 1988 1050 2044 raptus,
1100 1982 1183 2029 sed
1230 1981 1531 2029 solummodo
1579 1983 1897 2030 creandorum

137 2062 402 2111 liberorum
434 2063 592 2126 gratia
623 2064 798 2122 utitur,
825 2063 917 2112 iste
954 2065 1169 2128 profecto
1195 2064 1297 2113 sive
1333 2065 1392 2112 de
1423 2064 1643 2128 ingressu
1670 2065 1896 2124 ecclesiae,

138 2162 219 2194 seu
254 2145 314 2193 de
349 2146 580 2194 sumendo
617 2146 863 2194 Dominici
899 2147 1114 2211 corporis
1148 2148 1496 2211 sanguinisque
1532 2148 1775 2211 mysterio,
1808 2164 1897 2196 suo

137 2233 209 2276 est
245 2227 428 2291 judicio
469 2228 842 2291 relinquendus3
902 2229 1015 2293 quia
1056 2247 1085 2278 a
1126 2230 1265 2278 nobis
1313 2231 1559 2294 prohiberi
1607 2248 1705 2279 non
1752 2231 1897 2279 debet

139 2310 366 2374 accipere,
409 2309 494 2374 qui
534 2310 585 2357 in
627 2311 739 2374 igne
780 2312 968 2375 positus
1004 2314 1156 2362 nescit
1202 2314 1384 2362 ardere.
1471 2314 1596 2363 Cum
1636 2331 1751 2363 vero
1799 2330 1897 2361 non

138 2409 272 2440 amor
312 2393 504 2440 ortandi
542 2393 734 2454 soboliS‚
779 2395 861 2443 sed
896 2395 1123 2459 voluptas
1164 2396 1446 2445 dominatur
1485 2397 1536 2444 in
1578 2414 1719 2460 opere
1765 2414 1895 2444 com-

139 2474 420 2523 mixtionis:
469 2476 650 2524 habent
691 2479 917 2541 conjuges
961 2479 1108 2527 etiam
1150 2479 1210 2526 de
1258 2496 1344 2527 sua
1386 2479 1730 2527 commixtione
1766 2479 1896 2543 quod

137 2556 356 2605 defleant.
428 2560 539 2607 Hoc
575 2560 702 2607 enim
739 2560 807 2608 eis
843 2561 1064 2609 concedit
1100 2566 1263 2610 sancta
1298 2563 1579 2626 praedicatio
1598 2581 1612 2624 3
1651 2567 1700 2610 et
1733 2569 1896 2611 tamen

138 2639 198 2687 de
231 2639 338 2702 ipsa
374 2642 672 2689 concessione
697 2649 830 2690 metu
859 2644 1072 2692 animum
1103 2645 1333 2694 concutit.
1406 2646 1535 2694 Nam
1572 2663 1679 2694 cum
1708 2645 1896 2693 Paulus
1934 2674 1936 2681 ν

138 2721 399 2785 Apostolus
414 2723 594 2772 diceret
608 2721 650 2773 2:
691 2729 718 2751 “
736 2725 834 2785 Qui
853 2743 901 2773 se
921 2727 1170 2775 continere
1191 2745 1285 2775 non
1304 2734 1479 2791 potest,
1496 2729 1672 2776 habeat
1692 2744 1896 2775 uxorem

137 2803 341 2865 suam;'’
378 2805 542 2852 statim
562 2806 852 2869 subjungere
871 2808 1108 2856 curavit⁸z
1149 2809 1297 2857 “Hoc
1322 2817 1482 2857 autem
1503 2810 1609 2858 dico
1630 2810 1895 2858 secundum

138 2885 504 2949 indulgentiam,
530 2905 626 2935 non
651 2890 914 2938 secundum
937 2891 1241 2954 imperium.''
1313 2893 1427 2940 Non
1459 2893 1590 2941 enim
1616 2893 1894 2955 indulgetur

138 2968 269 3031 quod
315 2968 442 3028 licet,
491 2969 606 3032 quia
645 2970 838 3034 justum
885 2978 970 3020 est.
1064 2975 1207 3035 Quod
1254 2975 1407 3040 igitur
1452 2977 1702 3039 indulgere
1750 2974 1891 3032 dixit,

140 3050 330 3114 culpam
371 3068 473 3099 esse
508 3052 873 3102 demonstravit.
945 3056 1190 3121 Vigilanti
1230 3076 1346 3107 vero
1389 3068 1551 3107 mente
1592 3056 1892 3122 pensandum

140 3138 225 3192 est,
251 3133 382 3197 quod
417 3133 469 3181 in
501 3133 619 3183 Sina
643 3139 806 3184 monte
839 3135 1081 3189 Dominus
1099 3142 1167 3200 ¹ad
1198 3142 1435 3206 populum
1467 3143 1731 3197 locuturus,
1757 3137 1894 3201 prius

247 3227 262 3252 ¹
289 3229 467 3283 dicebat]
491 3230 560 3272 ΡΒ.
582 3229 637 3270 vi.
662 3238 706 3282 7.,
1262 3239 1278 3263 ³
1307 3238 1483 3291 curavit]
1509 3248 1526 3276 1
1551 3238 1643 3277 Cor.
1667 3249 1706 3276 v.
1729 3233 1767 3275 6.

646 3285 662 3309 ²
690 3286 856 3342 diceret]
883 3300 901 3328 1
926 3290 1017 3331 Cor.
1042 3292 1109 3334 vii.
1132 3306 1180 3344 23
1210 3293 1261 3335 cf.
1281 3308 1320 3336 v.
1344 3307 1384 3348 9.

973 3362 1057 3398 ἘΖ
