2216 3554
380 213 475 260 196
956 209 1186 259 Historia
1222 209 1554 259 Ecclesiastica
1896 205 2030 277 [Lm.
2048 223 2126 256 111.

373 342 537 404 tionis,
573 341 702 390 unde
736 340 933 390 initium
968 341 1183 402 haberet,
1219 342 1296 390 vel
1332 357 1428 405 qua
1463 339 1593 388 hunc
1633 340 1924 389 auctoritate
1959 357 2125 404 seque-

373 430 519 476 retur.
591 424 867 488 Respondit
901 423 1247 487 Agilberctus:
1297 428 1310 450 ‘
1325 424 1588 487 Loquatur,
1625 423 1837 482 obsecro,
1877 423 1983 472 vice
2021 440 2126 471 mea

374 508 643 572 discipulus
683 523 818 555 meus
851 507 1038 558 Vilfrid
1076 507 1342 571 presbyter,
1382 505 1499 569 quia
1535 522 1688 552 unum
1729 500 1872 554 ambo
1910 505 2131 569 sapimus

373 606 483 638 cum
506 589 699 658 caeteris·
717 589 801 653 qui
823 588 904 637 hic
927 589 1149 637 adsident
1171 588 1504 647 ecclesiasticae
1521 586 1799 635 traditionis
1823 587 2092 636 cultoribus
2107 603 2123 645 3

373 679 423 721 et
451 672 536 720 ille
563 671 738 720 melius
767 687 822 719 ac
853 670 1159 719 manifestius
1190 671 1298 733 ipsa
1334 670 1504 733 lingua
1527 668 1820 732 Anglorum,
1855 686 2001 733 quam
2035 685 2125 732 ego

372 771 462 820 per
484 754 819 818 interpretem,
843 757 1005 816 potest
1027 753 1286 816 explanare
1311 769 1421 815 quae
1454 751 1714 801 sentimus!
1783 751 1922 800 Tunc
1944 751 2126 799 Vilfrid

509 883 516 890 ,
572 883 580 890 ,
707 835 909 899 jubente
943 851 1058 898 rege
1096 839 1150 883 ut
1184 835 1377 894 diceret,
1415 834 1487 882 ita
1521 851 1721 883 exorsus
1755 839 1859 882 est:
1911 839 1922 859 ‘
1938 834 2126 882 Pascha

414 882 674 974 suypldiltzqgltlhe
716 917 847 980 quod
881 917 1116 976 facimus,'
1153 917 1333 980 inquit,
1373 916 1613 964 ‘vidimus
1654 916 1829 965 Romae
1869 916 1956 964 ubi
1994 916 2125 965 beati

457 982 619 1030 Roman.
713 999 922 1062 apostoli
967 999 1138 1047 Petrus
1179 1005 1227 1047 et
1273 998 1457 1047 Paulus
1503 998 1683 1058 vixere,
1731 998 1948 1059 docuere,
1996 999 2126 1063 passi

372 1088 489 1132 sunt
529 1087 578 1131 et
619 1082 813 1145 sepulti,
855 1083 914 1129 ab
956 1081 1181 1129 omnibus
1223 1081 1482 1130 celebrari:
1532 1081 1621 1129 hoc
1657 1082 1709 1129 in
1749 1081 1911 1142 Italia,
1948 1082 2038 1131 hoc
2073 1083 2125 1131 in

372 1163 549 1222 Gallia,
575 1181 693 1227 quas
722 1163 938 1211 discendi
969 1163 1047 1211 vel
1083 1163 1252 1210 orandi
1280 1163 1442 1211 studio
1476 1163 1895 1226 pertransivimus,
1928 1166 1989 1214 ab
2022 1182 2124 1214 om-

372 1249 516 1296 nibus
551 1247 630 1311 agi
665 1246 1032 1310 conspeximus:
1069 1246 1158 1294 hoc
1190 1244 1424 1303 Africam,
1451 1243 1641 1306 Asiam,
1669 1246 1956 1310 AEgyptum,
1991 1247 2125 1298 Grae-

372 1330 510 1390 ciam,
551 1333 601 1377 et
642 1345 837 1376 omnem
877 1329 1058 1387 orbem,
1106 1344 1411 1392 quacumque
1457 1328 1645 1377 Christi
1691 1329 1911 1378 Ecclesia
1951 1330 2126 1379 diffusa

371 1420 460 1473 est,
482 1430 570 1477 per
593 1412 807 1460 diversas
825 1411 1045 1460 nationes
1070 1416 1122 1459 et
1143 1411 1348 1475 linguas,
1367 1428 1466 1459 uno
1491 1428 1546 1460 ac
1569 1429 1667 1460 non
1684 1412 1874 1460 diverso
1891 1412 2124 1476 temporis

373 1495 542 1544 ordine
564 1511 731 1558 gerere
754 1494 1105 1558 comperimus:
1143 1497 1322 1557 praeter
1352 1493 1442 1542 hos
1466 1498 1674 1554 tantum,
1702 1501 1751 1544 et
1784 1495 2124 1544 obstinationis

371 1595 540 1626 eorum
558 1578 830 1641 complices,
851 1578 1011 1625 Pictos
1034 1577 1142 1625 dico
1167 1581 1217 1625 et
1239 1577 1509 1636 BrettoneS,
1531 1594 1642 1625 cum
1666 1577 1842 1640 quibus
1860 1577 1920 1625 de
1938 1578 2125 1626 duabus

371 1661 560 1709 ultimis
585 1661 749 1710 oceani
774 1660 960 1720 insulis,
980 1663 1029 1708 et
1051 1660 1127 1707 his
1151 1677 1249 1708 non
1268 1659 1401 1718 totis,
1420 1666 1588 1708 contra
1606 1665 1765 1708 totum
1785 1660 1950 1708 orbem
1969 1660 2124 1709 stulto

370 1744 534 1792 labore
557 1743 810 1808 pugnant!
858 1743 952 1792 Cui
976 1743 1079 1791 haec
1103 1742 1284 1790 dicenti
1309 1742 1561 1806 respondit
1586 1742 1870 1791 Colmanus:
1910 1747 1922 1768 ‘
1939 1743 2123 1791 Mirum

371 1843 520 1891 quare
558 1827 764 1875 stultum
800 1825 1043 1889 appellare
1074 1824 1237 1872 velitis
1273 1824 1486 1872 laborem
1520 1828 1753 1883 nostrum,
1783 1824 1835 1871 in
1869 1842 1962 1889 quo
1994 1827 2124 1873 tanti

372 1909 579 1973 apostoli
603 1909 688 1972 qui
713 1925 858 1971 super
874 1912 1043 1971 pectus
1062 1906 1263 1955 Domini
1279 1907 1557 1954 recumbere
1581 1907 1757 1971 dignus
1775 1908 1883 1967 fuit,
1903 1909 2124 1972 exempla

371 1997 613 2041 sectamur
629 2007 644 2051 3
704 2007 814 2038 cum
872 1990 1034 2053 ipsum
1088 1989 1442 2053 sapientissime
1487 1989 1666 2038 vixisse
1712 1990 1868 2039 omnis
1914 1991 2124 2039 mundus

371 2071 596 2123 noverit.'
669 2072 739 2120 At
762 2072 1021 2131 Vilfridus,
1047 2076 1059 2099 ‘
1073 2072 1251 2128 Absit‚’
1276 2072 1452 2135 inquit,
1479 2077 1491 2098 ‘
1510 2077 1568 2119 ut
1592 2073 1624 2119 J
1628 2073 1867 2120 ohannem
1900 2074 2123 2122 stultitiae

371 2155 792 2219 reprehendamus,
820 2171 930 2202 cum
962 2154 1081 2202 scita
1105 2155 1226 2217 legis
1260 2154 1486 2203 Mosaicae
1507 2154 1650 2218 juxta
1677 2155 1869 2203 literam
1892 2161 2123 2216 servaret,

361 2238 645 2303 judaizante
691 2237 849 2285 adhuc
904 2236 958 2284 in
1005 2237 1175 2285 multis
1221 2237 1449 2296 Ecclesia,
1498 2254 1587 2285 nec
1640 2238 1802 2286 subito
1853 2239 2124 2287 valentibus

370 2320 602 2384 apostolis
639 2337 830 2367 omnem
863 2319 982 2383 legis
1015 2320 1372 2368 observantiam
1413 2337 1521 2383 quae
1562 2336 1591 2368 a
1628 2320 1734 2368 Deo
1773 2320 2000 2369 instituta
2033 2326 2123 2382 est,

371 2403 610 2451 abdicare.
685 2402 938 2463 Quomodo
964 2401 1221 2451 simulacra
1253 2419 1360 2466 quae
1385 2419 1413 2450 a
1438 2403 1738 2451 daemonibus
1762 2403 1962 2452 inventa
1993 2408 2121 2463 sunt,

370 2485 624 2549 repudiare
660 2501 824 2533 omnes
866 2485 951 2548 qui
987 2485 1049 2532 ad
1083 2484 1228 2533 fidem
1262 2485 1478 2544 veniunt,
1515 2502 1703 2534 necesse
1746 2490 1848 2535 est:
1897 2486 2123 2535 videlicet

371 2585 433 2616 ne
457 2568 738 2616 scandalum
762 2567 974 2615 facerent
998 2568 1066 2615 eis
1090 2567 1175 2631 qui
1209 2567 1338 2615 inter
1360 2573 1529 2630 gentes
1558 2574 1697 2617 erant
1719 2569 1749 2616 J
1753 2569 1918 2618 udaeis.
1989 2568 2122 2617 Hinc

371 2655 446 2699 est
470 2649 600 2697 enim
625 2650 755 2713 quod
788 2649 972 2697 Paulus
1006 2650 1318 2698 Timotheum
1351 2650 1665 2709 circumcidit,
1693 2651 1823 2714 quod
1853 2651 2036 2699 hostias
2067 2651 2120 2698 in

371 2734 554 2796 templo
579 2732 865 2791 immolavit,
891 2732 1021 2796 quod
1045 2749 1154 2780 cum
1178 2732 1360 2796 Aquila
1391 2737 1441 2781 et
1466 2733 1686 2781 Priscilla
1719 2737 1864 2797 caput
1897 2733 2121 2782 Corinthi

370 2816 615 2864 totondit:
653 2815 715 2863 ad
747 2814 869 2861 nihil
898 2815 1125 2863 videlicet
1155 2815 1291 2875 utile,
1327 2815 1423 2863 nisi
1458 2817 1520 2863 ad
1551 2817 1833 2864 scandalum
1865 2817 2119 2865 vitandum

371 2899 409 2949 J
411 2899 673 2947 udaeorum.
743 2896 877 2945 Hinc
913 2898 1043 2961 quod
1084 2897 1239 2946 eidem
1278 2897 1434 2946 Paulo
1474 2898 1513 2947 J
1513 2900 1688 2947 acobus
1728 2899 1857 2947 ait¹:
1912 2904 1941 2926 “
1956 2900 2118 2957 Vides,
2206 2955 2209 2957 Α

371 2983 537 3042 frater,
567 2985 686 3044 quot
714 2978 868 3027 millia
900 2986 1014 3028 sunt
1048 2980 1099 3027 in
1135 2981 1167 3028 J
1171 2980 1324 3029 udaeis
1360 2980 1446 3044 qui
1482 2981 1824 3030 crediderunt?
1870 2987 1920 3030 et
1954 2999 2118 3031 omnes
2197 3044 2209 3059 ‚-

371 3065 425 3112 hi
461 3063 764 3113 aemulatores
799 3067 913 3110 sunt
949 3061 1108 3124 legis.”
1179 3062 1284 3111 Nec
1318 3066 1482 3112 tamen
1523 3063 1666 3112 hodie
1701 3065 1989 3112 clarescente
2028 3080 2118 3128 per

372 3146 608 3196 mundum
638 3143 886 3207 evangelio
915 3161 1104 3193 necesse
1138 3150 1226 3206 est,
1256 3145 1406 3193 immo
1442 3163 1530 3195 nec
1561 3147 1752 3196 licitum
1783 3146 2006 3195 fidelibus
2038 3147 2116 3195 vel

1023 3282 1146 3338 fait]
1164 3284 1271 3324 Acts
1290 3283 1376 3326 xxi.
1396 3296 1460 3326 20.
