2216 3554
319 135 346 178 3
357 134 376 177 1
387 134 415 178 O
893 130 1124 180 Historia
1158 130 1498 179 Ecclesiastica
1861 133 1995 198 [Lm.
2010 150 2060 184 v.

318 260 536 324 sumpsit.
628 260 769 311 Passi
783 262 799 290 ¹
847 269 962 311 sunt
1007 268 1168 311 autem
1214 262 1405 327 praefati
1461 262 1729 311 sacerdotes
1787 268 1836 312 et
1893 265 2062 314 famuli

317 342 514 403 Christi,
541 343 712 407 quinto
735 362 971 393 nonarum
997 344 1286 394 Octobrium
1310 345 1399 392 die.

383 426 490 474 Nec
525 426 758 490 martyrio
795 443 961 474 eorum
997 426 1206 475 caelestia
1239 427 1436 474 defuere
1472 426 1713 474 miracula.
1785 427 1913 476 Nam
1949 445 2060 476 cum

312 512 560 571 perempta
601 525 765 556 eorum
807 525 1008 571 corpora
1047 508 1195 568 amni,
1236 514 1293 556 ut
1334 508 1561 567 diximus,
1602 525 1631 555 a
1667 510 1866 572 paganis
1904 515 2062 559 essent

312 591 501 654 injecta,
526 591 732 654 contigit
765 597 822 640 ut
856 592 960 640 haec
995 597 1163 639 contra
1198 591 1433 654 impetum
1469 591 1607 639 fluvii
1639 591 1950 651 decurrentis,
1974 610 2062 656 per

313 673 636 737 quadraginta
658 675 755 722 fere
788 673 941 721 millia
976 689 1219 736 passuum,
1244 673 1306 721 ad
1341 690 1397 721 ea
1431 689 1584 735 usque
1618 674 1722 720 loca
1748 673 1832 720 ubi
1867 674 2060 724 illorum

312 760 448 803 erant
490 757 619 816 socii,
657 757 1047 804 transferrentur.
1122 755 1219 803 Sed
1261 758 1312 803 et
1357 755 1522 803 radius
1569 755 1688 803 lucis
1733 756 2060 819 permaximus

311 842 456 901 atque
491 838 553 886 ad
587 839 757 887 caelum
780 855 933 902 usque
967 839 1098 886 altus
1133 838 1265 886 omni
1300 843 1440 885 nocte
1474 854 1620 900 supra
1652 838 1814 886 10011111
1842 839 2061 902 fulgebat

310 919 451 968 illum
476 921 768 984 ubicumque
793 938 848 968 ea
872 921 1143 983 pervenisse
1166 920 1482 983 contingeret,
1503 925 1551 969 et
1573 921 1665 968 hoc
1688 921 1834 968 etiam
1857 923 2060 985 paganis

311 1004 396 1067 qui
431 1021 510 1051 eos
546 1003 816 1051 occiderant
851 1003 1167 1051 intuentibus.
1239 1003 1335 1052 Sed
1367 1006 1416 1050 et
1439 1020 1566 1051 unus
1601 1019 1662 1051 ex
1697 1004 1764 1052 eis
1799 1003 1851 1051 in
1874 1004 2059 1054 visione

309 1090 546 1134 nocturna
571 1086 797 1148 apparuit
822 1085 1012 1133 cuidam
1038 1085 1098 1133 de
1122 1085 1262 1133 sociis
1287 1084 1400 1144 suis,
1426 1085 1503 1132 cui
1528 1102 1702 1133 nomen
1727 1090 1831 1134 erat
1855 1087 2057 1148 Tilmon,

308 1167 412 1214 viro
450 1168 639 1226 illustri,
666 1171 716 1215 et
751 1167 812 1214 ad
848 1167 1077 1214 saeculum
1102 1183 1292 1231 quoque
1329 1166 1494 1226 nobili,
1521 1167 1606 1230 qui
1629 1168 1688 1216 de
1723 1168 1879 1218 milite
1902 1170 2058 1219 factus

307 1252 466 1298 fuerat
498 1250 760 1298 monachus
777 1266 789 1309 ;
838 1249 1056 1297 indicans
1088 1250 1219 1314 quod
1251 1266 1305 1298 eo
1339 1249 1433 1298 loci
1465 1266 1664 1312 corpora
1698 1268 1862 1299 eorum
1894 1258 2058 1316 posset

307 1332 537 1392 invenire,
563 1331 648 1379 ubi
680 1332 835 1380 lucem
867 1332 926 1380 de
959 1331 1074 1381 caelo
1111 1332 1252 1380 terris
1287 1332 1498 1380 radiasse
1534 1332 1843 1396 conspiceret.
1915 1335 2057 1396 Quod

305 1414 376 1462 ita
422 1414 714 1478 completum
761 1418 847 1462 est.
936 1414 1144 1462 Inventa
1190 1431 1400 1477 namque
1448 1431 1615 1462 eorum
1662 1431 1862 1479 corpora
1914 1419 2057 1482 juxta

304 1497 535 1545 honorem
559 1497 853 1560 martyribus
879 1497 1172 1560 condignum
1195 1497 1444 1545 recondita
1467 1502 1596 1556 sunt,
1623 1503 1672 1546 et
1695 1498 1796 1546 dies
1820 1499 2056 1562 passionis

304 1580 380 1627 vel
415 1579 709 1627 inventionis
751 1596 919 1627 eorum
954 1596 1170 1643 congrua
1211 1579 1309 1628 illis
1349 1580 1401 1627 in
1441 1580 1561 1629 locis
1595 1580 1902 1629 veneratione
1937 1582 2055 1629 cele‘-

302 1664 482 1710 bratur.
544 1661 768 1725 Denique
791 1662 1164 1725 gloriosissimus
1189 1662 1290 1711 dux
1308 1662 1608 1710 Francorum
1633 1663 1826 1727 Pippin,
1845 1663 1930 1711 ubi
1953 1664 2055 1712 haec

302 1743 550 1807 comperit,
576 1743 709 1792 misit
745 1747 794 1792 et
828 1744 1037 1793 adducta
1071 1745 1133 1792 ad
1169 1761 1218 1792 se
1254 1761 1420 1792 eorum
1455 1761 1655 1808 corpora
1689 1745 1907 1794 condidit
1941 1763 2054 1795 cum

302 1828 454 1876 multa
502 1828 655 1891 gloria
701 1828 751 1875 in
807 1828 1036 1876 ecclesia2
1085 1828 1302 1877 Coloniae
1349 1828 1574 1888 civitatis,
1617 1831 1760 1892 juxta
1805 1830 2050 1878 Rhenum.

301 1911 480 1957 Fertur
502 1916 663 1957 autem
691 1910 806 1973 quia
831 1910 883 1956 in
907 1911 1012 1958 loco
1036 1910 1089 1957 in
1115 1927 1212 1974 quo
1236 1910 1380 1958 occisi
1405 1918 1517 1960 sunt
1543 1912 1651 1960 fons
1683 1912 1940 1972 ebullierit,
1966 1914 2052 1977 qui

298 1993 350 2040 in
374 1993 542 2040 eodem
565 1992 669 2041 1000
693 2009 846 2055 usque
870 1993 1014 2041 hodie
1039 1993 1231 2056 copiosa
1254 1994 1426 2042 fluenti
1450 1994 1527 2043 sui
1552 1995 1677 2043 dona
1699 1995 1974 2059 profundat.

1042 2218 1189 2268 OAP.
1227 2219 1317 2268 XI.

421 2340 471 2382 Ut
490 2341 574 2381 viri
592 2341 838 2383 venerabiles
856 2341 1074 2382 Suidberct
1092 2342 1140 2382 in
1158 2342 1390 2391 Brittania,
1411 2341 1609 2384 Vilbrord
1626 2343 1762 2385 Romae
1781 2345 1865 2385 sint
1883 2346 1930 2385 in

869 2411 1060 2452 Fresiam
1077 2413 1267 2452 ordinati
1286 2412 1477 2464 episcopi.

362 2531 556 2579 Pmms
591 2547 707 2578 sane
732 2530 1034 2594 temporibus
1069 2532 1305 2581 adventus
1338 2550 1506 2581 eorum
1529 2533 1581 2582 in
1606 2535 1822 2584 Fresiam
1854 2552 1969 2584 mox
1994 2542 2050 2585 ut

361 2627 460 2666 [an.
478 2626 570 2666 692.]
640 2612 875 2675 comperit
899 2613 1131 2661 Vilbrord
1166 2614 1328 2662 datam
1365 2616 1457 2664 sibi
1493 2634 1521 2664 a
1555 2617 1772 2680 principe
1802 2617 2050 2667 licentiam

367 2680 560 2774 vgffisr‘fffissd
639 2694 822 2742 ibidem
886 2696 1197 2758 praedicandi,
1256 2698 1540 2747 acceleravit
1597 2700 1762 2748 venire
1824 2699 2048 2760 Romam,

398 2780 527 2815 Rome.
641 2779 777 2839 cujus
810 2778 911 2825 sedi
935 2779 1209 2842 apostolicae
1233 2784 1350 2828 tunc
1375 2780 1572 2845 Sergius
1596 2799 1722 2845 papa
1746 2789 1965 2846 praeerat,
1991 2792 2048 2832 ut

294 2877 402 2907 cum
450 2859 551 2923 ejus
599 2858 796 2906 licentia
844 2864 894 2908 et
940 2861 1273 2910 benedictione
1315 2863 1642 2911 desideratum
1684 2865 2047 2929 evangelizandi

292 2942 519 3006 gentibus
553 2958 674 3005 opus
710 2941 857 2990 iniret
881 2959 890 2988 ε
935 2942 1083 2990 simul
1107 2950 1156 2992 ct
1187 2944 1416 3007 reliquias
1439 2946 1692 2994 beatorum
1721 2948 2046 3010 apostolorum

350 3067 362 3090 ¹
392 3065 532 3117 Passi]
552 3065 641 3105 The
653 3064 842 3104 Gallican
855 3064 1144 3118 Martyrology
1253 3064 1270 3087 ²
1297 3066 1477 3119 ecclesia]
1523 3067 1640 3120 They
1678 3082 1784 3108 were
1819 3069 1964 3109 buried
2001 3071 2045 3109 in

294 3135 389 3173 says
421 3121 525 3173 they
553 3133 660 3160 were
691 3120 902 3171 martyred
933 3119 979 3158 in
1007 3120 1143 3160 West-
1197 3120 1270 3160 the
1308 3121 1524 3173 collegiate
1571 3123 1726 3163 church
1763 3124 1810 3163 of
1841 3124 1882 3164 S.
1920 3125 2043 3164 Cuni-

292 3176 444 3229 phalia.
500 3176 541 3217 S.
1197 3175 1329 3218 berht.
1386 3177 1427 3217 S.
