2216 3554
309 141 406 187 398
1023 138 1250 204 Epistola
1283 139 1352 188 ad

305 274 502 335 portare
534 287 632 318 non
666 270 821 334 possit
854 270 1078 335 opprimi.
1148 271 1278 320 Nam
1310 275 1360 319 et
1393 275 1589 320 sanctus
1619 288 1746 336 papa
1777 271 2058 337 Gregorius,

307 369 461 416 quum
495 352 555 401 de
591 351 687 401 fide
723 357 902 402 nostrae
935 354 1093 418 gentis
1128 370 1237 417 quae
1268 353 1426 402 adhuc
1460 353 1627 401 futura
1658 357 1709 402 et
1736 356 2061 404 conservanda.

305 441 411 484 erat
457 434 509 482 in
551 434 746 483 Christo
786 436 851 483 ad
889 435 1220 484 beatissimum
1267 435 1681 499 archiepiscopum
1726 434 2061 500 Augustinum

304 517 468 566 missis
491 516 647 566 literis
661 518 678 545 ¹
701 516 989 581 disputaret,
1008 517 1265 566 duodecim
1288 517 1341 565 in
1365 535 1421 566 ea
1444 517 1705 581 episcopos,
1724 525 1981 583 postquam
1999 521 2062 569 ad

305 599 451 647 fidem
474 599 710 660 venirent,
735 599 1029 648 ordinandos
1054 616 1155 648 esse
1179 599 1424 660 decrevit;
1462 599 1514 647 in
1539 601 1716 663 quibus
1735 601 2063 652 Eburacensis

305 683 525 743 antistes,
549 687 745 747 accepto
780 699 810 730 a
845 682 956 731 sede
989 681 1256 746 apostolica
1290 682 1453 746 pallio,
1487 683 1895 746 metropolitanus
1909 686 1928 713 2
1962 702 2063 734 esse

305 766 519 815 deberet.
580 765 738 827 Quem
755 766 969 829 profecto
994 781 1252 812 numerum
1275 765 1613 830 episcoporum
1637 766 1790 815 velim
1815 767 1960 815 modo
1977 772 2065 816 tua

306 854 472 897 sancta
502 848 786 913 paternitas,
813 846 1146 911 patrocinante
1174 847 1403 911 praesidio
1431 848 1638 913 piissimi
1667 866 1723 897 ac
1759 849 1864 897 Deo
1899 849 2066 898 dilecti

305 931 436 997 regis
471 931 676 995 praefati,
713 931 916 979 solerter
950 929 1151 993 implere
1191 931 1464 991 contendat,
1503 938 1742 995 quatenus
1783 932 2065 980 abundante

306 1031 509 1063 numero
538 1013 897 1078 magistrorum,
922 1013 1184 1076 perfectius
1219 1013 1418 1062 ecclesia
1452 1013 1638 1063 Christi
1672 1014 1726 1062 in
1756 1013 1833 1062 his
1864 1031 1973 1078 quae
2002 1013 2067 1062 ad

306 1097 493 1145 cultum
553 1112 699 1144 sacrae
743 1095 993 1159 religionis
1043 1094 1304 1159 pertinent,
1354 1095 1664 1145 instituatur.
1757 1095 1823 1145 Et
1870 1096 2067 1160 quidem

306 1179 528 1228 novimus
552 1178 666 1242 quia
687 1194 776 1242 per
799 1178 1039 1227 incuriam
1061 1194 1235 1242 regum
1261 1177 1648 1242 praecedentium
1683 1177 2066 1242 donationesque

306 1261 618 1311 stultissimas
653 1261 837 1310 factum
873 1265 960 1321 est,
1003 1264 1060 1309 ut
1100 1278 1201 1309 non
1238 1260 1377 1309 facile
1416 1261 1553 1310 locus
1594 1277 1769 1310 vacans
1809 1261 1898 1309 ubi
1932 1260 2067 1310 sedes

307 1343 592 1408 episcopalis
617 1360 743 1393 nova
765 1342 872 1392 fieri
895 1344 1082 1403 debeat,
1107 1342 1322 1392 inveniri
1346 1343 1520 1392 valeat.

377 1427 688 1491 Quapropter
723 1426 1030 1475 commodum
1068 1426 1307 1486 duxerim,
1344 1426 1516 1475 habito
1558 1426 1731 1490 majori
1772 1425 1976 1475 concilio
2017 1431 2067 1475 et

307 1525 540 1558 consensu
579 1507 847 1572 pontificali
893 1508 1038 1558 simul
1076 1513 1126 1557 et
1171 1508 1336 1573 regali,
1372 1508 1531 1557 edicto
1571 1508 1901 1573 prospiciatur
1932 1508 2068 1557 locus

305 1591 482 1656 aliquis
517 1591 925 1640 monasteriorum
961 1590 1047 1639 ubi
1084 1590 1220 1640 sedes
1255 1591 1543 1655 episcopalis
1578 1591 1678 1641 fiat.
1749 1591 1815 1640 Et
1849 1607 1910 1640 ne
1941 1590 2067 1639 forte

305 1674 454 1724 abbas
499 1675 580 1725 vel
626 1675 846 1723 monachi
886 1673 1001 1723 huic
1042 1674 1235 1723 decreto
1269 1674 1509 1723 contraire
1551 1691 1606 1723 ac
1644 1673 1869 1723 resistere
1906 1677 2064 1723 tenta-

305 1758 481 1818 verint,
506 1758 650 1807 detur
685 1757 785 1806 illis
815 1757 1027 1817 licentia,
1053 1762 1110 1806 ut
1142 1758 1202 1805 de
1238 1757 1339 1806 suis
1373 1757 1466 1821 ipsi
1499 1757 1681 1821 eligant
1713 1774 1824 1805 eum
1858 1756 1942 1820 qui
1967 1756 2065 1820 epi-

306 1858 479 1906 scopus
512 1841 780 1902 ordinetur,
808 1846 858 1890 et
892 1841 1216 1904 adjacentium
1247 1841 1461 1889 locorum
1489 1845 1730 1904 quotquot
1763 1838 1825 1888 ad
1863 1839 2067 1888 eandem

306 1922 550 1972 dioecesim
594 1923 889 1987 pertineant,
930 1940 1030 1971 una
1076 1939 1187 1971 cum
1227 1921 1333 1986 ipso
1380 1922 1672 1971 monasterio
1716 1938 1883 1970 curam
1930 1925 2069 1987 gerat

307 2006 660 2070 episcopalem:
701 2009 789 2055 aut
829 2006 873 2056 si
918 2006 1045 2055 forte
1090 2006 1144 2054 in
1190 2005 1298 2069 ipso
1344 2003 1635 2054 monasterio
1682 2003 1768 2068 qui
1816 2004 2069 2069 episcopus

307 2089 524 2138 ordinari
546 2088 716 2137 debeat
739 2087 951 2138 inveniri
976 2092 1201 2152 nequeat,
1220 2087 1272 2135 in
1297 2087 1511 2151 ipsorum
1536 2091 1700 2135 tamen
1716 2086 1860 2150 juxta
1883 2091 2070 2136 statuta

306 2188 547 2219 canonum
570 2171 779 2236 pendeat
803 2171 1042 2231 examine,
1062 2170 1146 2235 qui
1171 2170 1230 2218 de
1255 2186 1343 2218 sua
1367 2169 1545 2218 diocesi
1570 2169 1827 2218 ordinetur
1849 2169 2067 2219 antistes.

307 2253 448 2315 Quod
482 2253 524 2303 si
558 2254 660 2313 hoc,
696 2253 768 2303 ita
803 2257 861 2302 ut
895 2253 1214 2318 suggerimus,
1240 2253 1455 2308 Domino
1488 2252 1763 2316 adjuvante,
1794 2252 2066 2316 perfeceris,

306 2336 535 2385 facillime
569 2337 732 2397 etiam,
756 2340 814 2385 ut
847 2336 1155 2394 arbitramur,
1187 2335 1278 2384 hoc
1313 2333 1568 2394 obtinebis,
1606 2340 1661 2383 ut
1691 2334 1837 2398 juxta
1871 2334 2064 2384 decreta

307 2419 436 2469 sedis
489 2419 766 2484 apostolicae
812 2418 1130 2468 Eboracensis
1178 2417 1376 2467 ecclesia
1421 2417 1852 2482 metropolitanum
1908 2417 2066 2482 possit

306 2502 483 2550 habere
528 2501 822 2566 pontificem.
916 2501 991 2550 Ac
1037 2501 1081 2551 si
1127 2517 1250 2565 opus
1300 2517 1402 2549 esse
1447 2499 1611 2550 visum
1656 2499 1823 2559 fuerit,
1871 2505 1928 2548 ut
1975 2499 2067 2549 tali

307 2584 615 2645 monasterio,
670 2601 815 2634 causa
879 2584 1181 2648 episcopatus
1241 2582 1546 2647 suscipiendi,
1610 2582 1824 2647 amplius
1883 2581 2069 2647 aliquid

307 2667 524 2716 locorum
547 2683 602 2735 ac
633 2667 991 2731 possessionum
1015 2666 1182 2731 augeri
1216 2666 1403 2726 debeat,
1429 2671 1544 2715 sunt
1576 2665 1682 2715 loca
1715 2666 1986 2724 innumera,
2012 2671 2068 2714 ut

308 2749 533 2799 novimus
558 2765 738 2808 omnes,
763 2749 815 2796 in
839 2751 1239 2798 monasteriorum
1263 2748 1474 2812 ascripta
1496 2748 1801 2808 vocabulum,
1827 2747 1910 2796 sed
1943 2747 2069 2795 nihil

308 2848 509 2896 prorsus
560 2832 841 2880 monasticae
898 2832 1273 2882 conversationis
1318 2830 1576 2880 habentia:
1626 2847 1653 2880 e
1694 2830 1871 2894 quibus
1916 2830 2067 2879 velim

308 2915 475 2979 aliqua
509 2915 570 2963 de
604 2914 800 2963 luxuria
831 2914 894 2963 ad
929 2915 1216 2976 castitatem,
1246 2915 1307 2964 de
1341 2914 1556 2964 vanitate
1588 2913 1650 2962 ad
1679 2913 2065 2977 temperantiam,

308 2999 369 3048 de
403 2997 777 3062 intemperantia
811 2998 996 3047 ventris
1031 3004 1080 3047 et
1115 2998 1242 3061 gulae
1271 2998 1333 3046 ad
1365 2996 1717 3046 continentiam
1749 3002 1799 3045 et
1832 2996 2067 3061 pietatem

361 3107 378 3131 ²
406 3107 560 3160 literis]
618 3107 696 3148 See
741 3105 815 3147 the
849 3107 991 3147 actual
1036 3108 1162 3148 letter
1214 3107 1300 3147 this
1328 3107 1453 3147 letter
1485 3120 1570 3147 was
1599 3106 1768 3147 written
1802 3106 1944 3147 before
1973 3117 2062 3147 ΔΑ).

308 3163 464 3217 quoted
481 3177 523 3215 p.
547 3172 611 3216 72.
1218 3169 1240 3215 7
1245 3161 1455 3214 35,‘when
1474 3161 1629 3214 Bishop
1644 3161 1855 3215 Ecgberht
1873 3160 2066 3202 received

363 3217 380 3241 ²
405 3215 758 3271 metropolitanus]
815 3217 859 3258 A
904 3216 1027 3270 proof
1065 3217 1160 3257 that
1214 3231 1240 3257 a
1259 3217 1346 3271 pall
1363 3217 1468 3262 from
1486 3217 1633 3260 Rome.

2206 2068 2216 2095 a-
2207 1999 2216 2054 A*
