2216 3554
169 217 290 267 GAP.
317 214 448 285 x1x.]
819 217 984 266 Gentis
1017 217 1295 279 Anqlorum.
1815 221 1910 266 337

169 351 399 399 Vilbrord
418 351 434 378 ¹
455 349 868 399 reverentissimus
893 349 1076 398 Christi
1111 348 1330 410 pontifex
1364 347 1415 394 in
1449 364 1623 411 magna
1657 348 1914 397 devotione

169 434 441 497 complevit,
471 433 573 496 ipse
607 432 794 496 primus
828 430 899 478 ibi
935 447 1056 493 opus
1091 429 1418 492 evangelicum
1452 429 1612 492 coepit.
1682 430 1762 477 Ibi
1799 447 1912 494 ergo

172 517 378 565 hiemem
436 533 544 564 cum
590 531 716 562 nova
762 512 855 561 Dei
900 512 1038 575 plebe
1084 512 1288 560 feliciter
1335 512 1545 575 exigens,
1593 512 1660 560 sic
1706 512 1914 561 Romam

169 599 395 647 veniendi
418 598 512 646 iter
534 596 762 659 repetiit²
778 613 792 656 3
837 599 885 644 et
908 595 991 642 ubi
1015 611 1158 643 causa
1193 596 1293 656 ejus
1315 594 1550 642 ventilata
1574 601 1647 642 est
1678 601 1916 656 praesente

171 681 432 744 Agathone
466 697 590 744 papa
623 685 674 727 et
696 678 927 742 ¹pluribus
962 677 1210 741 episcopis,
1235 677 1572 725 universorum
1607 699 1814 742 Aequitted
1829 699 1880 740 by

166 764 348 827 judicio
394 764 575 827 absque
620 760 820 810 crimine
877 764 1125 808 accusatus
1171 759 1331 819 fuisse,
1379 764 1429 807 et
1477 760 1576 823 epi·
1638 759 1662 782 '²
1677 749 1847 832 slyssffleat

171 853 372 910 scopatu
395 862 495 894 esse
519 845 694 908 dignus
727 843 951 891 inventus
985 848 1072 891 est.
1144 841 1252 902 Quo
1275 842 1326 890 in
1359 846 1577 906 tempore
1643 847 1740 885 [Am.
1758 847 1853 887 679]-

171 929 300 976 idem
341 945 467 992 papa
504 926 696 989 Agatho
735 942 845 973 cum
885 924 1122 988 synodum
1160 930 1471 988 congregaret
1514 926 1680 972 Romae
1723 928 1916 972 centum

170 1011 348 1074 viginti
371 1010 583 1074 quinque
606 1008 954 1072 episcoporum,
982 1007 1211 1055 adversus
1243 1023 1322 1055 eos
1346 1007 1431 1070 qui
1455 1025 1602 1055 unam
1626 1008 1678 1054 in
1704 1006 1915 1055 Domino

173 1094 421 1141 Salvatore
444 1092 745 1140 voluntatem
780 1095 924 1154 atque
960 1089 1283 1153 operationem
1327 1090 1732 1152 dogmatizabant,
1757 1090 1918 1137 vocari

166 1176 312 1238 jussit
354 1179 402 1224 et
438 1174 715 1233 vilfridum,
755 1177 901 1237 atque
943 1172 1072 1221 inter
1108 1172 1354 1235 episcopos
1391 1172 1717 1220 considentem
1759 1171 1914 1219 dicere

172 1259 316 1306 fidem
357 1274 493 1306 suam
530 1256 675 1304 simul
713 1259 763 1303 et
802 1254 1060 1319 provinciae
1101 1254 1200 1302 sive
1238 1254 1407 1303 insulae
1449 1255 1508 1302 de
1550 1272 1647 1318 qua
1683 1260 1912 1303 venerat:

172 1357 378 1404 cumque
418 1339 680 1388 catholicus
717 1337 811 1386 fide
849 1355 959 1386 cum
1006 1337 1106 1385 suis
1152 1342 1277 1385 esset
1324 1337 1563 1397 inventus,
1602 1337 1784 1400 placuit
1824 1337 1916 1384 hoc

171 1424 299 1471 inter
333 1427 504 1472 caetera
538 1421 751 1485 ejusdem
787 1420 960 1484 synodi
994 1419 1144 1483 gestis
1181 1419 1343 1478 inseri,
1369 1420 1699 1483 scriptumque
1724 1426 1795 1468 est
1824 1420 1916 1468 hoc

172 1506 379 1554 modo³:
431 1503 698 1555 ‘Vilfridus
733 1501 840 1551 Deo
875 1502 1097 1550 amabilis
1132 1502 1384 1565 episcopus
1420 1503 1651 1552 Eboracae
1691 1502 1918 1561 civitatis,

173 1587 480 1651 apostolicam
516 1587 676 1634 sedem
711 1586 770 1633 de
806 1602 893 1633 sua
928 1602 1070 1633 causa
1104 1585 1363 1648 appellans,
1389 1589 1437 1632 et
1469 1586 1530 1633 ab
1558 1586 1647 1633 hac
1681 1590 1919 1649 potestate

174 1672 234 1719 de
281 1670 427 1719 certis
473 1669 764 1732 incertisque
810 1668 955 1716 rebus
1006 1668 1268 1725 absolutus,
1319 1674 1367 1716 et
1415 1685 1525 1716 cum
1573 1668 1680 1716 aliis
1727 1673 1921 1716 centum

172 1751 351 1816 viginti
375 1752 590 1816 quinque
625 1751 856 1815 episcopis
890 1750 943 1797 in
979 1750 1158 1812 synodo
1183 1750 1235 1797 in
1266 1750 1438 1813 judicii
1471 1751 1580 1798 sede
1612 1750 1919 1808 constitutus,

173 1843 221 1883 et
267 1852 358 1898 pro
406 1834 537 1882 omni
584 1834 843 1897 aquilonali
890 1838 1028 1896 parte
1067 1833 1325 1880 Brittaniae
1366 1839 1415 1881 et
1454 1833 1704 1881 Hiberniae
1746 1833 1921 1881 insulis

173 1934 280 1981 quae
312 1918 373 1965 ab
397 1916 670 1980 Anglorum
695 1920 744 1964 et
768 1917 1056 1963 Brettonum
1088 1932 1273 1963 necnon
1298 1915 1575 1964 Scottorum
1599 1922 1648 1963 et
1674 1917 1919 1964 Pictorum

172 2000 398 2064 gentibus
435 2000 726 2059 incoluntur,
760 2016 926 2047 veram
961 2005 1009 2047 et
1047 1998 1330 2047 catholicam
1366 1999 1510 2046 fidem
1548 2000 1792 2048 confessus
1833 2005 1923 2058 est,

174 2089 224 2131 et
247 2100 357 2131 cum
381 2083 736 2147 subscriptione
760 2099 846 2131 sua
870 2081 1225 2130 corroboravit.'

242 2166 361 2214 Post
424 2166 527 2214 haec
589 2182 811 2214 reversus
826 2167 844 2192 4
910 2164 1204 2213 Brittaniam
1261 2164 1560 2228 provinciam
1617 2163 1922 2213 Australium

177 2249 424 2297 Saxonum
439 2249 457 2274 ⁶
497 2248 559 2295 ab
606 2248 841 2296 idolatriae
887 2246 1061 2296 ritibus
1106 2247 1168 2295 ad
1211 2247 1394 2295 Christi
1439 2246 1585 2295 fidem
1670 2285 1851 2321 converte

177 2330 425 2378 convertit.
497 2330 662 2379 Vectae
677 2331 695 2357 ⁶
731 2346 919 2394 quoque
954 2329 1127 2377 insulae
1162 2329 1301 2377 verbi
1336 2329 1582 2378 ministros
1689 2336 1826 2392 Sussex

177 2396 475 2460 destinavit:
541 2416 591 2461 et
644 2412 852 2461 secundo
899 2428 1026 2462 anno
1072 2411 1285 2459 Aldfridi
1331 2412 1416 2475 qui
1473 2418 1585 2476 post
1639 2385 1716 2420 and
1737 2385 1867 2427 W¹h¹⁵³

233 2520 246 2542 ¹
286 2519 494 2573 Vilbrord]
516 2521 593 2560 See
611 2535 681 2574 pp.
705 2522 796 2572 308,
821 2533 912 2572 310.
1081 2520 1162 2560 last
1194 2521 1247 2560 he
1275 2535 1361 2562 was
1392 2522 1576 2562 released
1608 2523 1691 2562 and
1723 2523 1925 2564 banished

232 2574 248 2596 ²
274 2577 354 2615 iter
371 2576 552 2628 repetiit]
583 2576 653 2615 He
672 2576 819 2627 passed
844 2575 1025 2627 through
1080 2576 1184 2615 from
1204 2576 1617 2617 Northhumberlancl
1637 2582 1682 2618 at
1695 2578 1768 2619 the
1782 2579 1927 2618 advice

178 2631 251 2670 the
270 2630 501 2670 dominions
526 2631 573 2670 of
586 2631 838 2683 Dagoberht,
860 2631 961 2682 king
984 2630 1031 2669 of
1081 2630 1128 2669 of
1140 2630 1289 2678 AEbbe‚
1304 2632 1451 2672 abbess
1469 2633 1515 2671 of
1528 2633 1812 2685 Goldingham,
1833 2635 1926 2673 who

178 2686 413 2735 Austmsia,
459 2685 553 2725 who
598 2686 752 2724 offered
807 2685 896 2725 him
952 2685 1026 2725 the
1081 2685 1312 2726 attributed
1343 2690 1388 2726 to
1418 2687 1483 2727 his
1520 2687 1835 2739 imprisonment
1872 2703 1925 2728 an

178 2741 385 2793 bishopric
410 2740 456 2780 of
479 2741 712 2792 Strasburg‚
746 2740 827 2780 and
857 2740 903 2780 of
928 2740 1025 2779 Ber·
1080 2740 1219 2780 illness
1247 2741 1354 2781 from
1375 2742 1508 2782 which
1532 2743 1820 2783 Eormenburh
1841 2758 1926 2784 was

178 2795 273 2841 tari,
302 2796 406 2847 king
442 2795 487 2835 of
520 2795 591 2834 the
628 2795 867 2835 Lombards.
924 2795 1027 2835 This
1081 2795 1291 2847 suffering.
1353 2796 1423 2836 He
1455 2797 1538 2837 fled
1566 2798 1658 2838 first
1684 2802 1728 2838 to
1754 2800 1925 2845 Mercia,

179 2864 265 2889 was
315 2853 464 2890 ‘verno
501 2853 684 2902 tempore
730 2849 1024 2896 adveniente;'
1081 2849 1164 2889 and
1190 2850 1292 2890 then
1317 2854 1361 2891 to
1382 2852 1565 2899 WVoesex,
1592 2853 1670 2893 but
1694 2853 1798 2893 from
1826 2854 1925 2893 both

180 2906 274 2945 that
300 2918 412 2944 same
438 2918 549 2957 year,
580 2915 668 2944 ΑΒ.
699 2904 792 2957 679,
823 2905 947 2951 ἙῚοι-.,
973 2904 1028 2945 he
1082 2905 1125 2944 of
1160 2905 1276 2945 them
1312 2907 1502 2959 Ecgfrith
1545 2908 1717 2948 effected
1757 2909 1822 2948 his
1861 2922 1929 2947 ex-

179 2960 344 3000 arrived
363 2961 408 2999 in
428 2960 570 2999 Rome.
628 2959 802 3005 Haedde,
830 2962 893 3000 28.
1082 2959 1257 3011 pulsi0n‚
1274 2961 1398 3014 being
1415 2963 1640 3003 connected
1655 2963 1710 3016 by
1724 2963 1927 3014 marriage

235 3015 250 3035 ³
268 3016 540 3066 scriptumque
554 3018 608 3054 est
621 3014 693 3054 hoc
704 3014 836 3067 modo]
850 3014 1023 3064 Haedde,
1082 3014 1185 3054 with
1223 3016 1296 3055 the
1333 3017 1455 3070 kings
1493 3018 1538 3057 of
1569 3018 1672 3058 both
1709 3018 1926 3058 countries.

181 3083 247 3119 30.
306 3070 508 3114 wilfrith,
539 3069 584 3108 in
615 3069 681 3108 his
711 3069 898 3121 petstion,
928 3069 1027 3109 calls
1080 3069 1257 3117 Haedde,
1279 3083 1425 3124 32-39.

182 3125 354 3164 himself
371 3124 563 3164 ‘humilis
588 3128 631 3163 et
650 3124 848 3175 indignus
875 3124 1024 3177 episco·
1136 3124 1152 3147 ⁵
1178 3126 1438 3167 Australium
1475 3126 1706 3179 Saxonum]
1764 3127 1840 3166 See
1887 3141 1926 3180 p.

182 3193 260 3233 pus
279 3179 492 3219 Saxoniae.'
1087 3191 1175 3232 239.
1231 3181 1404 3228 Haedde,
1427 3194 1493 3233 40.

238 3234 253 3257 ⁴
282 3235 473 3287 reversus]
506 3234 571 3274 On
598 3232 664 3272 his
689 3236 834 3272 return
866 3233 919 3274 he
944 3247 1028 3273 was
1135 3235 1152 3259 ⁶
1178 3235 1322 3289 Veetae]
1340 3237 1430 3276 The
1444 3237 1579 3276 island
1593 3235 1673 3275 had
1686 3235 1788 3275 been
1802 3236 1926 3287 given

184 3289 348 3328 thrown
373 3289 462 3328 into
487 3289 626 3341 prison
646 3288 703 3340 by
723 3287 924 3339 Ecgfrith,
945 3288 1027 3328 and
1082 3288 1137 3341 by
1168 3289 1385 3331 Wulfhere
1418 3291 1464 3330 of
1492 3291 1652 3330 Mercia,
1689 3294 1733 3329 to
1765 3291 1930 3331 AEthel-

183 3344 378 3385 detained
422 3344 540 3384 there
585 3343 683 3384 nine
728 3343 905 3385 months.
964 3344 1028 3383 At
1082 3344 1191 3384 walh
1215 3345 1261 3385 of
1281 3346 1431 3387 Sussex
1453 3359 1500 3387 as
1525 3359 1551 3386 a
1574 3344 1828 3399 godfather’s
1852 3346 1931 3400 gift

1050 3415 1079 3448 Z
