2216 3554
346 172 444 217 250
921 169 1149 218 Historia
1182 170 1518 219 Ecclesiastica
1877 169 2010 240 [Lm.
2027 188 2098 222 1v.

344 308 540 356 hentes:
577 310 627 355 et
644 307 1106 357 anathematizamus
1126 310 1268 358 corde
1285 314 1336 358 et
1354 328 1436 359 ore
1457 327 1577 373 quos
1596 310 2065 360 anathematizarunt
2084 328 2095 371 ;

344 398 394 439 et
436 407 555 454 quos
593 395 916 454 susceperunt,
955 392 1283 455 suscepimus:
1331 393 1656 455 glorificantes
1698 393 1859 441 Deum
1899 394 2099 442 Patrem

345 472 448 520 sine
473 472 629 533 initio,
656 477 705 521 et
729 474 913 523 Filium
938 477 1039 538 ejus
1063 476 1374 539 unigenitum
1406 483 1455 525 et
1491 476 1634 524 Patre
1666 481 1953 540 generatum
1985 483 2098 525 ante

345 556 534 616 saecula,
571 560 621 604 et
660 556 901 620 Spiritum
941 559 1176 607 Sanctum
1217 560 1556 622 procedentem
1595 576 1656 607 ex
1692 559 1842 608 Patre
1883 566 1932 608 et
1970 560 2099 608 Filio

346 638 749 699 inenarrabiliter,
770 640 896 689 sicut
915 641 1306 704 praedicaverunt
1329 641 1380 688 hi
1401 659 1522 705 quos
1543 642 1918 690 memoravimus
1938 659 2098 705 supra,

346 722 500 770 sancti
535 723 754 786 apostoli,
789 728 839 772 et
874 724 1139 787 prophetae,
1175 730 1224 772 et
1259 725 1493 772 doctores.
1567 725 1634 772 Et
1670 741 1757 772 nos
1790 742 1954 773 omnes
1990 726 2102 773 sub-

346 804 641 867 scripsimuS,
679 807 763 869 qui
799 823 912 855 cum
947 806 1202 855 Theodoro
1239 806 1599 871 archiepiscopo
1635 806 1781 855 fidem
1816 807 2101 856 catholicam

347 888 688 951 exposuimus!

1034 1065 1180 1115 CAP.
1218 1065 1414 1115 XVIII.

381 1209 446 1250 De
463 1209 499 1249 J
497 1210 654 1251 ohanne
674 1216 885 1251 cantatore
902 1211 1009 1252 sedis
1029 1210 1271 1263 apostolicae,
1294 1210 1364 1262 qui
1377 1216 1546 1265 propter
1565 1211 1790 1252 docendam
1810 1209 2076 1252 Brittaniam

1198 1280 1367 1321 venerit.

414 1397 714 1454 INTERERAT
755 1399 868 1447 huic
910 1399 1101 1462 synodo,
1139 1399 1423 1463 pariterque
1465 1399 1712 1449 catholicae
1754 1398 1868 1447 fidei
1904 1399 2100 1447 decreta

425 1528 530 1564 John
543 1529 612 1565 ,he
689 1481 945 1530 firmabat¹
994 1482 1071 1530 vir
1119 1482 1406 1531 venerabilis
1451 1482 1483 1529 J
1486 1481 1697 1530 ohannes
1749 1481 2106 1529 archicantator

383 1579 652 1615 arch-chanter
690 1566 900 1614 ecclesiae
937 1566 1092 1615 sancti
1127 1566 1333 1630 apostoli
1369 1565 1520 1625 Petri,
1553 1571 1602 1614 et
1638 1566 1788 1614 abbas
1822 1564 2106 1613 monasterii

380 1629 546 1715 brffiggg
560 1630 657 1723 ἔξω
689 1648 820 1697 beati
849 1649 1070 1708 Martini,
1096 1649 1182 1713 qui
1206 1649 1393 1712 nuper²
1425 1655 1622 1697 venerat
1645 1666 1674 1696 a
1698 1648 1854 1696 Roma
1890 1665 1977 1711 per
2002 1648 2105 1712 jus-

452 1729 590 1772 Biscop
690 1730 872 1779 sionem
896 1748 1033 1794 papae
1056 1731 1346 1795 Agathonis,
1373 1731 1493 1779 duce
1518 1730 1907 1779 reverentissimo
1931 1730 2107 1778 abbate

417 1787 626 1828 [A.D.678],
692 1812 912 1877 Biscopo,
939 1814 1223 1877 cognomine
1250 1813 1528 1872 Benedicto,
1554 1813 1691 1876 cujus
1723 1813 1902 1876 supra3
1935 1813 2105 1860 memi-

350 1893 526 1943 nimus,
597 1894 723 1944 Cum
749 1897 877 1944 enim
907 1896 1036 1944 idem
1070 1896 1361 1944 Benedictus
1385 1895 1734 1944 construxisset
1759 1895 2107 1943 monasterium

351 1976 622 2037 Brittaniae,
660 1979 711 2025 in
747 1978 980 2026 honorem
1014 1979 1284 2027 beatissimi
1317 1978 1650 2041 apostolorum
1685 1977 1934 2040 principis,
1966 1980 2109 2040 juxta

351 2059 530 2107 ostium
564 2060 780 2108 fluminis
810 2061 967 2120 Viuri,
1002 2061 1136 2109 venit
1169 2061 1372 2108 Romam
1408 2077 1519 2108 cum
1552 2065 1859 2123 cooperatore
1891 2077 1946 2108 ac
1981 2060 2108 2108 socio

350 2142 565 2205 ejusdem
600 2143 759 2206 operis
797 2142 1058 2203 Oeolfrido,
1094 2143 1179 2207 qui
1220 2149 1333 2207 post
1374 2143 1531 2207 ipsum
1572 2142 1785 2205 ejusdem
1828 2142 2110 2190 monasterii

350 2225 497 2273 abbas
521 2225 630 2285 fuit,
657 2226 787 2290 quod
818 2230 869 2275 et
902 2231 1014 2274 ante
1048 2227 1223 2290 saepius
1252 2227 1409 2275 facere
1434 2231 1762 2284 consueverat,
1787 2230 1935 2289 atque
1959 2225 2109 2274 hono-

351 2306 484 2355 rifice
508 2325 536 2355 a
560 2309 712 2357 beatae
737 2309 981 2357 memoriae
1006 2326 1132 2373 papa
1155 2308 1413 2373 Agathone
1437 2314 1688 2372 susceptus
1713 2311 1787 2356 est
1807 2325 1815 2355 :
1853 2307 2108 2372 petiitque,

352 2391 402 2436 et
442 2390 628 2453 aceepit
667 2392 728 2439 ab
771 2408 828 2440 eo
869 2391 921 2439 in
958 2391 1317 2439 munimentum
1366 2391 1609 2439 libertatis
1650 2390 1932 2438 monasterii
1979 2391 2111 2454 quod

352 2471 542 2531 fecerat,
569 2473 824 2537 epistolam
849 2473 1096 2538 privilegii
1125 2491 1186 2522 ex
1218 2474 1505 2522 auctoritate
1537 2473 1803 2537 apostolica
1835 2471 2078 2521 firmatam
2093 2489 2107 2533 ;

349 2556 494 2617 juxta
541 2556 671 2619 quod
717 2556 1002 2620 Ecgfridum
1050 2573 1213 2620 regem
1259 2556 1483 2616 voluisse,
1533 2573 1588 2604 ac
1632 2555 1879 2604 licentiam
1924 2554 2111 2603 dedisse

410 2677 426 2701 ¹
443 2679 603 2720 decreta
610 2679 828 2733 firmabat]
851 2681 901 2719 In
915 2680 981 2720 his
993 2681 1208 2720 character
1263 2681 1370 2733 Pagi
1390 2681 1517 2721 refers
1536 2680 1602 2720 his
1617 2680 1839 2733 departure
1854 2678 1961 2718 from
1975 2679 2111 2718 Rome

355 2733 403 2774 of
425 2734 565 2786 legate
594 2735 700 2774 from
720 2736 833 2786 Pope
852 2736 1036 2786 Agatho.
1093 2736 1207 2775 Both
1261 2740 1306 2776 to
1326 2747 1415 2776 ΑΛ).
1437 2737 1532 2787 678.

355 2790 504 2842 priests
530 2790 614 2829 and
633 2790 807 2829 deacons
834 2790 915 2829 had
937 2791 1010 2829 the
1033 2791 1148 2843 right
1167 2791 1213 2830 of
1317 2791 1333 2814 ⁸
1359 2790 1505 2843 supra]
1535 2790 1637 2830 This
1655 2790 1691 2830 is
1718 2790 1791 2830 the
1811 2790 1900 2829 first
1924 2788 2110 2828 mention

356 2844 505 2896 sitting
533 2843 579 2883 in
608 2845 680 2883 the
702 2845 1001 2896 Anglo-Saxon
1029 2846 1207 2899 synods;
1262 2846 1309 2885 of
1336 2846 1540 2885 Benedict
1577 2846 1724 2896 Biscop
1757 2846 1803 2884 in
1840 2845 1913 2884 the
1944 2843 2111 2883 Church

357 2899 436 2939 but
473 2899 575 2952 only
611 2899 781 2952 bishops
819 2900 945 2939 voted
982 2914 1092 2953 upon
1134 2901 1208 2941 the
1263 2901 1452 2952 History.
1499 2901 1586 2940 But
1605 2901 1670 2939 his
1689 2899 1761 2939 life
1779 2900 1815 2939 is
1834 2900 1960 2952 given
1973 2898 2019 2936 in
2039 2898 2111 2936 the

358 2954 534 2994 decrees.
591 2953 668 2994 See
689 2954 840 3000 Smith,
859 2955 1099 3008 Appendix‚
1121 2956 1206 2996 No.
1265 2956 1456 2996 Historia
1482 2955 1713 3002 Abbatum‚
1734 2955 1882 3003 below,
1913 2953 1996 2992 and
2024 2952 2110 2992 this

358 3010 460 3060 xvii,
1262 3016 1272 3032 ‘
1286 3011 1429 3063 supra’
1446 3023 1578 3049 seems
1597 3013 1641 3049 to
1656 3010 1773 3062 point
1791 3013 1835 3049 to
1851 3022 1906 3048 an
1920 3021 2111 3059 arrange-

415 3063 431 3086 2
459 3062 608 3116 nuper]
637 3063 727 3103 The
754 3076 865 3103 same
885 3064 1048 3103 Roman
1076 3065 1207 3117 synod
1261 3069 1378 3105 ment
1405 3065 1453 3104 of
1480 3065 1630 3105 Beda's
1662 3064 1857 3104 collected
1888 3062 2033 3108 works‚
2065 3062 2111 3100 in

359 3119 497 3158 which
534 3119 708 3158 decreed
744 3118 818 3158 the
855 3119 1125 3159 readmission
1164 3119 1213 3158 of
1263 3119 1413 3166 which,
1433 3133 1479 3159 as
1497 3119 1541 3158 in
1560 3120 1626 3158 his
1644 3132 1739 3159 own
1756 3118 1985 3169 catalogue,
2001 3116 2110 3156 infra

359 3173 552 3213 wilfrith
570 3178 615 3213 to
639 3173 705 3212 his
733 3174 824 3219 See,
844 3187 910 3212 see
931 3186 969 3213 V.
993 3185 1056 3225 19,
1077 3187 1208 3214 seems
1263 3188 1304 3214 v.
1345 3187 1407 3227 24,
1443 3175 1516 3213 the
1546 3174 1735 3213 Historia
1766 3173 1984 3212 Abbatum
2020 3184 2110 3223 pre-

360 3229 448 3269 also
485 3233 529 3269 to
562 3229 670 3270 have
706 3232 800 3269 sent
830 3228 959 3277 John,
991 3238 1080 3268 ΑΛ).
1113 3228 1207 3282 679.
1263 3229 1391 3270 ceded
1410 3230 1482 3270 the
1502 3229 1667 3271 Church
1686 3229 1876 3281 History.
1931 3226 1991 3267 H.
