2216 3554
301 756 734 819 HISTORIAE
780 749 1466 816 EOCLESIASTIOAE
1512 745 1825 810 GENTIS

812 894 1291 958 ANGLORUM

710 1086 976 1134 LIBER
1045 1082 1436 1132 TERTIUS.

948 1258 1094 1308 OAP.
1131 1257 1173 1306 I.

195 1383 244 1424 Ut
262 1384 392 1435 primi
405 1397 639 1426 successores
651 1385 834 1424 AEduini
853 1383 958 1436 reqis
978 1389 1014 1422 et
1023 1383 1150 1433 fidem
1167 1395 1250 1422 suae
1264 1382 1400 1434 yemis
1414 1380 1700 1434 prodiderunt,
1717 1387 1754 1421 et
1772 1394 1940 1433 regnum

393 1468 512 1505 porro
535 1453 740 1494 Osualdus
760 1453 1146 1494 christianissimus
1165 1465 1238 1491 rex
1257 1458 1471 1503 utramque
1488 1452 1748 1491 restauravit.

312 1563 355 1610 T
395 1564 649 1612 interfecto
685 1564 736 1611 in
774 1580 940 1627 pugna
977 1562 1204 1621 AEduino,
1242 1561 1455 1625 suscepit
1489 1579 1577 1626 pro
1614 1562 1699 1611 illo
1731 1579 1940 1625 regnum

347 1653 621 1712 Deirorum,
663 1653 722 1701 de
770 1670 866 1716 qua
911 1652 1161 1715 provincia
1208 1652 1289 1699 ille
1330 1651 1520 1714 generis
1566 1652 1844 1715 prosapiam
1892 1657 1941 1700 et

188 1735 452 1801 primordia
480 1735 619 1798 regni
651 1735 900 1793 habuerat,
925 1733 1055 1781 filius
1078 1734 1243 1796 patrui
1268 1736 1369 1796 ejus
1393 1733 1598 1792 AElfrici‚
1684 1745 1859 1800 imm-633.-

187 1818 422 1867 vocabulo
456 1817 604 1877 Osric,
631 1819 716 1881 qui
749 1818 809 1865 ad
840 1818 1235 1881 praedicationem
1267 1817 1463 1864 Paulini
1487 1817 1599 1864 fidei
1634 1792 1906 1885 ὃῗὲἓζέἕὲᾟῗ),

188 1905 292 1950 erat
334 1901 643 1949 sacramentis
685 1901 917 1948 imbutus.
990 1900 1146 1947 Porro
1184 1917 1390 1963 regnum
1433 1890 1600 1947 Berni-
1623 1891 1787 1976 {3⁰12}
1790 1893 1923 1976 ἓξὲξ

188 1983 523 2062 ciorum,(nam
554 1984 605 2031 in
634 1984 721 2031 has
744 1984 864 2031 duas
896 1982 1169 2046 provincias
1185 1982 1202 2009 ¹
1233 1998 1350 2047 gens
1376 1982 1600 2030 Nordan-
1652 1992 1694 2026 in
1708 1992 1894 2027 Bernioia.

188 2066 501 2130 hymbrorum
534 2066 804 2129 antiquitus
833 2066 988 2114 divisa
1022 2053 1157 2134 erat)
1170 2065 1382 2128 suscepit
1415 2064 1545 2112 filius
1573 2065 1825 2113 AEdilfridi
1856 2065 1941 2128 qui

189 2150 247 2197 de
283 2149 367 2196 illa
402 2148 653 2212 provincia
699 2148 888 2212 generis
934 2153 985 2197 et
1030 2147 1170 2211 regni
1209 2147 1448 2211 originem
1485 2149 1703 2208 duxerat,
1748 2149 1942 2196 nomine

190 2231 404 2280 Eanfrid.
476 2230 725 2295 Siquidem
765 2235 984 2293 tempore
1024 2234 1127 2279 toto
1164 2247 1259 2293 quo
1301 2231 1524 2294 regnavit
1565 2231 1782 2289 AEduini,
1819 2230 1942 2279 filii2

189 2313 378 2376 praefati
409 2314 538 2378 regis
570 2314 820 2362 AEdilfridi
855 2314 941 2377 qui
974 2318 1090 2362 ante
1121 2313 1262 2360 illum
1298 2320 1598 2375 regnaverat,
1626 2330 1735 2361 cum
1768 2330 1943 2377 magna

190 2396 425 2444 nobilium
450 2397 706 2460 juventute
733 2397 861 2460 apud
894 2397 1083 2451 Scottos
1108 2395 1208 2444 sive
1240 2395 1407 2444 Pictos
1423 2395 1439 2422 ³
1476 2396 1753 2456 exulabant,
1778 2396 1943 2459 ibique

191 2479 252 2526 ad
276 2478 543 2526 doctrinam
581 2478 860 2527 Scottorum
889 2478 1171 2526 catechizati
1207 2484 1255 2526 et
1290 2477 1596 2541 baptismatis
1631 2484 1748 2526 sunt
1783 2480 1943 2543 gratia

192 2560 409 2609 recreati.
482 2560 580 2622 Qui
602 2565 660 2609 ut
683 2567 877 2609 mortuo
901 2577 1012 2623 rege
1043 2560 1239 2608 inimico
1263 2560 1476 2623 patriam
1500 2565 1616 2609 sunt
1646 2561 1803 2610 redire
1835 2579 1942 2625 per-

193 2643 340 2702 missi,
379 2643 561 2706 accepit
601 2643 786 2706 primus
823 2660 1005 2702 eorum,
1044 2660 1187 2707 quem
1225 2643 1451 2702 diximus,
1492 2643 1697 2692 Eanfrid
1738 2661 1940 2708 regnum
1989 2704 1998 2717 Ι

194 2725 543 2774 Bemiciorum.
617 2726 711 2786 Qui
737 2731 940 2790 uterque
965 2742 1050 2773 rex
1074 2730 1132 2774 ut
1162 2725 1345 2774 terreni
1368 2726 1507 2789 regni
1531 2727 1712 2775 infulas
1741 2727 1943 2775 sortitus

194 2813 279 2867 est,
321 2815 616 2856 sacramenta
651 2809 786 2870 regni
823 2808 1025 2856 caelestis
1062 2808 1236 2872 quibus
1268 2808 1492 2858 initiatus
1522 2813 1640 2869 erat,
1666 2809 1942 2858 anathema-

248 2931 262 2955 ¹
293 2933 340 2971 in
359 2931 437 2972 Ῐιαε
455 2931 582 2971 duras
594 2931 845 2984 provincias]
870 2936 880 2954 ‘
895 2931 1042 2984 Deifyr
1150 2931 1168 2956 ²
1186 2933 1295 2986 filii]
1315 2933 1391 2974 See
1405 2948 1446 2987 p.
1466 2935 1555 2982 108,
1571 2939 1668 2974 note
1687 2947 1720 2975 1.
1751 2932 1942 2972 Eanfrith

196 2987 355 3039 (Deora
395 2987 511 3032 rice),
551 2987 791 3026 afterwards
825 2987 1041 3027 Latinized
1095 3001 1181 3028 was
1209 2988 1280 3028 the
1308 2990 1437 3029 eldest
1465 2991 1512 3029 of
1530 2991 1602 3029 the
1634 3002 1757 3029 seven
1783 3001 1876 3027 sons
1902 2986 1949 3025 of

195 3042 285 3081 into
332 3041 473 3087 Deira,
526 3041 750 3093 extending
806 3043 910 3081 from
966 3042 1039 3081 the
1094 3043 1368 3094 AEthelfrith;
1412 3045 1484 3084 the
1511 3048 1595 3084 rest
1620 3057 1726 3083 were
1760 3041 1938 3087 Oswald,

198 3096 390 3135 Humber
415 3099 458 3134 to
482 3095 554 3135 the
572 3096 700 3148 Tyne,
727 3095 811 3135 and
838 3096 1040 3136 Berneich
1095 3098 1249 3147 oswiu,
1290 3099 1423 3146 Oslac,
1465 3099 1658 3147 Oswudu,
1695 3097 1820 3142 oslaf,
1858 3095 1941 3135 and

198 3150 380 3198 (Beonra
418 3151 531 3200 rice),
563 3151 804 3190 afterwards
834 3151 1037 3198 Boi-nicia,
1093 3152 1199 3193 Offa.
1255 3153 1296 3193 S.
1318 3154 1467 3194 Chron.
1489 3154 1541 3192 ad
1561 3167 1597 3192 a.
1619 3152 1712 3202 617.

195 3204 301 3244 from
327 3204 399 3244 the
418 3205 535 3257 Tyne
559 3209 602 3244 to
625 3206 698 3245 the
722 3204 875 3259 Olyde.’
933 3206 1039 3260 Lap-
1146 3209 1162 3233 ³
1190 3207 1344 3248 Scottos
1362 3209 1442 3249 sive
1455 3207 1612 3260 Pictos]
1644 3206 1671 3246 i.
1687 3220 1721 3245 e.
1738 3205 1809 3245 the
1824 3204 1944 3245 Cale—

195 3259 391 3312 penberg,
408 3260 434 3299 i.
462 3269 550 3312 117.
1095 3262 1245 3302 donian
1268 3264 1401 3304 Scots.
