2216 3554
321 192 419 239 246
897 181 1128 231 Historia
1161 179 1501 229 Ecclesiastico
1857 172 1991 243 [12:113.
2006 188 2076 222 Π.

1027 391 1169 442 ΟΑΡ.
1207 389 1369 438 XV1.1

336 536 387 578 Ut
415 536 537 576 Vecta
555 533 696 575 insula
715 531 976 575 Christianos
997 530 1156 572 incolas
1174 527 1403 582 susceperit,
1424 527 1540 579 cujus
1558 525 1665 577 reyii
1683 524 1765 566 duo
1784 524 1904 577 paeri
1921 524 2065 564 statim

732 607 827 654 post
845 606 1055 652 acceptum
1074 599 1282 650 baptisma
1303 598 1387 638 sint
1404 595 1652 647 interempti.

390 717 670 772 POSTQUAM
695 730 807 777 ergo
832 711 1092 762 Caedualla
1116 727 1264 774 regno
1290 709 1478 773 potitus
1502 711 1577 756 est
1602 706 1933 765 Geuissorum,
1951 703 2081 767 cepit

661 801 712 846 et
749 795 960 844 insulam
1000 794 1216 853 Vectam,
1257 809 1366 856 quae
1403 795 1604 840 eatenus
1644 795 1747 839 erat
1783 793 1889 837 tota
1928 787 2080 835 idola-

373 868 608 960 offic-1332,
664 879 774 928 triae
822 877 1025 938 dedita3
1077 876 1261 939 tragica
1309 876 1437 924 caede
1485 890 1652 923 omnes
1702 871 1954 937 indigenas
1999 887 2080 918 ex-

356 961 524 1000 Wessex,
540 961 630 996 sub·
666 960 944 1019 terminare,
1000 976 1057 1008 ac
1115 975 1214 1007 suae
1268 957 1531 1022 provinciae
1584 955 1803 1005 homines
1855 971 1945 1018 pro
2003 952 2083 1001 his

375 1010 593 1102 ‹iffi-{vig}
666 1043 960 1093 substituere
1007 1041 1268 1100 contendit,
1315 1046 1431 1090 voto
1478 1057 1529 1090 se
1575 1039 1812 1104 obligans,
1860 1035 2083 1102 quamvis

378 1110 416 1146 S·
431 1109 599 1150 chron.],
664 1126 872 1175 necdum
917 1129 1245 1188 regeneratus,
1286 1127 1343 1171 ut
1388 1123 1564 1182 ferunt,
1603 1123 1654 1170 in
1702 1121 1913 1180 Christo,
1953 1119 2081 1184 quia,

322 1212 365 1260 si
413 1210 616 1275 cepisset
662 1209 888 1267 insulam,
938 1211 1163 1271 quartam
1208 1211 1399 1270 partem
1441 1205 1559 1269 ejus,
1608 1205 1754 1254 simul
1794 1210 1844 1253 et
1871 1203 2080 1267 praedae,

323 1293 535 1342 Domino
570 1293 724 1342 daret.
795 1289 942 1352 Quod
986 1289 1059 1338 ita
1103 1289 1264 1349 solvit,
1314 1292 1372 1336 ut
1417 1288 1543 1337 hanc
1583 1286 1801 1339 vilfrido
1841 1285 2082 1349 episcopo,

396 1394 473 1429 and
490 1394 593 1437 gives
669 1373 756 1439 qui
793 1378 914 1421 tunc
948 1372 1075 1420 forte
1110 1370 1171 1419 de
1205 1374 1350 1435 gente
1397 1386 1484 1419 sua
1518 1368 1860 1434 superveniens
1900 1368 2083 1428 aderat,

379 1445 609 1530 Wffirrittoto
667 1456 901 1506 utendam
939 1471 1030 1519 pro
1072 1453 1287 1502 Domino
1324 1453 1530 1502 offerret.
1617 1452 1708 1500 Est
1747 1457 1911 1500 autem
1950 1468 2084 1500 men-

385 1544 610 1587 evangelize.
668 1556 782 1588 sura
821 1538 1036 1602 ejusdem
1082 1536 1271 1596 insulae,
1302 1536 1450 1600 juxta
1489 1534 1857 1584 aestimationem
1898 1534 2084 1598 Anglo-

323 1640 447 1683 rum,
490 1623 624 1672 mille
665 1621 1016 1671 ducentarum²
1053 1619 1381 1669 familiarum:
1423 1619 1554 1668 unde
1590 1619 1704 1668 data
1744 1623 1820 1668 est
1860 1617 2084 1682 episcopo
2154 1613 2162 1619 ’

321 1707 556 1772 possessio
580 1711 724 1756 terrae
748 1708 1075 1754 trecentarum
1107 1703 1416 1752 familiarum.
1485 1701 1558 1752 At
1588 1703 1691 1767 ipse
1721 1706 1907 1766 partem
1937 1717 2087 1764 quam

322 1790 520 1854 accepit,
580 1787 938 1839 commendavit
995 1786 1186 1835 cuidam
1240 1786 1300 1835 de
1360 1786 1544 1852 clericis
1601 1785 1716 1846 suis,
1769 1785 1849 1833 cui
1906 1801 2084 1832 nomen

322 1872 577 1932 Bernuini,
629 1878 679 1920 et
724 1874 830 1919 erat
885 1869 1016 1917 filius
1072 1868 1248 1917 sororis
1295 1871 1411 1932 ejus,
1459 1867 1580 1917 dans
1626 1867 1699 1915 illi
1745 1867 2083 1932 presbyterum

323 1955 520 2004 nomine
558 1953 777 2013 Hiddila,
815 1951 900 2016 qui
941 1951 1167 2001 omnibus
1203 1951 1289 2016 qui
1330 1949 1509 2000 salvari
1553 1950 1747 2011 vellent,
1786 1950 1987 1999 verbum
2029 1965 2084 1998 ac

323 2039 570 2086 lavacrum
606 2037 723 2084 vitae
759 2034 1063 2083 ministraret
1078 2034 1111 2083 ³.
1252 2035 1254 2037 ’

394 2120 498 2169 Ubi
530 2117 720 2167 silentio
748 2116 1141 2181 praetereundum
1173 2132 1271 2164 non
1304 2131 1407 2164 esse
1438 2132 1560 2175 reor,
1596 2115 1726 2180 quod
1759 2114 1810 2162 in
1842 2114 2084 2179 primitias

375 2234 464 2270 'rwo
478 2245 565 2271 sons
580 2236 621 2271 of
667 2217 837 2249 eorum
866 2199 950 2264 qui
986 2199 1046 2247 de
1082 2198 1247 2247 eadem
1283 2197 1443 2246 insula
1475 2197 1712 2247 credendo
1746 2198 1919 2246 salvati
1955 2203 2084 2257 sunt,

364 2285 520 2342 Arva1d3
531 2286 624 2329 king
667 2283 764 2331 duo
779 2281 904 2346 regii
921 2280 1063 2346 pueri
1079 2281 1270 2340 fratres,
1286 2280 1513 2329 videlicet
1526 2279 1735 2329 Arualdi
1753 2280 1880 2344 regis
1894 2280 2082 2341 insulse,

405 2335 585 2420 {ilgtihaii
667 2365 867 2429 speciali
899 2369 1015 2414 sunt
1047 2364 1142 2413 Dei
1174 2364 1332 2428 gratia
1365 2363 1615 2413 coronati:
1653 2363 1890 2429 siquidem
1923 2364 2086 2413 immi-

387 2433 604 2470 Stoneham.
668 2448 897 2497 uentibus
925 2447 1098 2495 insulae
1122 2446 1359 2506 hostibus,
1383 2445 1501 2510 fuga
1532 2445 1657 2510 lapsi
1682 2452 1796 2495 sunt
1819 2446 1879 2495 de
1910 2447 2084 2507 insula,

325 2531 374 2576 et
405 2528 459 2576 in
491 2530 766 2592 proximam
791 2530 823 2578 J
827 2536 1027 2579 ntorum
1055 2528 1355 2594 provinciam
1378 2528 1630 2578 translati:
1666 2529 1751 2577 ubi
1787 2545 1898 2578 cum
1933 2529 2084 2579 delati

376 2638 391 2662 ¹
422 2639 526 2681 CAP.
548 2640 696 2693 XVI.]
727 2641 781 2680 In
799 2641 873 2681 the
899 2641 1047 2680 Moore
1067 2639 1177 2686 MS.,
1233 2654 1407 2693 appears
1436 2643 1480 2680 to
1513 2639 1620 2681 have
1653 2639 1932 2682 shamdwith
1962 2641 2084 2682 Wiht
2126 2661 2131 2665 ·

323 2694 407 2734 and
434 2695 479 2733 in
506 2695 670 2735 Cotton.
691 2696 754 2743 ΙΙ,
780 2696 866 2735 this
894 2695 1067 2748 chapter
1094 2695 1179 2735 and
1233 2695 1277 2734 in
1325 2695 1398 2735 the
1434 2695 1620 2748 blessing
1666 2696 1713 2736 of
1744 2696 1988 2737 conversion
2025 2697 2084 2750 by

322 2749 397 2789 the
416 2749 500 2789 last
519 2763 596 2790 one
625 2764 694 2790 are
721 2764 747 2790 a
766 2751 1057 2791 continuation
1078 2750 1125 2790 of
1138 2763 1174 2791 c.
1233 2750 1440 2791 wilfrith.
1496 2751 1551 2791 In
1582 2751 1655 2791 the
1686 2752 1826 2804 parish
1858 2751 2014 2791 church
2043 2750 2090 2791 of

329 2815 379 2857 14
398 2818 406 2844 :
437 2805 521 2844 and
542 2808 584 2844 to
604 2806 640 2845 it
658 2806 694 2845 is
712 2807 849 2857 given,
871 2819 916 2845 as
934 2820 960 2846 a
978 2805 1172 2858 heading,
1231 2805 1471 2854 Warnford,
1507 2819 1533 2845 a
1565 2806 1719 2858 village
1755 2807 1946 2847 between
1980 2807 2084 2847 East

323 2859 397 2899 the
424 2861 601 2899 number
627 2860 713 2899 xiv.
742 2861 826 2900 and
858 2860 932 2900 the
963 2861 1103 2900 rubric
1136 2860 1183 2900 of
1231 2860 1316 2901 and
1334 2861 1456 2907 West
1484 2861 1630 2907 Meon,
1649 2860 1686 2901 is
1713 2861 1804 2901 still
1832 2866 1876 2902 to
1905 2861 1958 2902 be
1985 2874 2083 2902 seen

324 2914 411 2954 this
431 2914 603 2967 chapter
621 2915 754 2955 alone.
811 2916 854 2956 S.
1231 2929 1286 2955 an
1322 2915 1572 2968 inscription
1606 2916 1834 2969 roeording,
1871 2917 1915 2956 in
1954 2916 2082 2956 Latin

379 2968 396 2991 ²
422 2969 537 3010 mille
555 2970 839 3024 ducentarum]
871 2969 948 3010 See
977 2970 1172 3020 Kemble‚
1231 2971 1279 3010 of
1318 2970 1392 3010 the
1430 2970 1599 3010 twelfth
1638 2977 1827 3024 century,
1864 2985 1920 3011 an
1966 2971 2083 3012 older

323 3025 351 3064 i.
378 3035 468 3063 101.
1231 3025 1477 3065 foundation
1525 3025 1574 3065 of
1613 3025 1819 3066 Wilfrith.
1887 3026 1947 3066 Of
1996 3026 2082 3066 this

380 3079 396 3102 ³
424 3078 696 3132 ministraret]
755 3079 844 3119 The
890 3080 1087 3132 province
1133 3079 1182 3119 of
1231 3080 1349 3120 older
1375 3080 1623 3120 foundation
1650 3081 1768 3121 there
1801 3094 1871 3120 are
1904 3095 1997 3121 now
2024 3093 2080 3121 no

325 3134 468 3178 Mean,
508 3134 643 3174 which
680 3133 765 3174 had
802 3135 907 3174 been
946 3134 1020 3173 the
1057 3135 1178 3175 other
1232 3135 1413 3175 remains
1431 3139 1577 3187 except
1595 3149 1621 3175 a
1640 3135 1804 3175 curious
1823 3135 1960 3176 Saxon
1981 3135 2080 3178 dial.

323 3189 420 3228 half
431 3189 476 3228 of
490 3189 744 3229 Wulfhere's
771 3188 851 3241 gift
879 3202 926 3228 as
953 3203 979 3228 a
1006 3203 1177 3241 sponsor
1231 3192 1308 3230 See
1346 3189 1514 3230 volume
1559 3190 1781 3242 published
1827 3191 1884 3244 by
1920 3190 2080 3230 British

323 3247 369 3284 to
388 3243 671 3285 AEthelwealh
690 3243 738 3284 of
751 3244 919 3294 Sussex,
940 3257 1007 3284 see
1022 3257 1062 3297 p.
1082 3257 1174 3298 239,
1231 3245 1436 3289 Amhaeol.
1453 3245 1732 3294 Association,
1754 3247 1873 3300 1845,
1892 3259 1933 3300 p.
1951 3255 2046 3300 410.
2131 3260 2135 3269 ·
