2216 3554
296 171 394 215 3100
862 161 1086 211 Historia
1121 161 1462 210 Ecclesiastica
1835 157 1967 227 [LIB.
1993 175 2043 209 v.

366 295 548 344 Mansit
592 297 753 343 autem
802 294 855 342 in
908 294 1186 359 episcopatu
1238 310 1389 342 annos
1438 291 1645 356 triginta
1689 295 1787 339 tres
1803 292 1833 350 ¹,
1882 294 1931 339 et
1977 291 2046 338 sic

335 418 480 460 Bishop
491 417 594 453 John
636 376 843 425 caelestia
875 394 1025 440 regna
1061 377 1380 425 conscendens
1416 374 1632 438 sepultus
1665 380 1736 422 est
1772 373 1824 420 in
1855 374 2048 436 porticu

373 468 572 503 retiresto
637 458 794 507 sancti·
830 459 976 518 Petri,
1019 459 1070 506 in
1107 457 1397 507 monasterio
1434 473 1535 515 suo,
1574 456 1705 520 quod
1739 456 1919 503 dicitur
1957 460 1967 480 ‘
1984 454 2047 502 In

357 517 571 607 Djrgyvffiso„
639 540 775 589 Silva
822 540 1091 600 Derorum}
1141 558 1269 589 anno
1321 540 1383 589 ab
1424 539 1752 587 incarnatione
1795 537 2049 586 Dominica

363 617 571 703 anthitggere
640 623 1067 686 septingentesimo
1104 623 1329 671 vicesimo
1370 621 1544 685 primo.
1633 621 1762 668 Nam
1797 637 1907 668 cum
1950 636 2050 682 prae

378 719 474 757 [Am.
495 725 565 758 7212
639 705 820 768 majore
855 710 1099 754 senectute
1136 705 1297 753 minus
1332 703 1628 768 episcopatui
1666 701 2050 751 administrando

361 766 577 808 S.Ghr0n.].
640 787 892 846 sufficeret,
953 787 1175 835 ordinato
1232 787 1286 834 in
1343 786 1672 849 episcopatum
1734 783 2051 832 Eboracensis

295 868 507 917 ecclesiae
531 868 746 918 Vilfrido
778 870 1057 932 presbytero
1094 887 1195 928 suo,
1229 869 1422 917 secessit
1456 869 1518 916 ad
1550 866 1896 915 monasterium
1930 883 2051 929 prae-

297 951 466 1010 fatum,
491 951 656 1014 ibique
679 951 833 1000 vitam
856 952 909 999 in
933 951 1040 1000 Deo
1064 952 1212 1015 digna
1235 951 1598 1000 conversatione
1624 949 1898 1014 complevit.

1027 1135 1168 1184 CAP.
1208 1135 1334 1186 VII.

300 1255 352 1296 Ut
379 1256 614 1307 caedualla,
644 1272 719 1298 rex
750 1257 1080 1299 occidentalium
1107 1258 1331 1307 Saxonum,
1364 1258 1640 1310 baptizandus
1669 1258 1843 1299 Romam
1871 1259 2025 1298 venerit
2041 1273 2053 1296 .·

408 1327 478 1367 sed
505 1331 543 1367 et
571 1341 767 1369 successor
792 1329 877 1380 ejas
904 1328 981 1368 Im:
1010 1329 1149 1370 eadem
1176 1329 1387 1369 beatorum
1416 1329 1690 1380 apostolorum
1716 1329 1870 1369 limina
1892 1328 2056 1368 devotus

409 1397 590 1437 adierit.··

330 1554 333 1557 ,
367 1506 525 1555 ΑΝΝΟ
548 1514 712 1556 autem
744 1507 882 1572 regni
915 1507 1306 1572 Aderidintertio
1322 1506 1352 1569 ²,
1381 1508 1628 1558 Caedualla
1659 1525 1745 1556 rex
1774 1507 2056 1556 Occidenta-

366 1628 590 1665 Oeadwaiha
644 1590 767 1638 lium
793 1591 1056 1651 Saxonum,
1082 1608 1191 1639 cum
1214 1591 1350 1654 genti
1374 1609 1472 1640 suae
1496 1591 1684 1639 duobus
1707 1591 1845 1638 annis
1870 1597 2055 1638 strenu-

374 1679 568 1715 abdicates
646 1671 808 1721 issime
838 1679 1077 1737 praeesset,
1112 1674 1282 1722 relicto
1318 1673 1521 1737 imperio
1556 1678 1757 1737 propter
1792 1673 2056 1720 Dominum

354 1728 538 1817 ancffigeg
549 1730 590 1764 ω
646 1772 944 1820 regnumque
1001 1763 1304 1820 perpetuum,
1352 1755 1489 1804 venit
1546 1756 1766 1815 Romam,
1819 1756 1909 1803 hoc
1963 1754 2056 1803 sibi

385 1830 569 1870 4³⁶8&
647 1837 813 1901 gloriae
848 1838 1105 1902 singularis
1140 1838 1413 1887 desiderans
1449 1837 1666 1900 adipisci,
1702 1841 1759 1886 ut
1794 1837 1855 1885 ad
1890 1837 2058 1884 limina

300 1919 554 1966 beatorum
578 1921 909 1983 apostolorum
937 1921 1070 1969 fonte
1093 1921 1401 1984 baptismatis
1435 1921 1727 1980 ablueretur,
1753 1919 1805 1967 in
1829 1936 1924 1983 quo
1958 1920 2057 1967 solo

302 2001 538 2049 didicerat
571 2003 738 2065 generi
769 2004 980 2052 humano
1011 2009 1175 2067 patere
1198 2004 1314 2053 vitae
1348 2003 1550 2053 caelestis
1586 2003 1876 2051 introitum:
1915 2003 2058 2050 simul

303 2083 451 2131 etiam
489 2099 687 2147 sperans
728 2085 843 2149 quia
881 2103 1011 2134 mox-
1032 2086 1321 2150 baptizatus,
1362 2103 1503 2134 carne
1551 2086 1738 2134 solutus
1776 2085 1839 2133 ad
1880 2091 2060 2133 aeterna

301 2165 481 2229 gaudia
510 2168 612 2228 jam
647 2167 859 2215 mundus
893 2169 1153 2217 transiret:
1204 2169 1334 2232 quod
1369 2173 1632 2232 utrumque
1666 2174 1724 2216 ut
1765 2174 1928 2216 mente
1963 2168 2058 2215 dis-

302 2254 544 2311 posuerat,
575 2249 786 2297 Domino
815 2250 1022 2313 juvante
1057 2251 1352 2314 completum
1387 2257 1475 2299 est.
1544 2250 1741 2299 Etenim
1772 2250 1856 2298 illo
1891 2266 2057 2312 perve-

376 2365 409 2399 is
424 2363 602 2405 baptized
648 2331 800 2392 niens,
842 2331 1178 2396 pontificatum
1225 2337 1397 2395 agente
1444 2332 1625 2395 Sergio,
1664 2332 1939 2396 baptizatus
1986 2336 2060 2380 est

387 2413 561 2505 ἓζῦὁέζῑ
646 2415 727 2462 die
758 2420 922 2463 sancto
954 2414 1144 2462 sabbati
1175 2415 1409 2478 paschalis
1424 2415 1456 2475 ³,
1483 2432 1608 2463 anno
1638 2416 1698 2463 ab
1731 2415 2060 2463 incarnatione

386 2512 465 2546 and
477 2512 557 2547 dies
649 2497 850 2545 Domini
875 2498 1218 2546 sexcentesimo
1243 2497 1566 2561 octuagesimo
1595 2515 1750 2546 nono:
1790 2503 1839 2546 et
1863 2498 1915 2546 in
1939 2498 2060 2546 albis

368 2571 458 2597 ⁸⁰⁰³
468 2562 576 2596 after.
649 2579 804 2628 adhuc
828 2580 1028 2643 positus,
1053 2580 1285 2643 languore
1308 2583 1568 2643 correptus,
1588 2580 1871 2628 duodecimo
1895 2579 2059 2627 kalen-

304 2663 475 2711 darum
515 2662 757 2711 Maiarum
797 2663 876 2711 die
918 2664 1105 2711 solutus
1146 2681 1175 2712 a
1215 2679 1369 2722 carne,
1413 2668 1462 2711 et
1508 2664 1765 2711 beatorum
1802 2667 1874 2710 est
1910 2678 2060 2727 regno

359 2789 374 2812 ¹
404 2789 581 2841 triyi‘nta
618 2789 717 2841 tres]
758 2788 812 2838 If,
853 2789 1075 2841 according
1113 2792 1157 2829 to
1210 2802 1323 2841 year.
1378 2788 1467 2828 The
1513 2789 1651 2829 Saxon
1692 2788 1907 2828 Chronicle
1944 2787 2061 2827 dates

305 2846 347 2886 S.
367 2845 531 2893 Chron„
555 2857 621 2884 see
649 2844 793 2889 above,
820 2857 861 2895 p.
887 2856 976 2892 202,
999 2849 1098 2883 note
1121 2856 1157 2890 1,
1211 2844 1277 2883 his
1311 2843 1438 2883 death
1471 2843 1517 2882 in
1547 2854 1635 2885 ΑΔ).
1680 2850 1771 2894 721,
1804 2843 1909 2882 with
1937 2841 2061 2881 much

308 2913 373 2940 we
403 2900 503 2939 date
532 2899 599 2938 his
633 2899 1014 2938 consecration--to
1042 2899 1156 2939 Hex-
1211 2899 1369 2938 detail:
1403 2902 1415 2921 ‘
1428 2899 1480 2938 he
1510 2912 1594 2939 was
1618 2899 1765 2950 bishop
1793 2897 2061 2949 thirty-three

304 2955 516 2994 ham—in
578 2964 666 2993 A.D.
725 2952 819 3003 685,
873 2954 1005 3005 thirty
1017 2953 1154 2993 -three
1207 2966 1326 3006 years
1345 2952 1432 2993 and
1451 2953 1569 3006 eight
1587 2953 1756 2993 months
1774 2953 1858 2992 and
1876 2951 2060 2991 thirteen

304 3009 709 3103 ,Ὑτῖἓῗὼἶίἓεοῗὲῗέ
727 3021 801 3102 ιὲἒ
818 3011 915 3101 <1222
928 3009 1153 3102 ῒέῂῑέξὲῑ
1209 3009 1447 3115 daffimio]
1487 3073 1577 3103 m.
1607 3061 1702 3103 688.
1758 3062 1835 3102 see
1863 3064 1932 3100 1200
1964 3059 2058 3099 sax.

307 3119 528 3170 signation.
584 3119 673 3158 Yet
709 3118 909 3157 Florence
937 3117 1057 3157 dates
1091 3118 1157 3158 his
1211 3119 1364 3158 Chron.

307 3174 551 3213 retirement
569 3177 614 3213 to
633 3172 861 3213 Derewood
889 3172 934 3211 in
952 3183 1039 3212 A.D.
1064 3180 1157 3223 721,
1269 3173 1284 3196 ³
1311 3173 1474 3213 sabbati
1487 3171 1721 3225 paschalis]
1742 3170 1868 3224 April
1890 3180 1952 3216 10,
1972 3177 2059 3207 Λα).

306 3228 391 3268 and
422 3228 487 3268 his
519 3228 649 3268 death
680 3227 788 3280 May
818 3234 840 3278 7
869 3227 914 3266 in
942 3227 1016 3266 the
1046 3240 1158 3267 same
1214 3226 1309 3281 689.
