2216 3554
200 156 322 205 GAP.
344 154 536 225 xxva]
829 153 994 205 Gentis
1030 152 1314 217 Anylorum.
1849 158 1946 203 279

199 288 295 335 alia
332 288 560 352 quaelibet
599 285 905 337 daemoniacae
943 285 1062 334 artis
1094 301 1267 333 arcana
1304 283 1527 332 cohibere
1564 284 1797 332 valerent.
1866 284 1950 332 Ad

201 378 518 434 utrorumque
564 387 678 432 ergo
725 370 1061 433 corrigendum
1110 384 1323 416 errorem
1369 367 1536 414 crebro
1583 366 1684 428 ipse
1730 367 1790 414 de
1847 384 1950 415 mo-

201 454 411 501 nasterio
460 469 688 516 egressus,
735 451 990 515 aliquoties
1045 467 1169 513 equo
1217 450 1400 508 sedem,
1449 448 1532 496 sed
1581 448 1758 511 saepius
1804 450 1950 511 pedes

200 535 437 594 incedens,
479 534 847 598 circumpositas
893 533 1117 582 veniebat
1165 532 1226 580 ad
1272 531 1428 590 villas,
1466 536 1516 578 et
1556 530 1686 578 viam
1726 531 1951 579 veritatis

198 618 492 680 praedicabat
526 616 829 676 errantibus3
880 616 1010 679 quod
1051 615 1210 679 ipsum
1248 614 1392 662 etiam
1427 612 1578 661 Boisil
1614 630 1699 661 suo
1735 619 1950 676 tempore

198 698 352 747 facere
377 705 703 748 consueverat.
774 699 898 747 Erat
915 698 1096 762 quippe
1122 697 1267 745 moris
1287 713 1342 744 eo
1361 701 1580 759 tempore
1596 697 1610 723 ¹
1635 695 1827 759 populis
1851 695 1951 743 An-

198 782 400 843 glorum,
434 787 490 830 ut
522 782 741 830 veniente
778 781 828 829 in
859 781 1028 829 villam
1060 781 1229 829 clerico
1259 780 1334 827 vel
1372 779 1667 842 presbytero,
1695 779 1857 826 cuncti
1890 779 1952 827 ad

199 866 302 925 ejus
343 864 602 927 imperium
623 865 845 912 verbum
884 863 1101 911 audituri
1143 862 1439 911 confluerent
1455 878 1467 922 ;
1512 861 1719 909 libenter
1754 878 1809 909 ea
1845 879 1951 925 quae

199 946 489 1004 dicerentur,
524 945 787 1006 .audirent;
837 946 1069 993 libentius
1110 962 1166 994 ea
1213 962 1321 1008 quae
1370 943 1538 991 audire
1586 949 1634 991 et
1670 943 1952 1005 vintelligere

199 1034 437 1091 poterant,
479 1029 722 1091 operando
761 1033 1088 1091 sequerentur.
1148 1028 1315 1076 ‘Porro
1353 1020 1628 1076 Cudbercto
1668 1031 1810 1074 tanta
1850 1029 1953 1073 erat

199 1111 389 1158 dicendi
435 1111 622 1173 peritia,
666 1117 833 1159 tantus
880 1128 1016 1159 amor
1062 1111 1381 1174 persuadendi
1429 1127 1537 1173 quae
1585 1115 1809 1173 coeperat,
1856 1109 1954 1156 tale

198 1194 363 1241 vultus
386 1193 611 1256 angelici
657 1194 836 1251 lumen,
875 1199 931 1242 ut
977 1194 1142 1241 nullus
1188 1193 1504 1256 praesentium
1546 1192 1753 1241 latebras
1792 1191 1835 1239 ei
1878 1191 1953 1239 sui

198 1276 354 1324 cordis
390 1276 542 1324 celare
577 1283 923 1339 praesumeret3
974 1293 1139 1325 omnes
1174 1277 1335 1339 palam
1364 1293 1472 1339 quae
1508 1279 1767 1339 gesserant,
1806 1275 1953 1323 eonfi-

198 1359 344 1406 tendo
379 1359 661 1423 proferrent,
700 1360 814 1423 quia
850 1360 1079 1408 nimirum
1115 1359 1215 1408 haec
1252 1359 1420 1407 eadem
1454 1358 1595 1406 illum
1630 1358 1780 1407 latere
1815 1357 1952 1405 nullo

198 1441 340 1488 modo
375 1442 614 1504 putabant
631 1458 644 1501 ;
685 1446 735 1490 et
769 1442 983 1490 confessa
1019 1442 1194 1506 dignis,
1230 1445 1288 1490 ut
1329 1441 1614 1504 imperabat,
1651 1439 1952 1504 poenitentiae

198 1524 435 1572 fructibus
459 1525 803 1587 abstergerent.
859 1525 1054 1574 Solebat
1073 1530 1237 1573 autem
1257 1541 1312 1573 ea
1330 1524 1540 1572 maxime
1558 1524 1663 1572 loca
1680 1539 1949 1587 peragrare,

197 1606 295 1653 illis
318 1607 655 1669 praedicare-in
680 1608 977 1671 viculis,·qui
1007 1608 1059 1655 in
1084 1608 1246 1655 arduis
1270 1607 1545 1670 asperisque
1571 1607 1817 1654 montibus
1841 1622 1952 1668 pro-

197 1689 277 1737 cul
300 1689 463 1751 positi,
488 1689 595 1737 aliis
620 1689 810 1738 horrori
833 1694 972 1738 erant
995 1690 1056 1737 ad
1080 1689 1348 1748 visendum,
1375 1693 1424 1737 et
1452 1693 1739 1752 paupertate
1771 1688 1954 1751 pariter

196 1788 251 1818 ac
286 1771 556 1820 rusticitate
597 1790 682 1821 sua
718 1774 972 1821 doctorum
1007 1773 1235 1821 arcebant
1276 1789 1527 1820 accessum.
1613 1772 1749 1832 Quos
1789 1776 1953 1819 tamen

196 1853 278 1901 ille
303 1854 387 1917 pio
411 1855 620 1904 libenter
644 1857 948 1920 mancipatus
978 1856 1135 1904 labori
1159 1861 1297 1903 tanta
1321 1855 1554 1903 doctrinae
1580 1854 1790 1902 sollertis
1813 1871 1952 1902 exco-

196 1937 327 1985 lebat
346 1938 603 1998 industria,
624 1946 679 1987 ut
697 1940 756 1987 de
771 1938 1063 1987 monasterio
1084 1955 1300 2002 egressus
1325 1954 1449 2001 saepe
1469 1937 1728 1985 ebdomade
1747 1937 1952 1999 integra,

196 2020 456 2084 aliquando
493 2021 680 2070 duabus
720 2022 794 2070 vel
829 2022 1003 2081 tribus,
1040 2037 1387 2083 nonnunquam
1425 2020 1571 2068 etiam
1611 2037 1773 2068 mense
1809 2020 1952 2083 pleno

196 2101 396 2149 domum
430 2120 528 2151 non
563 2104 771 2165 rediret;
809 2105 892 2152 sed
929 2104 1206 2152 demoratus
1242 2103 1294 2149 in
1327 2101 1585 2161 montanis,
1608 2102 1811 2165 ¹plebem
1846 2118 1952 2150 rus·-

196 2183 343 2231 ticam
379 2186 525 2234 verbo
560 2187 916 2250 praedicationis
952 2186 1095 2235 simul
1137 2191 1187 2234 et
1229 2201 1372 2249 opere
1408 2185 1608 2232 virtutis
1649 2184 1711 2233 ad
1746 2184 1954 2233 caelestia

197 2272 406 2316 vocaret.

268 2350 392 2398 Cum
417 2368 530 2415 ergo
554 2352 839 2400 venerabilis
872 2351 1072 2400 Domini
1103 2351 1312 2399 famulus
1336 2350 1528 2397 multos
1559 2349 1612 2397 in
1637 2349 1954 2398 Mailronensi

199 2433 490 2481 monasterio
532 2435 707 2498 degens
746 2451 922 2500 annos,
950 2434 1139 2498 magnis
1180 2433 1423 2481 virtutum
1461 2431 1611 2495 signis
1698 2459 1774 2494 and
1789 2459 1867 2493 had

198 2515 447 2577 efulgeret,
503 2517 757 2566 transtulit
815 2535 924 2566 eum
991 2515 1406 2564 reverentissimus
1464 2515 1611 2562 abbas
1665 2509 1761 2544 been
1776 2510 1901 2544 trans-

198 2598 349 2662 ipsius
390 2599 515 2647 Eata
555 2601 616 2647 ad
657 2600 866 2648 insulam
900 2598 1401 2657 <Lindisfarnensium‚
1437 2603 1494 2645 ut
1540 2597 1610 2645 ibi
1662 2559 1905 2644 Lffigriiqatrge

199 2699 388 2746 quoque
423 2683 655 2730 fratribus
691 2683 960 2732 custodiam
996 2681 1261 2745 disciplinae
1293 2680 1530 2743 regularis
1560 2686 1608 2728 et
1688 2658 1874 2743 byEZIgpot

198 2766 489 2813 auctoritate
521 2765 770 2829 praepositi
802 2765 1068 2823 intimaret,
1103 2768 1151 2812 et
1190 2762 1386 2828 propria
1422 2763 1610 2811 actione
1623 2758 1939 2799 [A·D·⁶⁰42F¹0¹'·]·

197 2835 602 2911 praemonstraret.
673 2848 803 2896 Nam
842 2854 890 2895 et
936 2848 1096 2910 ipsum
1139 2847 1297 2895 locum
1332 2851 1451 2895 tunc
1492 2846 1620 2894 idem
1663 2845 1951 2894 reverentis-

198 2931 348 2978 simus
372 2934 510 2993 pater
527 2930 720 2979 abbatis
738 2931 848 2993 jure
866 2930 1081 2994 regebat»
1131 2929 1432 2994 Siquidema
1450 2929 1749 2992 temporibus
1769 2928 1951 2976 ibidem

199 3012 413 3075 antiquis
449 3015 499 3060 et
535 3012 785 3076 episcopus
822 3029 931 3060 cum
968 3012 1108 3072 clero,
1135 3011 1365 3060 et'abbas
1400 3012 1583 3060 solebat
1615 3027 1807 3058 manere
1840 3027 1951 3057 cum

255 3108 268 3130 ¹
297 3121 341 3147 eo
360 3106 551 3158 tempore]
579 3107 686 3146 ‘The
698 3107 830 3146 words
846 3112 926 3146 “eo
942 3110 1046 3146 tem·
1100 3107 1237 3147 which
1265 3108 1299 3147 is
1325 3108 1536 3160 naturally
1556 3105 1776 3159 explained
1802 3106 1859 3156 by
1877 3103 1950 3143 the

200 3162 331 3216 pore'’
351 3163 462 3202 shew
483 3163 577 3202 that
604 3162 650 3202 in
676 3162 822 3203 Beda’s
842 3163 942 3202 time
962 3162 1046 3202 this
1101 3163 1307 3202 existence
1327 3163 1373 3202 of
1386 3163 1525 3215 parish
1546 3161 1769 3202 churohes)
1819 3160 1951 3199 Kem-

200 3222 360 3257 custom
413 3231 498 3258 was
545 3231 598 3257 no
647 3217 790 3271 longer
836 3217 1045 3263 observed.
1101 3217 1182 3267 ble,
1202 3218 1245 3259 ii.
1263 3229 1355 3270 417,
1378 3223 1490 3258 note.
