2216 3554
188 182 227 232 C
231 196 309 230 ΑΡ.
329 178 476 249 xxx]
818 179 982 228 Gentis
1017 177 1294 241 Anylorum.
1836 182 1932 227 285

189 316 314 364 sicut
338 332 435 363 uno
461 313 722 376 eodemque
746 317 961 375 tempore
984 327 1094 359 cum
1119 327 1175 358 eo
1200 309 1259 357 de
1284 326 1483 372 corpore
1502 308 1678 372 egredi,
1701 309 1771 357 ita
1791 311 1936 359 etiam

189 414 286 445 una
308 401 454 460 atque
473 394 750 443 indissimili
768 394 878 442 sede
897 397 1143 456 perpetuae
1163 391 1476 440 beatitudinis
1495 392 1749 440 meruisset
1771 393 1935 455 recipi.

259 479 397 527 Obiit
431 484 592 526 autem
628 480 766 540 pater
799 474 1214 524 reverentissimus
1248 474 1299 521 in
1335 474 1494 522 insula
1529 474 1698 532 Farne,
1725 475 1937 522 multum

190 563 472 625 deprecatus
507 560 680 607 fratres
717 562 774 606 ut
820 557 890 605 ibi
931 574 1121 621 quoque
1169 556 1469 619 sepeliretur,
1510 556 1597 603 ubi
1643 573 1740 603 non
1788 574 1938 620 parvo

192 649 407 707 tempore
442 660 528 706 pro
563 641 774 690 Domino
809 639 1058 689 militarat.
1129 638 1364 687 Attamen
1400 639 1595 687 tandem
1632 656 1797 687 eorum
1832 655 1939 702 pre-

193 728 329 776 cibus
363 726 520 774 victus
560 714 802 772 assensum
837 723 987 782 dedit,
1023 730 1079 770 ut
1119 723 1180 769 ad
1223 722 1432 770 insulam
1469 721 1939 769 Lindisfarnensium

194 810 386 866 relatus,
412 809 464 855 in
499 807 693 856 ecclesia
726 806 1057 869 deponeretur.
1129 805 1272 866 Quod
1308 806 1426 852 dum
1460 804 1641 852 factum
1677 808 1815 862 esset,
1842 804 1941 866 epi-

196 895 446 953 scopatum
482 889 691 938 ecclesiae
726 889 856 936 illius
890 905 1017 935 anno
1041 904 1141 935 uno
1174 888 1394 934 servabat
1418 886 1704 934 venerabilis
1739 886 1941 933 antistes

195 974 390 1032 Vilfrid,
428 973 578 1022 donec
619 973 875 1036 eligeretur
915 970 999 1034 qui
1040 987 1129 1034 pro
1166 969 1438 1019 Cudbercto
1480 969 1682 1017 antistes
1726 968 1942 1017 ordinari

197 1057 406 1105 deberet.

266 1138 532 1188 Ordinatus
567 1143 640 1185 est
674 1140 836 1184 autem
873 1140 981 1199 post
1016 1134 1117 1183 haec
1142 1134 1395 1193 Eadberct,
1420 1133 1499 1182 vir
1523 1134 1736 1183 scientia>
1757 1135 1943 1183 divina-

197 1238 304 1269 rum
330 1220 695 1283 Scripturarum'
715 1218 860 1267 simul
884 1223 931 1266 et
961 1224 1313 1280 praeceptorum
1338 1216 1603 1265 caelestium
1687 1243 1767 1271 m).
1787 1238 1860 1271 688,

198 1302 516 1361 observantia,
542 1319 596 1350 ac
631 1301 838 1349 maxime
874 1300 1285 1362 eleemosynarum
1323 1299 1603 1362 operatione
1675 1286 1874 1376 {3¹33}ssss

198 1385 430 1449 insignis;
480 1385 549 1432 ita
583 1389 639 1431 ut
669 1385 811 1446 juxta
846 1382 1014 1444 legem,
1041 1382 1264 1429 omnibus
1298 1383 1436 1430 annis
1471 1383 1597 1430 deci·
1643 1385 1894 1420 Lindisfarne.

199 1485 328 1515 mam
364 1484 462 1515 non
497 1466 652 1514 solum
688 1464 1070 1528 quadrupedum,
1108 1481 1279 1512 verum
1314 1465 1460 1512 etiam
1494 1465 1692 1528 frugum
1728 1465 1945 1513 omnium

198 1555 346 1613 atque
387 1565 640 1612 pomorum
681 1564 864 1595 necnon
906 1554 955 1596 et
990 1547 1387 1596 vestimentorum
1427 1551 1617 1610 partem
1658 1549 1948 1611 pauperibus

199 1634 349 1681 daret.

898 1877 1046 1927 CAP.
1084 1878 1241 1927 XXX.
1255 1879 1270 1904 ¹

203 2016 255 2058 Ut
291 2031 434 2069 corpas
464 2016 584 2057 illias
621 2022 710 2068 post
746 2016 935 2057 undecim
964 2030 1092 2058 annos
1124 2017 1340 2068 sepulturae
1372 2018 1426 2057 sit
1459 2017 1737 2068 corruptionis
1770 2018 1950 2057 immune

248 2090 478 2139 repertum:
507 2100 578 2127 nec
596 2087 726 2126 multo
741 2092 832 2139 post
851 2099 1049 2126 successor
1068 2085 1319 2138 episcopatus
1338 2087 1424 2139 ejus
1445 2086 1494 2125 de
1514 2086 1666 2126 mundo
1686 2086 1911 2126 transierit.
1927 2086 1932 2093 ’

206 2267 219 2273 ,
273 2207 482 2255 Vomms
516 2210 680 2254 autem
714 2206 859 2254 latius
895 2206 1224 2255 demonstrare
1248 2206 1412 2254 divina
1435 2205 1742 2270 dispensatio,
1768 2213 1951 2270 quanta

206 2291 257 2338 in
280 2289 436 2352 gloria
458 2289 535 2337 vir
556 2288 758 2336 Domini
783 2288 1026 2337 Oudberct
1050 2293 1161 2352 post
1184 2295 1389 2338 mortem
1413 2289 1611 2348 viveret,
1657 2307 1906 2344 Outhberht’s

207 2373 342 2437 cujus
400 2375 511 2419 ante
561 2375 767 2419 mortem
813 2371 916 2418 vita
973 2371 1194 2420 sublimis
1240 2370 1418 2419 crebris
1465 2370 1612 2421 etiam
1648 2360 1916 2452 11ξὲᾞέἲῷ

208 2455 549 2504 miraculorum
584 2454 779 2517 patebat
814 2453 1022 2512 indiciis,
1057 2453 1314 2502 transactis
1350 2454 1613 2517 sepulturae
1695 2466 1777 2493 ΛΦ·
1794 2461 1867 2502 ⁶98·

208 2537 311 2601 ejus
344 2535 482 2585 annis
505 2534 742 2596 undecim,
767 2534 973 2582 immisit
1004 2534 1056 2582 in
1080 2534 1242 2583 animo
1266 2534 1472 2584 fratrum
1496 2540 1554 2585 ut
1587 2537 1814 2586 tollerent
1847 2555 1953 2588 ossa

210 2619 355 2677 illius,
392 2635 499 2682 quae
545 2634 677 2666 more
717 2623 1023 2665 mortuorum
1062 2623 1348 2681 consumpto
1384 2619 1485 2680 jam
1526 2625 1575 2667 et
1611 2619 1664 2667 in
1704 2621 1954 2684 pulverem

210 2702 404 2750 redacto
447 2716 644 2763 corpore
681 2699 882 2763 reliqu0‚
918 2699 1040 2748 sicca
1078 2699 1367 2748 invenienda
1403 2700 1673 2764 putabant:
1722 2709 1867 2767 atque
1902 2704 1954 2751 in

210 2801 337 2832 novo
373 2781 619 2830 recondita
651 2782 819 2839 loculo,
845 2781 897 2828 in
933 2781 1098 2831 eodem
1133 2782 1327 2846 quidem
1362 2783 1482 2842 loco,
1518 2785 1600 2832 sed
1636 2802 1782 2848 supra
1816 2786 1953 2848 pavi-

211 2874 434 2914 mentum
476 2865 634 2928 dignae
668 2864 989 2913 venerationis
1030 2866 1186 2929 gratia
1225 2865 1451 2916 locarent.
1523 2866 1668 2928 Quod
1702 2869 1820 2916 dum
1863 2868 1955 2915 sibi

212 2947 447 3012 placuisse
465 2946 734 2995 Eadbercto
758 2946 964 2995 antistiti
990 2964 1076 2995 suo
1100 2948 1348 3007 referrent,
1368 2949 1537 2998 adnuit
1556 2950 1756 2998 consilio
1775 2967 1953 3008 eorum,

208 3030 448 3094 jussitque
495 3035 552 3077 ut
598 3029 676 3077 die
734 3029 1049 3092 depositionis
1107 3032 1207 3093 ejus
1265 3030 1354 3081 hoc
1401 3031 1554 3080 facere
1611 3031 1954 3096 meminissent.

214 3174 282 3270 thl
313 3175 416 3214 CAP.
440 3171 616 3268 ΙῖζίξζΧᾸ
673 3172 776 3213 This
803 3173 974 3226 chapter
1000 3173 1036 3215 in
1064 3175 1276 3216 extracted
1296 3177 1401 3216 from
1430 3176 1620 3229 chapters
1650 3188 1699 3226 4²
1731 3175 1815 3215 and
1840 3190 1864 3228 4
1870 3188 1893 3227 3
1913 3177 1958 3216 of

263 3243 285 3269 e
304 3242 420 3282 prose
509 3242 544 3269 e.
1063 3249 1066 3252 ·
