2216 3554
112 169 234 219 CAP.
250 164 381 235 XIV]
745 167 911 218 Gentis
945 165 1228 229 Anqlorwn.
1767 171 1864 216 243

111 307 274 368 animi,
316 307 592 371 sinceraque
637 306 888 355 devotione
930 309 1228 353 sacramenta
1272 303 1387 351 fidei
1430 320 1537 367 quae
1586 311 1864 368 susceperat

110 406 320 439 servans.
407 390 682 439 Salutantes
713 405 828 452 ergo
863 387 1002 435 illum
1032 387 1191 435 verbis
1225 385 1458 450 piissimis
1493 387 1703 450 apostoli
1736 388 1862 436 dice-

109 471 256 521 bant:
309 473 452 522 ‘Noli
491 472 674 530 timere,
716 470 803 530 fili,
840 475 1044 517 mortem
1091 486 1180 533 pro
1229 485 1325 532 qua
1367 469 1606 518 sollicitus
1649 486 1726 518 es:
1777 487 1864 518 nos

109 554 240 601 enim
285 559 335 603 te
381 554 612 603 hodierna
657 553 736 601 die
780 552 842 600 ad
889 551 1097 600 caelestia
1144 568 1313 599 sumus
1340 555 1512 615 'regna
1560 551 1861 614 perducturi.

109 635 206 685 Sed
251 637 464 700 primum
509 641 782 699 exspectare
826 634 974 682 habes
1020 634 1172 682 donec
1228 633 1388 682 missae
1439 633 1761 693 celebrentur,
1811 652 1864 683 ac

106 718 284 767 viatico
320 718 564 767 Dominici
598 716 811 780 corporis
846 733 902 764 ac
937 715 1189 779 sanguinis
1224 722 1435 779 accepto,
1475 716 1543 764 sic
1578 715 1862 766 infirmitate

105 800 252 848 simul
283 807 332 850 et
366 805 521 849 morte
553 800 800 849 absolutus
825 799 886 846 ad
921 803 1102 847 aeterna
1135 799 1184 846 in
1212 799 1340 847 caelis
1373 798 1551 862 gaudia
1582 799 1862 849 subleveris.

108 883 277 932 Clama
323 900 438 947 ergo
481 884 542 931 ad
588 887 638 931 te
684 882 1020 945 presbyterum
1069 881 1288 945 Eappan,
1329 885 1379 929 et
1425 881 1574 929 dicito
1623 881 1697 929 illi
1745 883 1863 946 quia

107 965 346 1015 Dominus
392 965 644 1015 exaudivit
688 981 852 1029 preces
892 970 1092 1023 vestras,
1136 968 1186 1012 et
1234 964 1538 1013 devotionem
1578 981 1634 1012 ac
1675 964 1863 1028 jejunia

103 1049 347 1112 propitius
384 1049 604 1112 aspexit:
652 1064 807 1111 neque
849 1047 1027 1111 aliquis
1063 1048 1122 1096 de
1163 1047 1255 1096 hoc
1293 1047 1602 1108 monasterio,
1639 1047 1740 1097 sive
1778 1050 1861 1097 ad-

98 1131 371 1194 jacentibus
395 1132 440 1180 ei
471 1130 864 1195 possessiunculis
896 1130 986 1178 hac
1015 1130 1149 1178 clade
1179 1131 1311 1178 ultra
1342 1130 1610 1178 moriturus
1634 1136 1708 1180 est
1723 1148 1736 1192 ;
1776 1133 1861 1180 sed

104 1231 268 1262 omnes
306 1213 390 1278 qui
431 1214 608 1262 alicubi
643 1214 703 1261 de
743 1213 920 1262 vestris
960 1213 1052 1261 hac
1092 1212 1383 1276 aegritudine
1425 1213 1660 1274 laborant,
1700 1231 1861 1263 resur-

104 1295 285 1343 recturi
314 1313 343 1344 a
376 1297 617 1359 languore,
651 1295 858 1359 pristina
893 1301 1010 1344 sunt
1046 1296 1279 1359 sospitate
1314 1296 1646 1359 recuperandi,
1678 1302 1859 1360 praeter

102 1383 153 1426 te
179 1379 337 1427 solum
362 1379 446 1442 qui
473 1379 704 1427 hodierna
728 1395 778 1427 es
802 1378 880 1427 die
912 1378 1189 1427 liberandus
1213 1396 1242 1427 a
1266 1382 1436 1439 morte,
1462 1383 1511 1427 et
1534 1380 1597 1428 ad
1620 1379 1859 1430 visionem

102 1460 304 1508 Domini
342 1461 526 1510 Christi
569 1461 647 1509 cui
687 1461 897 1509 fideliter
934 1462 1139 1520 servisti,
1181 1462 1520 1525 perducendus
1561 1462 1614 1511 in
1655 1465 1854 1513 caelum:

102 1544 231 1606 quod
266 1544 432 1593 divina
466 1544 603 1592 vobis
638 1543 968 1592 misericordia
1005 1561 1092 1607 per
1116 1544 1517 1610 *intercessionem
1554 1546 1767 1610 religiosi
1803 1565 1857 1597 ac

101 1625 206 1674 Deo
254 1626 418 1674 dilecti
466 1626 592 1689 regis
634 1626 851 1685 Osualdi,
904 1626 988 1689 qui
1039 1627 1285 1690 quondam
1331 1628 1468 1691 genti
1517 1628 1858 1694 Nordanhym-

98 1709 302 1756 brorum
338 1715 387 1757 et
420 1707 558 1772 regni
591 1709 875 1771 temporalis
919 1709 1208 1758 auctoritate
1245 1713 1295 1758 et
1332 1710 1622 1760 Christianae
1659 1713 1857 1776 pietatis

99 1807 207 1853 quae
254 1791 316 1838 ad
362 1807 567 1853 regnum
607 1807 817 1853 perenne
859 1791 995 1840 ducit
1037 1792 1293 1841 devotione
1331 1793 1610 1842 sublimiter
1646 1796 1855 1858 praefuit,

97 1874 311 1921 conferre
336 1873 535 1936 dignata
563 1877 652 1922 est.
724 1873 831 1920 Hac
868 1874 1047 1922 etenim
1079 1873 1159 1922 die
1193 1874 1323 1922 idem
1359 1892 1447 1922 rex
1482 1877 1543 1924 ab
1579 1876 1856 1926 infidelibus

96 1955 148 2003 in
183 1956 310 2004 bello
346 1955 660 2019 corporaliter
695 1955 979 2016 exstinctus,
1010 1973 1124 2003 mox
1159 1957 1222 2004 ad
1258 1958 1553 2021 sempiterna
1583 1959 1855 2008 animarum

96 2039 275 2101 gaudia
298 2039 585 2102 adsumptus
609 2038 660 2085 in
680 2039 850 2086 caelum
875 2044 924 2087 et
949 2039 1212 2087 electorum
1233 2046 1306 2089 est
1331 2040 1539 2090 sociatus
1564 2042 1854 2105 agminibus.

98 2121 332 2181 Quaerant
365 2121 418 2168 in
453 2120 551 2169 suis
581 2120 823 2168 codicibus
858 2120 910 2168 in
939 2122 1118 2184 quibus
1143 2123 1482 2172 defunctorum
1516 2129 1591 2172 est
1621 2125 1855 2173 adnotata

96 2203 350 2266 depositio,
384 2208 433 2251 et
467 2202 717 2251 invenient
750 2203 891 2252 illum
921 2203 1025 2264 hac,
1059 2210 1117 2253 ut
1153 2205 1384 2266 diximus,
1413 2206 1491 2255 die
1523 2212 1719 2271 raptum
1751 2225 1854 2256 esse

96 2286 156 2333 de
180 2285 369 2334 saeculo.
419 2284 676 2333 Celebrant
701 2301 813 2350 ergo
837 2287 1007 2335 missas
1031 2304 1118 2351 per
1141 2292 1317 2336 cuncta
1341 2289 1624 2337 monasterii
1642 2291 1854 2339 oratoria

94 2367 254 2431 hujus,
291 2367 391 2416 sive
425 2385 513 2431 pro
548 2367 816 2431 gratiarum
852 2369 1041 2417 actione
1077 2371 1319 2420 exauditae
1354 2389 1454 2420 suae
1485 2373 1853 2436 deprecationis,

94 2450 196 2498 sive
231 2450 376 2498 etiam
410 2450 463 2497 in
498 2450 778 2498 memoriam
820 2451 1014 2515 praefati
1055 2453 1183 2518 regis
1226 2453 1441 2515 Osualdi,
1478 2456 1566 2519 qui
1606 2457 1853 2520 quondam

94 2533 311 2596 ipsorum
334 2532 468 2595 genti
491 2539 713 2595 praeerat.
787 2534 1001 2598 Ideoque
1036 2552 1125 2599 pro
1155 2536 1225 2586 eis
1261 2537 1401 2600 quasi
1432 2555 1522 2602 pro
1559 2555 1660 2588 suae
1689 2540 1850 2603 gentis

94 2615 294 2663 advenis
317 2614 523 2678 supplex
547 2616 715 2664 orabat
747 2616 809 2664 ad
834 2617 1100 2666 Dominum
1121 2636 1131 2666 ε
1170 2625 1219 2668 et
1243 2620 1429 2668 cunctis
1453 2622 1853 2670 convenientibus

93 2698 156 2746 ad
180 2697 428 2746 ecclesiam
450 2697 699 2757 fratribus,
724 2699 1082 2749 communicent
1106 2718 1270 2751 omnes
1295 2703 1538 2752 sacrificiis
1563 2705 1847 2766 caelestibus,

92 2784 143 2828 et
167 2779 237 2828 ita
260 2779 418 2828 soluto
435 2780 623 2843 jejunio
648 2797 820 2844 corpus
839 2798 1031 2846 quoque
1057 2783 1156 2832 suis
1180 2784 1399 2834 reficiant
1422 2786 1697 2836 alimentis.5

162 2862 283 2923 Quae
325 2875 435 2911 cum
476 2862 638 2911 omnia
674 2869 844 2912 vocato
885 2865 948 2913 ad
989 2882 1039 2915 se
1079 2868 1359 2931 presbytero
1396 2886 1520 2933 puer
1556 2871 1704 2919 verba
1738 2887 1848 2918 nar-

91 2950 260 3005 rasset,
308 2944 628 3009 interrogavit
675 2963 785 2994 eum
834 2947 1070 2998 sollicitus
1118 2951 1285 3014 quales
1337 2958 1496 3002 essent
1550 2953 1723 3001 habitu
1769 2955 1848 3001 vel

90 3028 248 3090 specie
266 3027 362 3075 viri
386 3027 472 3091 qui
495 3026 589 3075 sibi
608 3029 959 3092 apparuissent.
1029 3023 1328 3097 Respondit:
1368 3039 1380 3060 ‘
1398 3035 1622 3084 Praeclari
1647 3036 1845 3084 omnino

89 3109 284 3159 habitus
319 3115 369 3159 et
403 3110 570 3158 vultus
607 3116 760 3171 erant,
792 3112 1032 3161 laetissimi
1068 3131 1124 3164 ac
1157 3116 1490 3180 pulcherrimi,
1520 3118 1683 3181 quales
1718 3134 1845 3165 nun-

90 3209 238 3257 quam
273 3196 387 3242 ante
422 3191 652 3253 videram,
690 3211 845 3259 neque
887 3195 1075 3260 aliquos
1113 3199 1366 3248 hominum
1407 3200 1533 3249 tanti
1570 3200 1754 3248 decoris
1790 3217 1844 3249 ac

907 3293 941 3327 R
969 3295 993 3327 2
