2216 3554
180 173 303 224 CAP.
330 173 462 245 xxn]
826 176 990 226 Gentis
1022 176 1312 239 Anqlorum.
1829 181 1927 226 349

178 324 344 371 peram
381 314 596 374 tangant.
691 308 942 372 Iidemque
980 324 1171 371 poenam
1211 307 1388 356 erroris
1435 307 1512 356 sui
1552 306 1603 355 in
1644 309 1927 373 semetipsos

180 392 478 456 recipientes,
515 409 626 442 oum
659 391 710 440 in
746 390 971 439 vicesima
1007 390 1216 438 secunda
1250 389 1327 438 die
1363 390 1540 438 mensis
1575 390 1764 453 paschae
1798 391 1927 440 diem

180 480 406 525 statuunt
440 475 761 533 Dominicum,
791 472 1033 537 legitimos
1067 472 1238 535 utique
1270 472 1502 520 terminos
1536 472 1724 537 paschae
1761 478 1927 536 aperta

178 558 554 623 transgressione
585 557 783 616 violant,
809 560 978 620 utpote
1011 556 1097 620 qui
1131 556 1192 604 ab
1227 555 1359 604 illius
1395 555 1492 604 diei
1518 572 1717 619 vespera
1750 557 1927 620 pascha

179 641 432 705 incipiunt,
458 642 509 690 in
533 658 629 705 qua
651 641 742 689 hoe
766 640 872 688 Lex
895 638 1215 688 consummari
1239 645 1288 687 et
1311 638 1477 702 perfici
1502 639 1675 687 debere
1698 639 1925 699 decrevit,

179 724 315 772 illam
346 725 396 772 in
427 723 603 787 pascha
634 722 762 771 diem
795 722 1051 786 adsignent
1082 721 1303 785 primam,
1329 720 1466 784 cujus
1501 720 1555 768 in
1587 721 1718 784 Lege
1744 723 1927 771 mentio

179 807 312 855 nulla
336 824 538 871 usquam
560 806 815 871 reperitur,
839 805 891 853 id
916 810 1002 864 est,
1023 809 1208 869 quartae
1231 802 1438 867 primam
1463 803 1758 867 septimanae.
1828 805 1924 866 Qui

178 889 373 954 utrique
401 907 499 938 non
523 890 675 938 solum
699 888 751 936 in
774 887 1059 937 diffinitione
1091 891 1142 936 et
1176 892 1403 950 computo
1436 886 1618 935 lunaris
1642 887 1815 946 aetatis,
1842 888 1925 936 sed

177 979 228 1021 et
274 973 327 1021 in
367 973 542 1022 mensis
582 973 730 1036 primi
765 988 1111 1036 nonnunquam
1149 970 1426 1020 inventione
1463 970 1715 1021 falluntur.
1803 971 1923 1032 Quae

178 1055 445 1119 disputatio
477 1055 630 1118 major
658 1059 743 1114 est,
771 1072 914 1118 quam
939 1053 1144 1117 epistola
1172 1053 1262 1101 hac
1285 1053 1364 1102 vel
1387 1053 1545 1102 valeat
1569 1053 1922 1117 comprehendi,

178 1139 256 1186 vel
281 1138 462 1187 debeat.
534 1138 744 1187 Tantum
768 1138 859 1186 hoc
883 1137 1053 1196 dicam,
1078 1136 1209 1200 quod
1236 1153 1322 1199 per
1354 1136 1702 1200 aequinoctium
1729 1138 1925 1186 vernale

177 1237 364 1284 semper
385 1221 709 1270 inerrabiliter
730 1221 883 1285 possit
906 1220 1130 1278 inveniri,
1159 1218 1240 1283 qui
1276 1220 1453 1268 mensis
1477 1222 1619 1283 juxta
1643 1228 1924 1284 computum

176 1304 303 1351 lunae
348 1304 536 1367 primus
582 1303 710 1364 anni,
752 1303 837 1367 qui
884 1319 987 1351 esse
1032 1303 1204 1351 debeat
1254 1302 1468 1351 ultimus.
1555 1303 1924 1367 AEquinoctium

176 1393 353 1446 autem,
399 1386 543 1450 juxta
603 1385 895 1435 sententiam
948 1385 1165 1434 omnium
1216 1385 1551 1444 Orientalium,
1603 1393 1653 1435 et
1714 1386 1924 1434 maxime

175 1469 538 1532 AEgyptiorum,
582 1469 667 1534 qui
711 1487 811 1533 prae
858 1468 1044 1518 caeteris
1081 1468 1357 1516 doctoribus
1398 1468 1667 1517 calculandi
1712 1469 1923 1532 palmam

175 1555 358 1612 tenent,
405 1552 685 1601 duodecimo
733 1553 1049 1600 kalendarum
1096 1549 1350 1614 Aprilium
1392 1550 1471 1599 die
1516 1551 1769 1614 provenire
1810 1569 1922 1600 con-

175 1634 346 1693 suevit,
383 1640 440 1683 ut
478 1635 625 1683 etiam
660 1635 756 1699 ipsi
795 1635 1068 1698 horologica
1102 1633 1397 1697 inspectione
1435 1633 1708 1697 probamus
1781 1635 1922 1697 Quae—

176 1733 382 1779 cumque
418 1734 531 1780 ergo
566 1718 681 1765 luna
721 1721 833 1766 ante
870 1716 1217 1781 aequinoctium
1256 1716 1399 1779 plena
1436 1722 1523 1775 est,
1566 1718 1924 1780 quartadecima

174 1799 399 1848 videlicet
432 1801 508 1849 vel
545 1800 900 1864 quintadecima
941 1799 1168 1859 existens,
1204 1798 1305 1848 haec
1350 1799 1412 1846 ad
1450 1799 1764 1862 praecedentis
1806 1803 1922 1851 anni

173 1882 486 1931 novissimum
509 1883 720 1946 pertinet
743 1899 968 1941 mensem,
995 1882 1197 1945 ideoque
1230 1881 1418 1945 paschae
1443 1882 1723 1930 celebrando
1747 1883 1922 1932 habilis

174 1980 271 2012 non
306 1971 392 2014 est.
464 1966 583 2027 Quae
617 1983 730 2015 vero
765 1971 874 2029 post
912 1964 1257 2029 aequinoctium
1291 1964 1369 2012 vel
1405 1964 1456 2012 in
1491 1964 1595 2027 ipso
1630 1966 1922 2029 aequinoctio

174 2063 316 2095 suum
356 2047 676 2112 plenilunium
713 2048 873 2109 habet,
911 2048 964 2096 in
1005 2048 1092 2096 hac
1139 2048 1318 2110 absque
1365 2047 1465 2095 ulla
1505 2047 1766 2108 dubietate,
1809 2048 1923 2113 quia

173 2129 320 2191 primi
342 2130 520 2179 mensis
545 2136 631 2190 est,
656 2135 706 2179 et
728 2131 953 2194 antiquos
976 2130 1153 2194 pascha
1177 2130 1415 2179 celebrare
1440 2129 1619 2190 solitos,
1644 2136 1693 2179 et
1725 2147 1813 2179 nos
1836 2131 1922 2178 ubi

175 2211 433 2261 Dominica
450 2212 553 2262 dies
576 2213 840 2272 advenerit,
860 2213 1096 2261 celebrare
1121 2213 1292 2261 debere
1316 2213 1610 2260 noscendum
1628 2219 1714 2263 est.
1776 2213 1922 2274 Quod

173 2292 244 2340 ita
266 2292 372 2342 fieri
396 2301 615 2358 oportere
643 2295 727 2343 illa
758 2295 989 2344 nimirum
1023 2294 1148 2342 ratio
1177 2294 1323 2357 cogit,
1349 2294 1465 2358 quia
1492 2294 1546 2342 in
1570 2293 1744 2344 Genesi
1770 2296 1920 2359 scrip-

173 2382 280 2424 tum
318 2381 391 2426 est
405 2377 436 2436 ¹,
475 2379 605 2441 quod
642 2382 668 2403 “
686 2378 799 2426 fecit
833 2378 969 2426 Deus
1005 2378 1102 2426 duo
1136 2377 1396 2425 luminaria
1436 2394 1609 2441 magna
1624 2394 1637 2439 3
1681 2378 1921 2427 luminare

174 2461 342 2522 majus,
360 2464 417 2507 ut
439 2466 663 2523 praeesset
687 2459 782 2508 diei
799 2477 811 2520 ;
849 2466 897 2508 et
921 2459 1158 2508 luminare
1182 2459 1356 2518 minus,
1381 2465 1437 2508 ut
1465 2465 1694 2523 praeesset
1716 2461 1848 2510 nocti
1867 2480 1876 2510 :
1895 2462 1920 2482 ''

172 2540 264 2600 vel,
300 2540 428 2589 sicut
461 2542 557 2589 alia
591 2542 712 2590 dicit
751 2542 917 2601 editio,
956 2541 1236 2590 “luminare
1274 2542 1429 2605 majus
1470 2540 1522 2589 in
1560 2542 1919 2591 inchoationem

172 2623 298 2683 diei3
339 2629 388 2671 et
422 2623 658 2672 luminare
692 2625 853 2672 minus
891 2624 942 2671 in
978 2623 1331 2672 inchoationem
1366 2623 1563 2674 noctiS.''
1634 2625 1772 2674 Sicut
1807 2643 1920 2690 ergo

171 2706 308 2769 prius
343 2707 414 2755 sol
443 2723 472 2754 a
504 2706 660 2755 medio
696 2707 955 2770 procedens
990 2706 1190 2755 orientis
1226 2707 1569 2771 aequinoctium
1604 2708 1796 2757 vernale
1832 2725 1920 2756 suo

171 2787 383 2852 praefixit
425 2795 630 2850 exortu;
679 2789 850 2837 deinde
892 2790 1022 2848 luna,
1058 2790 1156 2838 sole
1192 2790 1253 2838 ad
1286 2807 1536 2854 vesperam
1572 2790 1833 2849 occidente,
1870 2796 1919 2838 et

172 2871 277 2934 ipsa
305 2871 447 2934 plena
469 2889 499 2919 a
523 2871 681 2919 medio
714 2878 875 2920 secuta
906 2878 979 2920 est
1011 2872 1241 2922 orientis:
1279 2872 1348 2921 ita
1376 2872 1598 2922 omnibus
1629 2872 1765 2921 annis
1789 2872 1917 2920 idem

173 2954 361 3016 primus
396 2953 526 3002 lunae
560 2954 737 3002 mensis
772 2954 940 3003 eodem
973 2971 1163 3003 necesse
1194 2959 1266 3003 est
1295 2955 1462 3005 ordine
1497 2955 1695 3014 servari,
1729 2960 1785 3002 ut
1820 2971 1918 3002 non

171 3041 282 3083 ante
306 3035 668 3099 aequinoctium,
694 3036 777 3084 sed
801 3037 876 3085 vel
904 3036 1010 3100 ipso
1035 3037 1312 3101 aequinoctii
1336 3038 1427 3098 die,
1455 3038 1578 3087 sicut
1601 3038 1652 3085 in
1679 3036 1917 3100 principio

172 3119 350 3167 factum
377 3122 462 3178 est,
487 3119 562 3166 vel
588 3135 643 3167 eo
667 3122 942 3168 transcenso
965 3119 1290 3183 plenilunium
1319 3121 1495 3171 habere
1520 3121 1704 3170 debeat.
1778 3118 1845 3166 At
1874 3119 1918 3167 si

755 3242 770 3266 ¹
798 3245 995 3298 scriptum
1014 3245 1084 3299 est]
1106 3245 1208 3286 Gen.
1229 3244 1256 3287 i.
1282 3245 1344 3286 16.
