2216 3554
149 201 265 251 CAP.
295 195 366 268 x.]
800 197 964 247 Gentis
997 196 1288 258 Anylorum.
1803 200 1901 245 233

150 339 262 398 gata
290 353 319 383 a
342 329 816 388 circumsedentibus,
842 346 952 378 cum
977 345 1072 393 quo
1096 329 1405 392 loqueretur:
1443 330 1454 351 ‘
1474 325 1600 375 Cum
1625 327 1903 386 carissima,'

149 417 328 480 inquit,
353 421 486 463 ‘mea
521 420 674 462 matre
705 411 1021 475 AEdilburge.'
1091 411 1172 459 Ex
1205 425 1300 473 quo
1332 409 1617 457 intellexere
1644 410 1773 472 quod
1798 411 1905 473 ipsa

149 500 193 546 ei
218 504 410 562 tempus
445 514 544 545 suae
566 494 1009 559 transmigrationis
1038 493 1091 541 in
1118 492 1397 556 proximum
1422 492 1652 540 nunciare
1677 492 1903 540 venisset.

151 581 281 628 Nam
305 586 354 628 et
376 580 448 627 ita
470 583 527 627 ut
550 579 764 641 rogabat,
790 581 1035 624 transacta
1058 592 1156 622 una
1179 574 1257 622 die
1289 591 1344 622 ac
1377 579 1531 632 nocte,
1558 573 1717 633 soluta
1749 574 1906 622 carnis

152 662 294 710 simul
318 667 367 711 et
389 658 931 719 infirmitatisvinculis‚
958 658 1019 706 ad
1043 663 1236 706 aeternae
1261 656 1438 720 gaudia
1462 655 1635 704 salutis
1660 655 1880 705 intravit.

898 912 1040 962 OAP.
1077 912 1146 962 X.

245 1061 295 1103 Ut
324 1063 382 1103 ad
409 1062 665 1115 cymiterium
694 1061 869 1114 ejusdem
896 1060 1137 1101 monasterii
1165 1072 1287 1099 orans
1316 1071 1420 1100 coeca
1450 1058 1586 1099 lamen
1611 1058 1819 1111 receperit.

221 1182 494 1231 SUGCESSIT
526 1186 688 1229 autem
720 1180 998 1244 AEdilburgi
1032 1180 1085 1227 in
1118 1179 1270 1227 officio
1306 1178 1562 1227 abbatissae
1591 1179 1765 1228 devota-
1802 1181 1907 1228 Deo

153 1265 348 1322 famula,
382 1265 574 1312 nomine
609 1263 872 1322 Hildilid1,
906 1262 1172 1326 multisque
1207 1261 1360 1321 annis,
1394 1261 1445 1308 id
1476 1267 1563 1319 est,
1637 1297 1670 1325 4,
1684 1285 1840 1320 Ablind

152 1363 306 1410 usque
352 1347 414 1394 ad
455 1346 681 1394 ultimam
729 1350 1024 1395 senectutem
1071 1344 1226 1392 eidem
1271 1343 1564 1391 monasterio
1597 1335 1873 1420 W0fffflffi}m·

152 1429 493 1487 strenuissime,
519 1428 570 1475 in
594 1429 901 1476 observantia
931 1426 1201 1489 disciplinae
1233 1426 1486 1488 regularis,
1517 1428 1566 1472 et
1675 1427 1804 1461 cui-ed.

153 1511 204 1558 in
233 1528 398 1559 earum
428 1528 536 1574 quae
571 1511 633 1559 ad
669 1527 945 1559 communes
975 1527 1091 1557 usus
1126 1507 1373 1572 pertinent
1407 1524 1569 1555 rerum
1605 1505 1911 1570 providentia

151 1593 360 1656 praefuit.
403 1593 496 1642 Cui
512 1610 619 1641 cum
637 1599 836 1657 propter
851 1592 1127 1656 angustiam
1143 1591 1235 1639 loci
1252 1591 1301 1638 in
1319 1608 1414 1654 quo
1434 1589 1779 1638 monasterium
1796 1606 1910 1637 con-

153 1679 390 1723 structum
417 1681 502 1734 est,
522 1676 782 1738 placuisset
801 1680 855 1723 ut
874 1692 979 1723 ossa
1002 1675 1296 1722 famulorum
1314 1673 1703 1736 famularumque
1723 1671 1912 1721 Christi

152 1774 259 1821 quae
314 1757 496 1804 ibidem
544 1758 735 1805 fuerant
782 1758 1041 1817 tumulata,
1083 1757 1387 1815 tollerentur,
1435 1761 1484 1804 et
1530 1756 1911 1803 transferrentur

153 1839 313 1887 omnia
335 1840 387 1887 in
412 1840 659 1888 ecclesiam
691 1841 846 1888 beatae
878 1840 969 1888 Dei
997 1839 1263 1903 genitricis,
1289 1855 1482 1901 unoque
1516 1838 1835 1886 conderentur
1858 1838 1911 1886 in

152 1923 255 1970 loco
275 1940 285 1970 :
324 1923 514 1986 quoties
534 1922 604 1969 ibi
623 1922 816 1970 claritas
835 1922 1032 1969 luminis
1052 1921 1270 1980 caelestis,
1293 1926 1475 1984 quanta
1499 1938 1626 1984 saepe
1643 1920 1913 1984 fragrantia

153 2005 361 2052 mirandi
394 2004 674 2068 apparuerit
711 2005 884 2065 odoris,
920 2021 1027 2068 quae
1063 2003 1158 2052 alia
1188 2004 1287 2052 sint
1316 2004 1455 2067 signa
1491 2010 1696 2062 ostensa,
1723 2003 1775 2050 in
1804 2002 1911 2065 ipso

153 2087 279 2135 libro
304 2087 363 2135 de
386 2104 483 2150 quo
506 2087 610 2135 haec
635 2088 978 2151 excerpsimus,
1005 2088 1209 2151 quisque
1233 2087 1419 2150 legerit,
1446 2086 1677 2135 inveniet.

224 2170 349 2219 Sane
381 2170 657 2218 nullatenus
687 2172 1083 2234 praetereundum
1112 2171 1326 2219 arbitror
1353 2170 1643 2218 miraculum
1673 2169 1911 2229 sanitatis,

156 2253 286 2315 quod
320 2253 381 2300 ad
418 2252 578 2316 ipsum
617 2253 925 2317 cymiterium
959 2254 1067 2301 Deo
1099 2253 1271 2301 dicatae
1307 2252 1695 2316 congregationis
1731 2253 1913 2301 factum

156 2334 287 2382 idem
320 2335 513 2383 libellus
548 2336 707 2384 refert.
778 2337 901 2385 Erat
937 2337 1116 2401 quippe
1154 2337 1205 2383 in
1240 2336 1466 2399 proximo
1502 2353 1660 2384 comes
1696 2336 1912 2399 quidam,

157 2420 292 2479 cujus
337 2434 463 2466 uxor
502 2418 756 2482 ingruente
798 2420 950 2468 oculis
994 2420 1199 2483 caligine
1240 2420 1415 2479 subita,
1452 2425 1649 2468 tantum
1685 2437 1773 2483 per
1811 2419 1914 2466 dies

157 2501 324 2548 eadem
347 2501 568 2549 molestia
591 2502 919 2551 crebrescente
942 2509 1145 2565 gravata
1164 2508 1250 2560 est,
1270 2508 1327 2550 ut
1353 2520 1411 2550 ne
1436 2502 1690 2550 minimam
1715 2502 1915 2566 quidem

157 2582 280 2630 lucis
327 2583 528 2646 alicujus
569 2589 732 2647 posset
767 2586 1057 2648 particulam
1092 2585 1271 2635 videre.
1343 2585 1438 2634 Cui
1474 2586 1591 2634 dum
1628 2585 1914 2649 aliquandiu

158 2665 388 2713 caecitatis
412 2665 556 2729 hujus
591 2675 730 2716 nocte
764 2669 926 2716 clausa
959 2674 1188 2728 maneret,
1214 2671 1414 2732 repente
1437 2668 1574 2717 venit
1607 2668 1659 2716 in
1684 2673 1912 2723 mentem,

158 2747 273 2810 quia
296 2748 337 2795 si
356 2748 417 2795 ad
436 2750 782 2799 monasterium
802 2751 961 2799 delata
979 2751 1226 2814 virginum
1245 2750 1702 2810 sanctimonialium,
1723 2751 1785 2799 ad
1804 2750 1915 2798 reli-

159 2830 298 2893 quias
322 2834 598 2879 sanctorum
627 2837 828 2895 peteret,
854 2834 1095 2897 perditam
1127 2839 1289 2898 posset
1321 2834 1534 2897 recipere
1565 2834 1739 2882 lucem.
1809 2833 1916 2881 Nec

159 2913 352 2961 distulit
382 2912 501 2977 quin
533 2915 777 2975 continuo,
814 2916 943 2979 quod
976 2922 1136 2964 mente
1172 2921 1471 2979 conceperat,
1499 2917 1729 2980 expleret.
1802 2915 1915 2962 Per-

159 2995 303 3043 ducta
336 3012 544 3060 namque
577 3013 606 3044 a
635 2997 808 3060 puellis
842 2998 941 3046 suis
976 2998 1036 3046 ad
1073 3000 1432 3059 monasterium,
1467 3000 1582 3063 quia
1611 2999 1662 3045 in
1691 2997 1913 3061 proximo

161 3082 280 3137 erat,
307 3077 392 3125 ubi
426 3077 572 3126 fidem
604 3096 703 3129 suae
732 3081 997 3129 sanationis
1029 3080 1272 3146 integram
1296 3099 1346 3131 se
1369 3082 1548 3131 habere
1578 3082 1795 3145 professa
1825 3083 1914 3139 est,

158 3216 473 3313 wlfllfflffliid]
514 3217 670 3272 Bishop
708 3218 906 3259 Aldhelm
943 3219 1160 3261 dedicated
1196 3220 1261 3261 his
1298 3221 1468 3262 treatise
1502 3227 1512 3242 ⁴
1527 3220 1593 3259 De
1627 3216 1887 3271 Virginitate
1901 3215 1913 3234 ’

279 3285 290 3311 1
433 3302 445 3315 .
840 3286 844 3289 ’
