2216 3554
311 164 407 209 346
885 155 1114 205 Historia
1147 155 1486 205 Ecclesiastico»
1848 151 1979 220 [Ln3.
2004 169 2053 201 v.

307 291 493 340 decima
539 294 652 339 sunt
693 288 853 337 educti
899 305 958 338 ex
1005 290 1234 353 AEgypto,
1281 289 1406 338 sicut
1450 288 1503 335 in
1549 288 1676 335 libro
1723 287 2052 335 Numerorum

305 372 606 436 apertissime
647 372 877 420 scribitur
892 372 923 420 ¹.
997 377 1026 397 “
1043 372 1252 420 Profecti
1293 372 1448 436 igitur
1487 372 1546 419 de
1593 371 1819 417 Ramesse
1862 368 2052 432 quinta-

305 455 489 504 decima
520 456 598 504 die
632 455 809 503 mensis
843 455 1007 518 primi,
1045 455 1198 503 altera
1229 455 1308 502 die
1341 455 1491 518 phase
1522 453 1613 500 filii
1641 452 1795 500 Israel
1826 451 1874 498 in
1906 467 2052 498 manu

305 537 531 587 excelsa.’'
584 539 780 602 Septem
800 555 913 602 ergo
937 537 1040 585 dies
1063 555 1358 601 azymorum,
1380 538 1431 584 in
1449 553 1654 600 quarum
1672 534 1831 598 prima
1849 534 2053 581 eductus

304 627 377 669 est
411 621 619 683 populus
655 620 857 668 Domini
889 636 949 668 ex
981 620 1215 684 AEgyptO,
1248 621 1309 669 ab
1344 620 1504 677 initio,
1539 623 1598 666 ut
1632 617 1859 675 diximus
1898 614 2054 663 tertiae

305 703 600 766 septimanae,
634 702 724 750 hoc
752 708 838 762 est,
864 718 892 749 a
916 702 1273 765 quintadecima
1303 702 1382 750 die
1414 701 1591 749 mensis
1625 700 1787 764 primi,
1812 715 1964 762 usque
1992 699 2054 746 ad

304 785 579 834 vicesimam
610 785 816 847 primam
849 785 1061 847 ejusdem
1093 786 1270 833 mensis
1301 785 1429 833 diem
1461 784 1749 847 completam
1787 780 2055 844 computari

304 872 512 931 oportet.
583 868 731 915 Porro
749 866 852 914 dies
876 867 1231 930 quartadecima
1249 874 1386 915 extra
1409 868 1538 915 hunc
1562 882 1816 914 numerum
1842 866 2056 926 separat-

304 950 373 997 im
396 950 486 998 sub
510 949 698 1013 paschae
721 949 866 997 titulo
890 952 1204 1011 praenotatur,
1225 950 1349 998 sicut
1374 949 1534 998 Exodi
1559 947 1809 1012 sequentia
1832 950 2055 1010 patenter

303 1033 503 1080 edocent
518 1048 531 1092 ς
580 1031 667 1079 ubi
712 1047 822 1079 cum
868 1031 1052 1079 dictum
1098 1038 1250 1080 esset:
1302 1031 1407 1080 “In
1447 1032 1613 1080 eadem
1653 1030 1782 1078 enim
1830 1029 1935 1092 ipsa
1975 1027 2054 1075 die

303 1114 502 1163 educam
527 1113 792 1162 exercitum
810 1119 1026 1161 vestrum
1045 1114 1103 1162 de
1126 1120 1257 1163 terra
1280 1113 1510 1178 AEgypti5
1527 1113 1551 1133 ”
1587 1113 1809 1177 protinus
1833 1111 2053 1174 adjunct-

303 1214 387 1245 um
423 1198 555 1245 est²z
599 1200 626 1221 “
643 1197 708 1244 Et
749 1196 1032 1244 custodietis
1067 1197 1197 1245 diem
1231 1197 1381 1246 istum
1416 1197 1468 1244 in
1505 1196 1835 1259 generationes
1868 1199 2052 1241 vestras

302 1280 403 1328 ritu
437 1285 684 1343 perpetuo.
757 1278 919 1327 Primo
955 1296 1130 1339 mense,
1162 1280 1521 1344 quartadecima
1543 1279 1622 1327 die
1645 1277 1837 1335 mensis,
1865 1274 2051 1324 comed-

302 1361 394 1409 etis
430 1379 597 1426 azyma
631 1378 785 1425 usque
819 1362 881 1409 ad
915 1362 1043 1410 diem
1078 1363 1356 1412 vicesimam
1390 1362 1599 1427 primam
1627 1361 1840 1424 ejusdem
1871 1357 2052 1406 mensis

303 1445 365 1492 ad
399 1461 662 1508 vesperam.
748 1443 944 1508 Septem
978 1445 1147 1494 diebus
1182 1446 1522 1495 fermentatum
1558 1461 1655 1493 non
1690 1441 1965 1491 invenietur
1998 1440 2051 1487 in

303 1527 524 1576 domibus
551 1526 761 1575 vestris.''
832 1527 951 1588 Quis
984 1528 1114 1576 enim
1139 1546 1236 1577 non
1259 1529 1437 1588 videat,
1463 1545 1492 1576 a
1516 1525 1876 1591 quartadecima
1899 1540 2050 1587 usque

302 1610 363 1658 ad
395 1609 669 1658 vicesimam
702 1610 923 1673 primam,
954 1627 1049 1658 non
1082 1618 1264 1676 septem
1296 1611 1606 1671 solummodO,
1633 1609 1716 1658 sed
1744 1612 1853 1657 octo
1888 1607 2050 1671 potius

243 1687 246 1693 ’
301 1709 404 1741 esse
434 1693 549 1752 dies,
575 1693 617 1740 si
642 1699 690 1741 et
722 1692 829 1755 ipsa
853 1694 1210 1757 quartadecima
1245 1694 1623 1743 annumeretur?
1683 1691 1770 1740 Sin
1793 1694 1968 1748 autem,
1992 1692 2050 1736 ut

301 1775 583 1839 diligentius
630 1775 881 1838 explorata
929 1775 1193 1840 Scripturas
1234 1777 1412 1825 veritas
1453 1776 1605 1834 docet,
1649 1790 1677 1821 a
1717 1788 1916 1836 vespera
1950 1771 2048 1818 diei

301 1858 687 1922 quartaedecimae
721 1875 872 1922 usque
907 1859 968 1906 ad
1002 1875 1250 1922 vesperam
1286 1859 1523 1907 vicesimae
1563 1857 1734 1921 primae
1770 1858 2048 1918 computav-

301 1941 495 2000 erimus,
536 1941 806 1989 videbimus
846 1941 1060 2004 profecto
1107 1943 1237 2006 quod
1283 1942 1354 1990 ita
1398 1940 1501 1988 dies
1542 1937 1900 2004 quartadecima
1940 1953 2047 1984 ves-

298 2040 465 2087 peram
489 2040 624 2071 suam
648 2023 702 2070 in
727 2023 839 2071 festi
871 2024 1108 2086 paschalis
1140 2025 1336 2073 initium
1360 2026 1603 2087 prorogat,
1629 2025 1687 2069 ut
1718 2037 1817 2068 non
1839 2019 2048 2083 amplius

298 2110 422 2153 tota'
443 2122 576 2153 sacra
617 2105 913 2154 sollemnitas
955 2124 1101 2170 quam
1139 2112 1322 2172 septem
1361 2104 1695 2154 tantummodo
1731 2106 1895 2150 noctes
1936 2118 2047 2150 cum

297 2186 502 2235 totidem
525 2188 690 2236 diebus
714 2189 1085 2252 comprehendat
1104 2207 1118 2250 3
1153 2190 1282 2238 unde
1305 2193 1355 2238 et
1374 2205 1485 2236 vera
1510 2204 1610 2236 esse
1627 2186 1865 2250 probatur
1882 2191 2046 2233 nostra

297 2268 538 2329 diffinitio,
566 2287 661 2333 qua
691 2276 885 2334 tempus
917 2271 1138 2333 paschale
1169 2271 1326 2335 primo
1362 2287 1524 2318 mense
1553 2269 1670 2316 anni
1694 2274 1742 2317 et
1772 2267 1920 2316 tertia
1943 2269 2046 2330 ejus

296 2351 596 2401 hebdomada
633 2353 971 2402 celebrandum
1006 2371 1108 2403 esse
1139 2354 1362 2402 diximus.
1447 2352 1702 2402 Veraciter
1733 2350 1862 2399 enim
1898 2349 2045 2398 tertia

296 2433 459 2497 agitur
481 2434 793 2495 hebdomada,
819 2437 949 2500 quod
980 2454 1008 2485 a
1032 2454 1230 2501 vespera
1259 2435 1639 2500 quartaedecimae
1663 2432 1760 2481 diei
1782 2431 1970 2496 incipit,
1996 2438 2046 2480 et

297 2515 349 2562 in
382 2533 580 2580 vespera
614 2518 851 2567 vicesimae
882 2519 1052 2582 primae
1085 2519 1365 2583 completur.
1437 2518 1698 2580 Postquam
1725 2532 1839 2563 vero
1870 2514 2045 2578 pascha

297 2602 518 2646 nostrum
559 2599 836 2649 immolatus
877 2606 950 2650 est
995 2602 1230 2660 Christus,
1266 2601 1487 2664 diemque
1533 2599 1675 2647 nobis
1723 2597 2043 2655 Dominicam,

297 2696 404 2743 quae
446 2681 575 2743 apud
617 2682 841 2746 antiquos
882 2700 981 2731 una
1017 2684 1093 2732 vel
1132 2683 1292 2747 prima
1338 2681 1539 2740 sabbati,
1578 2681 1678 2729 sive
1715 2680 2040 2738 sabbatorum,

296 2767 507 2822 vocatur,
544 2764 724 2824 gaudio
765 2781 864 2812 suae
911 2765 1274 2814 resurrectionis
1315 2764 1429 2813 fecit
1474 2781 1575 2812 esse
1617 2763 1896 2811 sollemnem
1911 2779 1924 2822 ς
1972 2763 2044 2811 ita

296 2844 419 2893 hanc
441 2844 707 2908 apostolica
732 2846 932 2894 traditio
956 2847 1093 2896 festis
1123 2847 1425 2911 paschalibus
1458 2845 1678 2905 inseruit,
1702 2851 1760 2893 ut
1791 2844 1862 2892 nil
1886 2844 2039 2892 omni-

297 2927 458 2975 modis
490 2928 550 2975 de
580 2932 799 2991 tempore
834 2930 1022 2991 paschae
1058 2930 1225 2994 legalis
1259 2929 1705 2994 praeoccupandum,
1730 2928 1852 2975 nihil
1883 2927 2039 2975 minu-

299 3009 477 3056 endum
511 3026 611 3058 esse
645 3010 937 3060 decerneret.
1021 3013 1149 3074 Quin
1184 3012 1346 3076 potius
1381 3011 1557 3060 statuit
1590 3015 1646 3058 ut
1682 3016 2040 3073 exspectaretur

292 3090 437 3154 juxta
459 3097 753 3156 praeceptum
777 3092 925 3156 Legis
948 3093 1076 3143 idem
1107 3095 1294 3159 primus
1322 3094 1438 3142 anni
1469 3093 1656 3152 mensis,
1684 3097 2040 3156 exspectaretur

351 3226 363 3251 ¹
395 3229 607 3283 scribitur]
629 3230 756 3270 Num.
777 3228 919 3270 xxxiii.
939 3242 977 3282 3.
1250 3230 1267 3254 ²
1293 3232 1538 3284 adjunctum
1555 3231 1631 3285 est]
1653 3232 1718 3274 Ib.
1742 3240 1888 3284 17-19.
