2216 3554
287 175 380 220 190
874 150 1100 221 Historia
1134 173 1467 221 Ecclesiastica

1797 172 1926 242 [Lm.
1946 173 2027 224 111.

281 303 584 364 construxit3
623 304 673 352 in
709 321 804 367 quo
840 311 1107 354 memorata
1137 306 1266 369 regis
1302 306 1415 363 filia,
1452 306 1611 369 primo
1647 306 1882 370 discipula
1913 307 2029 355 vitae

281 385 533 448 regularis,
569 386 741 435 deinde
781 388 928 435 etiam
964 389 1196 452 magistra
1240 389 1445 447 exstitit,
1484 390 1633 437 donec
1671 390 1907 452 completo
1941 407 2032 437 un-

283 467 593 531 desexaginta
621 486 859 517 annorum
883 488 1099 529 numero,
1126 471 1186 518 ad
1223 471 1525 533 complexum
1558 474 1606 518 et
1637 471 1836 534 nuptias
1867 471 2031 535 sponsi

283 551 485 599 caelestis
520 551 658 614 virgo
693 551 833 599 beata
869 551 1087 601 intraret.
1176 553 1236 599 In
1274 570 1369 616 quo
1407 553 1699 600 monasterio
1738 559 1786 601 61
1827 553 1946 616 11166,
1983 559 2033 601 61

282 638 422 697 116161·
456 633 559 696 ejus
596 626 762 692 Osuiu,
796 640 846 683 et
881 639 1039 682 mater
1067 634 1168 698 ejus
1203 635 1437 694 AEanfled‚
1475 640 1524 682 et
1558 641 1697 698 pater
1724 635 1896 683 matris
1931 635 2033 698 ejus

283 716 501 775 AEduini,
538 720 588 763 et
621 717 764 764 multi
800 718 884 765 alii
920 718 1107 765 nobiles
1143 717 1194 765 111
1231 718 1430 765 66616616
1468 717 1622 765 6611611
1656 717 1860 780 apostoli
1900 717 2034 765 Petri

284 800 460 863 sepulti
485 804 611 847 sunt.
688 801 796 848 Hoc
819 805 982 848 autem
1006 802 1187 849 bellum
1212 819 1299 849 rex
1325 801 1480 850 Osuiu
1512 801 1564 848 in
1589 802 1786 864 regione
1818 801 1987 849 Loidis
2005 802 2032 859 ¹,

283 882 462 930 tertio2
494 882 681 930 decimo
710 883 849 945 regni
881 883 957 930 sui
993 900 1134 942 anno,
1161 883 1345 932 decimo
1378 883 1583 947 septimo
1607 884 1687 931 die
1717 883 2035 931 kalendarum

285 963 623 1012 Decembrium
671 982 781 1013 cum
827 982 1002 1028 magna
1047 965 1302 1029 utriusque
1348 965 1519 1029 populi
1558 965 1772 1014 utilitate
1818 955 2034 1014 confecit.

285 1046 414 1094 Nam
462 1052 511 1094 et
557 1064 692 1096 suam
743 1053 936 1111 gentem
993 1048 1055 1095 ab
1106 1047 1271 1096 hostili
1325 1066 1625 1113 paganorum
1671 1048 2037 1112 depopulatione

285 1128 524 1187 liberavit,
574 1135 621 1177 et
669 1130 821 1193 ipsam
870 1135 1064 1193 gentem
1112 1130 1406 1179 Merciorum
1465 1131 1879 1194 finitimarumque
1928 1148 2038 1195 pro-

284 1211 566 1269 vinciarum,
603 1211 793 1273 desecto
830 1213 987 1277 6611116
1022 1213 1219 1277 perfido,
1257 1214 1318 1261 ad
1354 1214 1467 1262 fidei
1505 1213 1794 1262 Christianae
1828 1214 2038 1277 gratiam

286 1293 535 1342 convertit.

356 1376 548 1423 Primus
584 1380 750 1424 autem
791 1377 844 1425 in
880 1378 1131 1441 provincia
1172 1378 1480 1437 Merciorum,
1517 1379 1661 1426 simul
1703 1383 1753 1427 et
1800 1379 2041 1427 Lindisfa-

323 1497 541 1533 Succession
555 1499 597 1533 01·
630 1461 827 1508 rorum⁸
862 1478 917 1510 66
954 1461 1421 1510 Mediterraneorum
1457 1461 1747 1525 Anglorum,
1778 1461 1932 1510 factus
1967 1468 2042 1511 est

350 1548 508 1605 bishopp
523 1549 564 1583 in
630 1543 882 1607 episcopus
897 1544 914 1570 ⁴
955 1543 1154 1604 Diuma,
1189 1549 1247 1593 ut
1292 1561 1437 1608 supra
1453 1544 1471 1569 ⁵
1517 1543 1742 1603 diximus,
1780 1544 1865 1608 qui
1911 1545 2042 1608 apud

379 1596 534 1633 Merca.
634 1626 1014 1674 Mediterraneos
1054 1627 1238 1691 Anglos
1278 1626 1534 1674 defunctus
1576 1643 1629 1674 ac
1676 1626 1892 1689 sepultus
1937 1633 2039 1675 est:

288 1711 524 1759 secundus
573 1708 767 1758 Cellach
789 1710 819 1769 ⁸,
868 1709 954 1772 qui
1000 1708 1169 1757 relicto
1215 1709 1520 1772 episcopatus
1566 1708 1718 1756 officio
1764 1707 1934 1756 vivens
1979 1708 2042 1757 ad

290 1794 524 1843 Scottiam
561 1792 720 1851 rediit,
759 1797 964 1856 uterque
1000 1793 1059 1840 de
1094 1809 1267 1856 genere
1306 1792 1614 1842 Scottorum:
1656 1791 1830 1840 tertius
1866 1791 2041 1840 Trum-

287 1875 405 1934 heri,
449 1876 507 1924 de
549 1876 744 1924 natione
781 1875 979 1938 quidem
1020 1873 1309 1938 Anglorum‚
1349 1874 1430 1922 sed
1470 1874 1664 1921 edoctus
1705 1879 1753 1921 et
1794 1873 2042 1921 ordinatus

288 1974 317 2005 a
354 1958 548 2018 Scottis,
585 1957 671 2022 qui
713 1962 819 2006 erat
864 1958 1014 2005 abbas
1060 1957 1115 2004 in
1163 1956 1456 2005 monasterio
1493 1957 1622 2020 quod
1656 1956 1836 2004 dicitur
1872 1954 2042 2019 Inget-

287 2041 492 2104 lingum.
564 2042 676 2104 Ipse
724 2044 797 2089 est
842 2041 976 2088 locus
1023 2039 1076 2087 in
1123 2057 1220 2103 quo
1267 2039 1451 2088 occisus
1498 2044 1577 2104 est·
1616 2056 1702 2087 rex
1750 2037 1937 2097 Osuini,
1985 2043 2044 2086 ut

289 2124 467 2187 supra⁷
503 2122 826 2171 meminimus.
916 2121 1046 2169 Nam
1081 2122 1250 2185 regina
1284 2122 1508 2170 AEanfled
1544 2121 1848 2184 propinqua⁸
1894 2121 2043 2181 illius,

290 2207 350 2254 ob
383 2206 750 2269 castigationem
786 2205 914 2253 116616
949 2207 1051 2267 ejus
1084 2205 1294 2268 injustae,
1317 2204 1585 2268 postulavit
1609 2221 1637 2252 a
1661 2220 1773 2266 rege
1798 2203 1962 2263 osuio,
1988 2207 2046 2251 ut

289 2289 492 2337 donaret
515 2289 583 2335 ibi
606 2289 767 2336 locum
790 2287 1139 2335 monasterium
1162 2286 1475 2335 construendi
1503 2286 1706 2350 praefato
1739 2286 1831 2333 Dei
1860 2286 2045 2334 famulo

290 2371 583 2431 Trumherae,
622 2370 735 2435 quia
770 2371 1073 2434 propinquus
1109 2374 1158 2419 et
1194 2369 1296 2433 ipse
1333 2374 1440 2418 erat
1474 2369 1604 2433 regis
1641 2368 1815 2417 occisi:
1860 2369 1912 2416 in
1948 2386 2044 2433 quo

289 2454 513 2502 videlicet
547 2453 838 2501 monasterio
875 2453 1114 2501 orationes
1150 2452 1352 2501 assiduae
1395 2469 1484 2516 pro
1519 2451 1776 2514 utriusque
1815 2450 1956 2514 regis,
1994 2451 2045 2498 id

290 2541 375 2595 est,
413 2539 461 2584 61
497 2522 737 2595 occisiJet
773 2537 875 2598 ejus
906 2535 991 2599 qui
1028 2535 1244 2583 occidere
1273 2535 1435 2598 jussit,
1460 2535 1615 2583 salute
1651 2538 1832 2584 aeterna
1860 2533 2043 2582 fierent.

344 2702 359 2726 ¹
389 2702 550 2756 Laidis]
583 2701 661 2742 See
681 2715 721 2753 p.
738 2713 784 2740 12
792 2713 827 2753 5,
850 2705 948 2741 note
970 2711 1005 2751 7.

346 2758 362 2780 ²
391 2759 512 2798 tertio
534 2789 544 2798 .
567 2788 575 2796 .
598 2788 607 2797 .
629 2757 755 2810 anno]
783 2757 870 2796 The
889 2756 987 2797 date
999 2757 1045 2796 of
1058 2757 1141 2797 this

291 2813 425 2854 battle
461 2813 507 2851 in
544 2811 664 2851 other
702 2811 948 2851 authorities
993 2825 1142 2864 ranges

292 2870 399 2909 from
417 2878 504 2907 A.D.
521 2865 726 2918 650-657.
782 2867 898 2905 Beda
919 2867 1022 2906 fixes
1039 2867 1075 2907 it
1093 2872 1139 2907 to

293 2935 382 2964 A.D.
402 2922 493 2974 654,
514 2922 577 2961 for
604 2922 774 2961 Oswio's
793 2921 1023 2960 thirteenth
1042 2936 1141 2974 year

291 2980 429 3031 began
455 2978 567 3029 Aug.
603 2985 639 3026 5,
669 2976 867 3026 A.D.654,
896 2976 980 3015 and
1007 2977 1142 3016 ended

295 3035 405 3086 Aug.
428 3044 464 3083 5,
482 3042 571 3072 ΑΔ).
584 3030 662 3083 655
678 3045 690 3081 ;
716 3031 755 3070 11
778 3031 830 3069 116
849 3044 926 3070 can
944 3032 996 3070 be
1014 3032 1142 3072 relied

294 3103 343 3128 on
368 3090 430 3128 for
448 3099 659 3139 accuracy.

349 3143 364 3166 ³
378 3141 738 3193 Lindisfarorum]
757 3140 834 3180 See
845 3154 886 3193 p.
899 3153 916 3179 1
926 3153 946 3179 2
954 3145 1093 3191 7,note
1103 3153 1140 3193 3.

348 3196 364 3220 ⁴
391 3196 618 3249 episcopus]
648 3196 737 3236 The
764 3195 862 3235 date
882 3195 929 3234 of
951 3196 1037 3235 this
1055 3209 1144 3235 suc-

295 3253 452 3292 cession
488 3253 535 3292 of
567 3251 640 3292 the
679 3251 869 3291 Mercian
905 3250 1071 3303 bishops
1107 3251 1144 3290 16

1196 2702 1380 2744 obscure.
1437 2702 1518 2741 We
1538 2701 1634 2754 give
1650 2700 1891 2740 Wharton’s
1902 2699 2045 2738 dates:

1196 2757 1365 2803 Diuma‚
1394 2768 1481 2798 Aa).
1512 2756 1728 2808 655-658;
1758 2754 1938 2800 cellach,
1960 2764 2045 2794 AD.

1198 2811 1414 2864 658-660;
1455 2811 1688 2861 Trumheri,
1723 2821 1811 2851 ΔΛ).
1840 2807 2045 2858 660-663.

1195 2867 1322 2919 Angl.
1345 2867 1455 2908 Sacr.
1488 2868 1516 2907 i.
1547 2879 1642 2920 423.
1699 2866 1813 2905 Stev.
1843 2865 1949 2915 Eng.
1970 2863 2045 2903 Ch.

1195 2922 1447 2962 Historians.

1252 2979 1269 3001 ⁵
1295 2977 1443 3029 supra]
1475 2977 1552 3016 See
1570 2990 1611 3028 p.
1629 2978 1718 3016 181.

1252 3031 1268 3055 ⁶
1297 3030 1479 3084 Gellach]
1512 3031 1716 3079 Ceollach,
1736 3044 1776 3082 p.
1793 3028 1882 3067 182.

1252 3086 1269 3109 ⁷
1295 3091 1342 3127 ut
1360 3086 1507 3138 supra]
1531 3087 1607 3126 See
1626 3099 1667 3138 p.
1686 3084 1777 3135 167.

1252 3142 1268 3166 ⁸
1288 3141 1548 3194 propinqua]
1573 3140 1733 3180 Second
1745 3138 1901 3179 cousin.
1929 3137 2047 3189 They

1198 3211 1307 3237 were
1325 3196 1657 3249 grand-children
1675 3195 1721 3234 of
1742 3198 1826 3233 two
1848 3191 2048 3237 brothers,

1200 3252 1315 3291 AElle
1335 3252 1418 3292 and
1438 3251 1601 3300 AElsric,
1624 3251 1697 3289 the
1716 3262 1810 3288 sons
1828 3248 1874 3288 of
1888 3247 2000 3286 Yffe.
