2216 3554
288 136 385 182 400
842 158 857 202 3
998 128 1221 195 Epistola
1254 128 1326 177 ad

286 274 510 320 vacantes
533 285 588 318 ac
616 266 717 317 sine
745 267 983 332 conjugio,
1008 271 1175 317 exacto
1207 270 1426 330 tempore
1454 264 1737 329 pubertatis,
1763 264 1898 313 nullo
1923 280 2033 311 con-

286 351 506 402 tinentiae
541 349 791 414 proposito
825 350 1104 413 perdurent,
1142 355 1287 414 atque
1322 349 1446 397 hanc
1482 349 1542 396 ob
1577 365 1680 396 rem
1714 347 1793 395 vel
1826 346 2037 410 patriam

289 452 426 485 suam
466 450 555 497 pro
594 450 690 497 qua
727 432 939 482 militare
976 434 1244 483 debuerant
1281 438 1415 482 trans
1451 448 1584 480 mare
1625 431 1856 479 abeuntes
1892 429 2036 478 relin-

290 522 474 580 quant3
517 515 594 564 vel
632 517 811 579 majore
849 516 1026 564 scelere
1060 519 1206 580 atque
1243 514 1565 578 impudentia,
1608 513 1692 576 qui
1733 511 2038 575 propositum

290 598 528 647 castitatis
559 614 658 645 non
693 598 886 657 habent,
911 597 1120 646 luxuriae
1155 614 1212 645 ac
1243 596 1550 645 fornicationi
1574 595 1859 654 deserviant,
1884 610 2040 657 neque

289 681 352 730 ab
375 681 494 744 ipsis
518 680 718 729 sacratis
743 681 848 728 Deo
871 679 1144 743 virginibus
1167 679 1459 727 abstineant.

362 774 407 826 7.
443 763 515 812 At
551 762 636 812 alii
677 763 899 825 graviore
940 762 1097 810 adhuc
1137 761 1338 825 flagitio,
1380 778 1532 825 quum
1570 759 1670 809 sint
1710 759 1805 824 ipsi
1845 758 1956 807 laici
1994 761 2043 806 et

293 845 475 894 nullius
505 845 622 894 vitae
654 845 888 908 regularis
916 845 993 892 vel
1025 861 1118 892 usu
1155 844 1369 903 exerciti,
1394 844 1471 893 vel
1503 860 1666 892 amore
1698 842 1905 906 praediti,
1932 841 2044 889 data

293 928 487 991 regibus
510 927 727 991 pecunia,
753 930 920 975 emunt
944 925 1038 974 sibi
1072 926 1162 974 sub
1197 931 1438 989 praetextu
1470 910 1907 974 monasteriorum1
1936 942 2045 973 con-

295 1010 634 1059 struendorum
658 1008 909 1057 territoria
934 1008 987 1056 in
1012 1008 1187 1072 quibus
1220 1025 1319 1058 suae
1346 1008 1546 1056 liberius
1569 1012 1741 1057 vacent
1763 1006 1972 1066 libidini,
1998 1012 2047 1054 et

295 1093 398 1142 haec
433 1093 630 1155 insuper
663 1090 716 1138 in
746 1091 827 1154 jus
861 1090 954 1139 sibi
988 1090 1354 1139 haereditarium
1387 1090 1556 1139 edictis
1590 1090 1832 1155 regalibus
1863 1088 2049 1137 faciunt

296 1175 485 1233 ascribi,
510 1175 640 1237 ipsas
674 1189 867 1236 quoque
899 1173 1089 1222 litteras
1123 1173 1490 1237 privilegiorum
1526 1191 1720 1222 suorum
1754 1173 1892 1237 quasi
1915 1188 2049 1219 vera-

296 1258 417 1306 citer
461 1257 567 1305 Deo
615 1256 801 1320 dignas,
842 1256 1142 1319 pontificum,
1185 1257 1417 1305 abbatum
1464 1260 1515 1304 et
1560 1261 1857 1320 potestatum
1904 1252 2051 1303 seculi

298 1341 519 1390 obtinent
555 1338 910 1401 subscriptione
947 1339 1232 1387 confirmari.
1305 1339 1480 1403 Sicque
1516 1339 1759 1402 usurpatis
1794 1337 1888 1388 sibi
1922 1337 2052 1401 agel-

299 1423 413 1473 lulis
436 1422 536 1470 sive
558 1421 692 1480 vicis,
717 1421 862 1469 liberi
886 1421 1058 1470 exinde
1082 1439 1111 1471 a
1136 1421 1303 1470 divino
1335 1422 1481 1470 simul
1514 1426 1563 1470 et
1595 1423 1807 1470 humano
1839 1420 2052 1480 servitio,

300 1505 401 1554 suis
435 1508 629 1552 tantum
666 1503 791 1552 inibi
827 1503 1077 1552 desideriis
1122 1504 1232 1553 laici
1280 1505 1529 1554 monachis
1571 1505 1862 1569 imperantes
1897 1504 2055 1552 deser-

300 1588 473 1636 viunt:
510 1587 610 1634 imo
645 1604 743 1634 non
784 1586 1042 1635 monachos
1079 1587 1149 1635 ibi
1188 1594 1496 1652 congregant,
1534 1588 1618 1637 sed
1653 1603 1960 1653 quoscunque
1995 1585 2056 1633 ob

302 1670 492 1733 culpam
540 1668 881 1718 inobedientiae
915 1668 1044 1718 veris
1083 1670 1309 1733 expulsos
1355 1669 1662 1719 monasteriis
1708 1669 1884 1718 alicubi
1930 1669 2057 1716 forte

302 1752 578 1800 oberrantes
615 1751 904 1813 invenerint,
941 1755 1028 1801 aut
1065 1769 1263 1801 evocare
1302 1753 1606 1802 monasteriis
1644 1752 1739 1816 ipsi
1773 1750 2054 1810 valuerint3

303 1835 381 1882 vel
405 1840 532 1883 certe
556 1851 678 1898 quos
703 1834 797 1898 ipsi
820 1834 881 1882 de
906 1834 1006 1883 suis
1030 1835 1322 1883 satellitibus
1345 1835 1407 1883 ad
1432 1835 1786 1899 suscipiendam
1809 1838 2060 1883 tonsuram

303 1917 539 1980 promissa
571 1917 661 1965 sibi
686 1917 960 1966 obedientia
991 1917 1273 1967 monachica
1304 1918 1513 1967 invitare
1536 1918 1793 1982 quiverint.
1865 1916 2060 1965 Horum

304 2000 526 2049 distortis
562 2000 855 2060 cohortibus,
893 2017 1003 2049 suas
1039 2017 1158 2064 quas
1192 2001 1469 2050 instruxere
1505 2002 1647 2050 cellas
1682 2001 1900 2065 implent,
1938 1999 2061 2047 mul-

305 2089 506 2146 tumque
529 2083 728 2131 informi
751 2089 896 2147 atque
924 2083 1148 2133 inaudito
1181 2086 1465 2149 spectaculo,
1492 2085 1641 2134 iidem
1674 2085 1770 2148 ipsi
1794 2083 1891 2133 viri
1918 2082 2062 2130 modo

307 2165 528 2229 conjugis
547 2181 606 2213 ac
629 2164 892 2213 liberorum
915 2166 1325 2229 procreandorum
1350 2184 1516 2216 curam
1539 2173 1728 2232 gerunt,
1754 2167 1897 2215 modo
1922 2181 2062 2214 exur-

309 2254 475 2312 gentes
500 2248 558 2295 de
583 2247 827 2297 cubilibus
851 2249 969 2313 quid
994 2248 1126 2297 intra
1159 2255 1297 2313 septa
1320 2249 1723 2299 monasteriorum
1747 2249 1850 2313 geri
1874 2248 2062 2306 debeat,

311 2331 476 2379 sedula
499 2330 766 2378 intentione
789 2335 1103 2395 pertractant.
1165 2332 1298 2393 Quin
1317 2332 1466 2381 etiam
1485 2333 1585 2382 suis
1603 2331 1891 2396 conjugibus
1914 2329 2065 2379 simili

310 2413 638 2476 imprudentia
672 2413 1019 2475 construendis,
1058 2419 1115 2463 ut
1150 2414 1245 2479 ipsi
1280 2415 1436 2475 aiunt,
1473 2414 1782 2464 monasteriis
1815 2414 1921 2462 loca
1955 2430 2065 2462 con-

312 2495 528 2560 quirunt,
553 2511 660 2558 quae
684 2495 794 2559 pari
817 2496 1032 2546 stultitia
1056 2515 1168 2546 cum
1192 2497 1292 2547 sint
1315 2498 1466 2558 laicae,
1491 2498 1783 2546 famularum
1807 2514 1857 2545 se
1883 2494 2068 2545 Christi

313 2577 603 2643 permittunt
639 2595 740 2626 esse
780 2579 1016 2628 rectrices
1112 2580 1302 2642 Quibus
1348 2587 1461 2645 apte
1502 2581 1729 2630 convenit
1773 2579 1898 2628 illud
1934 2578 2068 2643 vulgi

313 2660 652 2735 proverbium:
690 2661 805 2724 quia
827 2678 986 2726 vespae
1009 2662 1143 2712 favos
1161 2663 1357 2727 quidem
1380 2664 1534 2712 facere
1556 2663 1759 2729 possint,
1783 2679 1881 2711 non
1904 2666 2068 2711 tamen

314 2743 369 2792 in
390 2742 468 2791 his
490 2742 649 2803 mella,
675 2744 760 2792 sed
782 2744 948 2808 potius
970 2762 1155 2795 venena
1176 2746 1516 2796 thesaurizent.

370 2867 385 2891 ¹
413 2866 487 2908 sub
498 2871 699 2919 proeteaetu
717 2869 1068 2923 monasteriorum]
1100 2870 1164 2912 Cf.
1218 2871 1406 2913 avaritiae
1453 2871 1508 2911 ad
1561 2870 1771 2924 religionis
1826 2870 2071 2911 Christianae

317 2922 456 2975 Synod
494 2922 541 2962 of
571 2922 809 2969 C‘loveshoe,
847 2924 948 2964 Can.
983 2936 1032 2977 5:
1076 2929 1088 2948 ‘
1099 2927 1165 2966 De
1219 2930 1377 2967 statum
1401 2927 1638 2967 nullatenus
1658 2926 1871 2967 immutari
1895 2926 2068 2978 possint,

317 2977 579 3017 monasteriis
604 2977 863 3018 secularium.
910 2978 1067 3027 Quinto
1087 2981 1167 3021 dis-
1219 2982 1266 3022 id
1284 2986 1349 3022 est
1368 2994 1462 3034 quae
1482 2995 1508 3022 a
1526 2981 1803 3029 saecularibus,
1816 2994 1902 3021 non
1920 2981 2071 3021 divinae

318 3036 513 3085 putatum
547 3036 610 3072 est
647 3033 762 3074 1000:
792 3036 840 3072 ut
875 3034 1054 3087 episcopi
1083 3049 1166 3076 mo·
1222 3036 1379 3077 scilicet
1424 3036 1528 3089 legis
1565 3036 1835 3086 ordinatione,
1875 3036 1948 3076 sed
1993 3036 2071 3075 hu-

317 3087 515 3137 nasteria,
553 3087 589 3127 si
629 3090 771 3128 tarnen
810 3101 860 3128 ea
894 3088 958 3128 fas
996 3093 1060 3129 est
1104 3090 1167 3130 ita
1222 3105 1356 3131 manae
1401 3092 1707 3132 adinventionis
1751 3090 2071 3144 praesumptione

319 3141 548 3188 nominare,
586 3155 678 3195 quae
724 3141 871 3195 utique
912 3144 1168 3199 temporibus
1222 3149 1435 3200 utcunque
1475 3146 1696 3195 tenentur,’
1732 3146 1805 3190 &c-
1876 3145 2071 3192 Wsskinfls

315 3196 410 3237 istis
429 3200 599 3250 propter
612 3198 702 3238 vim
719 3197 930 3251 quandam
941 3199 1169 3252 tyrannicae
1223 3201 1251 3243 i.
1273 3213 1340 3255 95.
