2216 3554
344 229 410 275 60
920 225 1145 275 Historia
1181 226 1518 276 Ecclesiastioa
1899 223 2031 295 [LIB.
2052 243 2086 276 1.

343 358 570 407 revelare.
641 357 786 407 Unde
810 375 999 406 11666666
1023 363 1096 407 est
1124 362 1183 407 ut
1201 360 1303 422 jam
1333 359 1489 408 tertia'
1503 357 1580 408 vel
1614 363 1787 423 quarta
1802 358 1823 385 ¹*
1842 360 2089 423 generatio

345 440 562 489 fidelium
596 441 798 489 licenter
832 442 924 490 sibi
955 440 1098 504 jungi
1143 442 1315 490 debeat
1328 458 1346 491 ε·
1391 459 1501 490 nam
1538 442 1748 491 secunda
1787 458 1934 505 quam
1967 459 2089 505 prae-

344 523 572 584 diximus,
597 542 625 572 a
648 541 697 572 se
722 523 851 572 omni
876 524 1019 571 modo
1044 524 1186 572 debet
1208 524 1466 574 abstinere.
1538 524 1665 572 Cum
1696 540 1903 572 noverca
1926 530 2090 572 autem

345 606 547 655 miscere
595 624 740 670 grave
791 611 863 654 est
914 605 1110 665 facinus,
1148 607 1261 670 quia
1311 611 1362 655 et
1413 607 1465 654 in
1500 607 1627 670 Lege
1675 606 1911 671 scriptum
1957 604 2090 655 est2:

348 689 762 752 “Turpitudinem
793 688 946 751 patris
978 687 1052 735 tui
1083 705 1182 736 non
1219 688 1495 738 revelabis.”
1564 690 1738 752 Neque
1774 689 1904 736 enim
1937 687 2091 753 patris

344 771 701 835 turpitudinem
739 770 868 819 filius
904 770 1115 819 revelare
1155 775 1327 835 potest.
1400 772 1496 820 Sed
1531 771 1645 835 quia
1683 771 1916 834 scriptum
1956 770 2090 819 est3:

347 857 376 879 ‘⁴
390 854 551 902 Erunt
574 854 671 901 duo
695 853 748 900 in
777 869 918 900 661116
943 869 1040 900 11116
1056 870 1068 912 ;
1086 852 1108 872 ”
1133 853 1218 916 qui
1242 853 1594 916 turpitudinem
1626 870 1841 901 novercae
1866 869 1972 916 quae
1995 868 2094 899 una

345 952 458 984 caro
507 953 616 984 cum
665 940 802 998 patre
854 935 950 983 fuit
998 935 1210 984 revelare
1262 935 1634 999 praesumpserit,
1678 936 1893 997 profecto
1940 933 2094 997 patris

344 1018 699 1082 turpitudinem
752 1017 998 1066 revelavit.
1069 1017 1195 1066 Cum
1247 1023 1450 1081 cognata
1501 1034 1693 1081 quoque
1734 1017 1934 1064 miscere
1979 1033 2092 1079 pro-

344 1099 557 1148 hibitum
581 1106 668 1158 est,
694 1099 807 1163 quia
838 1117 926 1163 per
948 1100 1334 1162 conjunctionem
1361 1099 1575 1164 priorem
1598 1116 1708 1147 caro
1739 1099 1904 1147 fratris
1936 1099 2095 1146 fuerat

344 1182 483 1230 facta.
556 1183 651 1231 Pro
687 1199 784 1246 qua
825 1199 878 1229 re
913 1182 1063 1231 etiam
1097 1183 1130 1230 J
1133 1182 1343 1230 ohannes
1380 1181 1605 1244 Baptista
1651 1181 1807 1244 capite
1842 1185 2094 1229 truncatus

344 1268 430 1324 est,
469 1270 518 1313 et
553 1271 718 1313 sancto
753 1265 986 1327 martyrio
1034 1268 1409 1323 consummatus,
1447 1263 1526 1311 cui
1573 1281 1671 1311 non
1706 1270 1780 1311 est
1820 1263 2003 1311 dictum
2038 1267 2096 1310 ut

344 1347 598 1396 Christum
634 1351 846 1409 negaret,
884 1352 933 1395 et
967 1364 1056 1410 pro
1093 1347 1277 1395 Christi
1312 1346 1606 1395 confessione
1643 1345 1826 1394 occisus
1861 1349 1962 1406 est;
2012 1345 2110 1402 6611,

344 1430 457 1492 quia
481 1429 635 1477 isdem
659 1429 897 1477 Dominus
921 1437 1086 1478 noster
1108 1430 1140 1477 J
1144 1446 1252 1477 esus
1277 1429 1504 1478 Christus
1528 1429 1718 1476 dixerat
1733 1429 1779 1475 ⁴:
1813 1432 1840 1454 ‘⁴
1860 1428 1964 1491 Ego
1989 1444 2094 1475 sum

345 1511 523 1559 veritas
540 1510 589 1572 ;''
626 1512 740 1575 quia
759 1528 848 1574 pro
873 1511 1079 1560 veritate
1098 1512 1130 1559 J
1134 1512 1346 1560 ohannes
1372 1510 1554 1559 occisus
1577 1516 1663 1570 est,
1688 1509 1914 1558 videlicet
1937 1517 1985 1558 et
2008 1527 2096 1573 pro

345 1593 541 1642 Christo
565 1595 851 1657 sanguinem
874 1594 1001 1642 fudit
1016 1595 1046 1643 ⁵.
1118 1594 1247 1655 Quia
1271 1611 1385 1643 vero
1408 1601 1522 1642 sunt
1546 1593 1689 1641 multi
1705 1594 1731 1620 ⁶⁴
1748 1593 1801 1640 in
1824 1593 2096 1656 Anglorum

343 1680 501 1740 gente,
520 1676 606 1740 qui
624 1677 740 1724 dum
759 1677 917 1725 adhuc
941 1677 995 1724 in
1014 1676 1302 1725 infidelitate
1322 1681 1496 1734 essent,
1516 1676 1629 1724 huic
1648 1675 1855 1724 nefando
1874 1675 2097 1740 conjugio

344 1759 574 1807 dicuntur
618 1759 836 1819 admixti,
874 1760 936 1808 ad
982 1758 1128 1807 fidem
1161 1760 1410 1808 venientes
1457 1757 1751 1806 admonendi
1784 1761 1898 1806 sunt
1944 1764 2000 1806 ut
2047 1775 2097 1806 se

344 1841 630 1900 abstineant,
657 1847 706 1890 et
729 1859 875 1905 grave
898 1842 989 1890 hoc
1013 1859 1114 1891 esse
1137 1847 1388 1905 peccatum
1413 1845 1716 1906 cognoscant.
1770 1840 2096 1888 Tremendum

345 1923 441 1971 Dei
456 1923 696 1987 judicium
727 1924 946 1983 timeant,
973 1941 1034 1972 ne
1057 1941 1146 1988 pro
1171 1924 1356 1973 carnali
1385 1923 1638 1971 dilectione
1660 1928 1904 1970 tormenta
1927 1923 2094 1970 aeterni

344 2006 587 2053 cruciatus
621 2006 883 2055 incurrant.
944 2006 1058 2054 Non
1094 2013 1258 2055 tamen
1289 2023 1377 2070 pro
1422 2006 1513 2053 1166
1547 2022 1613 2065 16,
1640 2005 1762 2053 66611
1794 2005 2008 2067 corporis
2043 2022 2097 2053 ac

344 2088 591 2151 sanguinis
628 2088 827 2137 Domini
872 2088 1210 2137 communione
1250 2088 1479 2152 privandi
1525 2093 1651 2147 sunt,
1688 2105 1749 2135 ne
1797 2087 1849 2136 in
1882 2087 1966 2143 ,616
2012 2088 2096 2136 1116

343 2171 510 2219 11161661
545 2171 818 2230 videantur,
843 2171 895 2219 in
931 2171 1109 2235 quibus
1141 2188 1191 2219 se
1223 2188 1311 2235 per
1341 2170 1667 2234 ignorantiam
1702 2176 1813 2218 ante
1853 2170 2096 2218 lavacrum

345 2253 652 2317 baptismatis
677 2253 1057 2302 adstrinxerunt.
1117 2254 1181 2303 In
1205 2255 1295 2303 hoc
1320 2254 1450 2302 enim
1474 2256 1695 2318 tempore
1719 2257 1883 2301 sancta
1903 2244 2097 2301 ecclesia

398 2419 414 2444 ¹
441 2423 564 2462 tertia
583 2420 643 2463 vel
662 2421 833 2474 quarta]
876 2422 977 2461 This
991 2435 1076 2461 was
1096 2422 1194 2474 only

345 2490 372 2518 a
397 2480 637 2529 temporary
655 2477 888 2516 concession
915 2481 960 2516 to
987 2491 1013 2516 a
1041 2478 1192 2530 newly-

343 2532 565 2572 converted
612 2545 716 2572 1666.
787 2532 863 2571 See
909 2532 1033 2584 Greg.
1085 2532 1190 2584 Epp.

343 2587 429 2626 xiv.
465 2595 527 2637 17,
557 2587 693 2626 where
725 2586 778 2626 he
809 2586 948 2626 writes
981 2591 1026 2626 to
1058 2587 1191 2633 Felix,

342 2641 490 2693 bishop
517 2642 563 2681 of
576 2642 786 2690 Messana,
807 2643 903 2681 that
930 2642 983 2681 he
1011 2642 1189 2691 intends,

343 2696 453 2736 after
480 2709 505 2735 a
524 2696 660 2742 while,
684 2700 729 2735 to
757 2697 941 2748 prohibit
967 2697 1192 2748 marriages

343 2764 493 2802 among
523 2752 596 2790 the
630 2751 806 2802 English
837 2755 882 2790 to
914 2752 986 2790 the
1019 2752 1192 2791 seventh

344 2806 505 2858 degree.
588 2805 812 2857 Ecgberht‚
862 2806 1106 2858 archbishop
1153 2806 1198 2845 of

343 2860 476 2908 York,
498 2871 584 2901 A.D.
610 2867 807 2911 735—771‚
826 2861 939 2900 rules
961 2861 1082 2901 thus:
1115 2867 1124 2883 ‘
1138 2861 1194 2900 In

344 2915 492 2967 quinto
521 2916 651 2966 gradu
678 2916 977 2967 permittantur
1004 2916 1193 2955 homines

343 2970 653 3010 matrimonium
679 2970 809 3019 inire3
839 2973 881 3009 et
909 2970 953 3008 in
976 2975 1136 3021 quarto,
1156 2972 1191 3010 61

343 3025 421 3064 1166
454 3025 688 3072 occurrerit,
722 3038 805 3064 non
837 3029 1105 3076 separentur:
1145 3025 1191 3064 in

342 3080 468 3119 tertio
523 3080 656 3132 gradu
711 3080 978 3131 separentur,’
1037 3080 1190 3118 Poenit.

343 3135 488 3174 xxviii.
518 3134 671 3186 quoted
698 3134 753 3187 by
776 3134 971 3179 Wilkins,
992 3134 1188 3180 Concilia‚

343 3189 372 3230 i.
398 3200 486 3238 113.
542 3189 813 3235 Afterwards,
832 3189 1035 3239 marriage
1059 3202 1189 3228 seems

342 3247 388 3282 to
403 3243 508 3283 have
522 3244 628 3283 been
642 3243 857 3283 forbidden
871 3247 915 3282 to
930 3244 1003 3282 the
1017 3244 1190 3282 seventh

343 3298 518 3351 degree5
570 3299 648 3339 but
695 3299 898 3338 Innocent
941 3298 1017 3337 III
1064 3299 1189 3351 again

1247 2422 1416 2462 relaxed
1448 2422 1521 2462 the
1553 2421 1655 2471 rule,
1687 2422 1770 2462 and
1802 2421 2023 2475 permitted
2061 2422 2095 2460 it

1247 2478 1355 2517 after
1400 2478 1472 2516 the
1518 2477 1672 2517 fourth.
1741 2478 1877 2516 Notes
1921 2481 1966 2516 to
2015 2477 2092 2518 Ed.

1247 2532 1432 2572 Benedd.
1456 2533 1502 2572 of
1514 2532 1638 2584 Greg.
1658 2533 1735 2584 Op.
1756 2533 1860 2584 Epp.
1884 2532 1941 2573 xi.
1962 2531 2029 2585 64.

1301 2586 1319 2610 ²
1345 2589 1543 2639 scriptum
1561 2587 1636 2638 est]
1658 2588 1794 2627 Levit.
1815 2587 1930 2627 xviii.
1958 2594 1993 2638 7.

1300 2642 1317 2666 ⁸
1344 2643 1541 2694 scriptum
1560 2642 1632 2694 est]
1655 2642 1761 2682 Gen.
1781 2642 1825 2681 ii.
1850 2653 1913 2694 24.

1301 2696 1317 2720 ⁴
1343 2697 1527 2749 dixerat]
1550 2697 1667 2737 John
1686 2698 1770 2737 xiv.
1792 2695 1830 2737 6.

1301 2751 1317 2775 ⁵
1344 2753 1585 2803 sanquinem
1621 2752 1760 2804 fudit]
1807 2751 1934 2790 After
1979 2750 2095 2790 these

1246 2807 1380 2847 words
1410 2807 1483 2846 the
1518 2807 1596 2847 Ed.
1625 2806 1810 2846 Benedd.
1841 2807 1993 2845 inserts
2022 2805 2095 2844 the

1247 2862 1458 2913 following
1477 2862 1687 2914 question:
1718 2867 1728 2883 ‘
1742 2860 1955 2900 Declarari
1973 2873 2094 2912 posco

1248 2931 1302 2956 an
1336 2917 1393 2956 sic
1426 2917 1610 2969 turpiter
1637 2916 1870 2968 conjunctis
1902 2915 1957 2955 sit
1990 2914 2093 2954 indi-

1245 2972 1375 3011 cenda
1413 2972 1631 3023 separatio,
1671 2975 1714 3010 et
1752 2983 1876 3010 sacrae
1913 2982 2094 3009 commu-

1245 3027 1380 3066 nionis
1400 3026 1641 3078 deneganda
1661 3026 1815 3065 oblatio
1829 3023 1875 3065 2¹
1894 3028 1938 3063 to
1957 3023 2094 3063 which

1244 3081 1468 3133 Gregorius
1495 3081 1644 3133 replies
1663 3082 1717 3133 by
1736 3080 1809 3120 the
1836 3082 1924 3118 rest
1952 3078 1998 3118 of
2020 3078 2093 3117 the

1244 3136 1338 3174 fifth
1358 3149 1528 3176 answer.

1296 3190 1311 3212 ⁶
1340 3195 1435 3230 sunt
1455 3189 1599 3242 multi]
1625 3188 1862 3229 Forbidden
1879 3187 1935 3239 by
1956 3187 2091 3227 Coun-

1244 3243 1298 3283 cil
1345 3245 1391 3284 of
1423 3245 1731 3292 Westminster,
1769 3256 1858 3283 can.
1901 3254 1964 3295 24,
2003 3252 2091 3283 A.D.

1248 3310 1366 3351 1103.

1829 3388 1859 3412 7
