2216 3554
609 192 658 242 U
653 185 1085 242 wiremuthensium
1119 202 1161 242 et
1199 181 1575 257 Gyruuensium.
1851 193 1951 246 v385)

200 339 408 388 namque
455 323 703 389 Lingonas
720 325 735 351 ¹
782 324 906 374 circa
953 325 1122 374 horam
1165 317 1260 374 diei
1301 328 1512 387 tertiam,
1563 328 1749 377 decima
1794 330 1950 393 ipsius

201 405 300 453 diei
323 406 441 454 hora
459 406 687 470 migravit
710 406 771 455 ad
795 406 1075 462 Dominum,
1100 412 1149 457 et
1173 408 1384 457 crastino
1410 410 1462 457 in
1482 411 1677 459 ecclesia
1700 412 1954 460 beatorum

203 488 554 537 (31611111101111112
601 493 872 553 martyrum
923 489 1184 539 honorifice
1239 491 1460 555 sepultus
1517 500 1603 553 est,
1652 511 1750 542 non
1797 494 1954 542 solum

201 571 374 634 Anglis
408 589 581 635 genere
614 572 698 636 qui
726 572 983 636 plusquam
1015 572 1263 637 octoginta
1298 591 1498 623 numero
1534 576 1585 623 in
1621 578 1724 639 ejus
1760 577 1954 625 fuerant

201 654 446 713 comitatu,
471 654 555 702 sed
587 658 636 703 et
668 654 801 703 illius
833 654 926 703 loci
961 655 1132 722 accolis
1167 673 1257 719 pro
1290 658 1537 706 retardato
1571 661 1671 706 tam
1704 658 1956 707 reverendi

200 737 326 785 senis
374 737 622 798 desiderio,
671 737 723 785 in
769 738 992 787 lacrimas
1039 738 1295 803 luctusque
1342 739 1529 788 solutis.
1601 740 1774 803 Neque
1826 740 1955 789 enim

200 818 339 868 facile
376 820 631 884 quisquam
665 820 887 870 lacrimas
931 827 1097 870 tenere
1136 821 1317 885 potuit,
1357 822 1527 871 videns
1563 822 1764 871 comites
1801 822 1954 886 ipsius

199 899 378 965 partim
411 907 551 966 patre
593 902 770 952 amisso
811 909 1025 967 coeptum
1072 903 1166 952 iter
1202 921 1374 968 agere3
1422 905 1603 968 partim
1644 909 1832 954 mutata
1878 905 1955 953 111-

201 984 417 1033 tentione
458 1002 552 1049 qua
593 986 797 1034 Romam
833 987 904 1035 ire
939 986 1227 1047 desiderant,
1266 986 1464 1036 domum
1505 988 1660 1052 magis
1695 1006 1790 1052 qua
1827 989 1956 1037 hunc

201 1068 446 1131 sepultum
470 1068 756 1118 nunciarent
779 1070 960 1118 reverti
972 1087 984 1131 3
1022 1070 1204 1133 partim
1236 1070 1298 1118 ad
1332 1071 1551 1120 tumbam
1576 1070 1794 1119 defuncti
1830 1070 1957 1118 inter

200 1165 280 1197 eos
317 1167 523 1214 quorum
570 1168 657 1199 nec
703 1152 921 1217 linguam
969 1157 1218 1212 noverant,
1254 1170 1345 1217 pro
1394 1152 1759 1218 inextinguibili
1799 1152 1955 1217 patris

200 1230 373 1281 affectu
408 1234 630 1283 residere.
1270 1229 1273 1232 ’

275 1318 349 1364 16.
386 1316 506 1365 Erat
541 1322 707 1366 autem
743 1317 936 1382 quando
973 1317 1096 1367 obiit
1130 1335 1368 1367 annorum
1398 1318 1707 1383 septuaginta
1732 1323 1956 1383 quatuor,

198 1398 487 1462 presbyterii
526 1400 683 1463 gradu
723 1401 919 1449 functus
966 1401 1106 1449 annis
1155 1401 1475 1466 quadraginta
1522 1405 1721 1466 septem,
1769 1400 1959 1449 abbatis

199 1481 412 1530 officium
459 1482 740 1531 ministrans
781 1484 921 1532 annis
962 1483 1170 1547 triginta
1210 1485 1441 1549 quinque,
1483 1485 1560 1534 vel
1605 1484 1769 1549 potius
1817 1485 1958 1533 annis

201 1565 521 1630 quadraginta
558 1566 729 1626 tribus,
767 1567 881 1631 quia
922 1567 1106 1616 scilicet
1141 1584 1169 1614 a
1203 1567 1362 1631 primo
1404 1571 1620 1631 tempore
1662 1584 1758 1631 quo
1798 1567 1958 1615 Bene-

200 1647 360 1697 dictus
396 1648 448 1695 in
481 1648 665 1698 honore
701 1650 969 1698 beatissimi
1004 1650 1330 1714 apostolorum
1367 1649 1601 1714 principis
1635 1667 1778 1698 suum
1813 1649 1961 1714 coepit

199 1731 402 1779 condere
433 1731 797 1793 monasterium,
828 1732 930 1796 ipse
965 1732 1040 1779 illi
1073 1749 1231 1782 comes
1266 1733 1562 1792 individuus,
1596 1736 1880 1797 cooperator
1910 1736 1960 1779 et

199 1813 367 1861 doctor
417 1813 652 1877 regularis
699 1821 748 1863 et
789 1814 1069 1864 monasticae
1115 1815 1441 1864 institutionis
1487 1817 1668 1865 aderat.
1757 1814 1850 1864 Cui
1896 1831 1957 1862 ne

197 1895 344 1960 prisci
386 1913 568 1944 morem
616 1897 806 1960 rigoris,
847 1898 923 1947 vel
964 1898 1138 1959 aetatis,
1178 1899 1255 1946 vel
1293 1897 1606 1959 infirmitatis,
1649 1898 1728 1947 vel
1772 1896 1961 1945 itineris

198 1995 413 2043 unquam
448 1979 689 2028 minueret
724 1980 907 2030 occasio
927 1998 943 2042 3
979 1999 1039 2029 ex
1070 1981 1150 2029 die
1183 1998 1280 2044 quo
1314 1981 1374 2029 de
1405 1979 1697 2029 monasterio
1729 1996 1815 2027 suo
1847 1996 1960 2043 pro-

198 2061 353 2110 fectus
390 2062 511 2111 abiit
545 2079 697 2127 usque
733 2064 795 2111 ad
830 2063 962 2112 diem
997 2081 1094 2128 quo
1130 2064 1387 2112 defunctus
1424 2069 1512 2122 est,
1544 2063 1596 2110 id
1627 2065 1712 2120 est,
1746 2080 1774 2110 a
1802 2061 1960 2125 pridie

198 2160 348 2192 nonas
379 2145 412 2192 J
417 2144 555 2193 unias
586 2163 738 2210 usque
773 2147 836 2195 ad
869 2147 1130 2211 septimum
1155 2147 1472 2194 kalendarum
1498 2144 1784 2195 Octobrium
1810 2144 1954 2204 diem,

198 2242 286 2289 per
321 2226 423 2275 dies
458 2227 579 2288 cxiv,
611 2229 828 2293 exceptis
863 2229 1105 2278 canonicis
1141 2229 1418 2278 orationum
1452 2228 1600 2289 horis,
1631 2227 1849 2292 quotidie
1885 2226 1960 2275 bis

198 2309 484 2373 psalterium
515 2327 575 2358 ex
599 2311 767 2359 ordine
792 2311 1046 2360 decantare
1078 2312 1266 2360 curavit
1284 2329 1299 2373 3
1338 2312 1486 2360 etiam
1519 2328 1628 2359 cum
1661 2311 1723 2358 ad
1752 2310 1842 2358 hoc
1873 2326 1962 2373 per

200 2391 532 2441 infirmitatem
558 2393 819 2454 deveniret,
845 2399 901 2442 ut
926 2394 1141 2458 equitare
1170 2412 1268 2443 non
1291 2395 1458 2443 valens
1489 2393 1669 2442 feretro
1700 2391 1960 2442 caballario

199 2471 469 2531 veheretur,
505 2472 719 2536 quotidie
754 2472 900 2522 missa
936 2477 1131 2522 cantata
1165 2473 1392 2523 salutaris
1427 2472 1601 2522 hostiae
1642 2472 1749 2521 Deo
1785 2486 1962 2520 munus

200 2553 407 2613 offerret,
444 2559 643 2618 excepto
683 2572 795 2615 uno,
834 2573 927 2620 quo
964 2573 1199 2605 oceanum
1239 2556 1512 2620 navigabat,
1553 2559 1603 2605 et
1641 2555 1801 2604 tribus
1842 2557 1956 2603 ante

201 2636 387 2685 exitum
423 2636 608 2685 diebus.

256 2833 270 2855 ²
297 2833 522 2886 Isinyonas]
560 2833 757 2886 Langres,
789 2833 861 2874 the
893 2837 983 2874 seat
1013 2833 1061 2874 of

201 2903 227 2929 a
244 2888 454 2941 bishopric
473 2888 636 2940 subject
647 2893 691 2928 to
708 2889 781 2928 the
793 2888 1054 2928 archdiocese

201 2944 247 2984 of
299 2943 453 2995 Lyons.
510 2943 552 2983 S.
611 2945 623 2965 ‘
636 2943 842 2995 Reliquiae
900 2944 1052 2983 ossium

200 2999 496 3051 posterioribus
523 2999 644 3038 annis
672 2998 727 3038 ad
753 2999 1052 3039 monasterium

200 3067 336 3100 suum,
356 3053 504 3093 deinde
524 3053 694 3093 Danicae
716 3057 898 3107 tempore
917 3058 1052 3093 vasta-

201 3109 328 3149 tionis
347 3122 442 3148 cum
462 3108 621 3148 ossibus
639 3109 773 3148 beatae
792 3108 934 3148 Hildae
953 3108 1052 3149 Gla-

202 3165 383 3205 stoniam
419 3164 622 3217 portatae?
680 3163 903 3204 Malmesb.
937 3163 1054 3207 Gest.

201 3220 506 3316 Rngssatlfuffrh
536 3272 818 3338 Geminorwn]
857 3273 970 3315 Now
1001 3287 1056 3315 an

1108 2834 1397 2886 Augustinian
1428 2834 1583 2887 priory,
1615 2846 1642 2873 a
1668 2832 1763 2872 mile
1801 2830 1885 2870 and
1921 2844 1962 2870 a·

1109 2888 1202 2928 half
1226 2889 1331 2929 from
1362 2889 1561 2941 Langres.
1623 2888 1701 2927 ‘Et
1726 2886 1837 2938 apud
1863 2885 1963 2924 Lin-

1109 2957 1238 2996 gonas
1265 2945 1406 2984 natale
1439 2944 1700 2996 geminorum
1729 2939 1960 2991 Pseusippi‚

1108 2999 1309 3052 Elasippi,
1326 3003 1370 3039 et
1382 2999 1617 3051 Melasippi,
1635 2997 1706 3049 qui
1719 3009 1813 3035 cum
1825 2999 1962 3035 essent

1112 3065 1160 3104 25
1180 3068 1395 3102 annorum,
1417 3068 1512 3094 cum
1545 3053 1641 3093 avia
1671 3065 1746 3091 sua
1774 3049 1961 3089 Leonilla

1107 3113 1151 3148 et
1182 3109 1336 3150 Ionilla
1367 3113 1410 3149 et
1440 3110 1485 3149 N
1487 3121 1587 3148 eone
1615 3105 1816 3158 martyrio
1848 3117 1960 3144 coro—

1110 3166 1201 3204 nati
1219 3169 1329 3213 sunt,
1344 3167 1529 3217 tempore
1548 3160 1766 3201 Aureliani
1784 3160 1960 3212 impera-

1110 3219 1238 3260 toris!
1293 3219 1420 3260 Bedae
1434 3216 1796 3272 Martyrologium,
1811 3213 1960 3261 Smith,

1112 3288 1152 3328 P·
1174 3284 1267 3328 333·
