2216 3554
254 114 317 158 27
322 113 352 159 8
835 110 1064 160 Historia
1098 111 1434 162 Ecclesiastica
1777 112 1912 184 [LIB.
1931 132 2004 167 lv.

916 356 1057 408 CAP,
1098 357 1330 407 XXVII.

369 497 421 539 Ut
440 499 507 538 vir
525 498 703 539 Domini
725 498 923 541 cudberct
941 500 998 540 sit
1016 499 1226 551 episcopus
1236 498 1379 550 factus
1396 514 1409 538 .·
1437 505 1561 551 utque.
1578 501 1626 540 in
1644 502 1884 543 monachica

691 569 829 610 adhuc
845 570 934 609 vita
947 570 1109 621 positus
1127 569 1275 609 vixerit
1294 568 1355 610 vel
1374 568 1570 610 docuerit.

322 679 441 727 IPso
480 679 626 728 etiam
668 697 796 729 anno
834 697 933 744 quo
980 680 1123 728 finem
1165 680 1280 729 vitae
1321 681 1503 744 accepit
1543 698 1631 730 rex
1666 682 1870 746 Ecgfrid
1906 683 2006 747 epi-

333 788 419 815 ω).
441 783 516 823 685·
597 780 807 826 scopum,
863 768 921 810 ut
976 762 1203 820 diximus,
1251 763 1429 811 fecerat
1479 765 1695 812 ordinari
1741 765 2008 815 Lindisfar-

319 829 536 922 Ἑζξξζῗέἔ
598 845 822 893 nensium
868 844 1076 894 ecclesiae
1122 846 1286 892 virum
1332 853 1553 895 sanctum
1595 853 1644 895 et
1684 849 2008 897 venerabilem

300 929 551 972 Lindisfame,
599 927 925 975 Cudberctum
949 926 1034 990 qui
1058 927 1108 974 in
1131 926 1289 975 insula
1313 930 1588 991 permodica
1606 947 1713 994 quae
1736 931 2010 994 appellatur

256 1009 411 1058 Fame
427 1010 457 1070 ¹,
485 1015 533 1058 et
566 1010 627 1058 ab
651 1010 815 1058 eadem
841 1008 1039 1057 ecelesia
1070 1027 1243 1058 novem
1267 1011 1417 1059 ferme
1450 1012 1665 1060 millibus
1689 1029 1922 1076 passuum
1957 1013 2010 1061 in

257 1109 431 1140 oceano
456 1093 623 1156 procul
648 1092 798 1148 abest,
817 1091 971 1140 vitam
995 1091 1263 1139 solitariam
1286 1110 1375 1157 per
1398 1110 1549 1142 annos
1572 1095 1734 1158 plures
1758 1095 1811 1143 in
1833 1113 2010 1160 magna

257 1174 470 1238 corporis
507 1179 556 1222 et
591 1173 768 1222 mentis
804 1173 1102 1222 continentia
1137 1174 1357 1224 duxerat.
1433 1175 1533 1237 Qui
1567 1177 1763 1241 quidem
1792 1195 1821 1227 a
1852 1178 2011 1242 prima

257 1262 397 1304 aetate
433 1257 672 1320 pueritiae,
709 1255 871 1304 studio
907 1256 1144 1320 religiosae
1180 1257 1296 1306 vitae
1332 1275 1523 1322 semper
1562 1259 1792 1321 ardebat;
1831 1261 1915 1309 sed
1949 1261 2012 1309 ab

257 1339 453 1388 ineunte
495 1339 818 1388 adolescentia
847 1338 1194 1387 monachicum
1233 1346 1281 1388 et
1328 1358 1502 1390 nomen
1536 1343 1806 1406 adsumpsit
1841 1349 1891 1392 et
1925 1343 2010 1392 ha-

305 1434 390 1468 who
402 1435 443 1470 at
459 1434 544 1468 first
597 1421 771 1470 bitum.
821 1421 1040 1470 Intravit
1057 1426 1218 1470 autem
1237 1423 1400 1486 primo
1423 1425 1772 1473 monasterium
1796 1425 2010 1486 Mailros,

311 1483 538 1567 hagioffiepta
597 1503 729 1567 quod
770 1504 821 1551 in
856 1503 964 1568 ripa
1001 1505 1147 1554 Tuidi
1187 1505 1402 1555 fluminis
1448 1507 1676 1571 positum,
1712 1513 1828 1557 tunc
1865 1509 2012 1558 abbas

340 1581 512 1620 Men-ose,
598 1587 734 1646 Bata,
760 1586 839 1634 vir
861 1586 1080 1635 omnium
1106 1589 1524 1638 mansuetissimus
1549 1607 1604 1639 ac
1628 1590 2012 1654 simplicissimus

256 1669 482 1734 regebat:
527 1668 612 1732 qui
653 1673 821 1732 postea
858 1668 1109 1733 episcopus
1152 1670 1570 1734 Hagustaldensis,
1606 1673 1708 1722 sive
1742 1673 2012 1724 Lindisfar-
2082 1687 2091 1699 ·

258 1751 418 1801 nensis
443 1751 654 1800 ecclesiae
679 1751 836 1800 factus
859 1756 943 1811 est,
970 1757 1025 1801 ut
1050 1769 1194 1816 supra
1210 1754 1228 1780 2
1251 1755 1652 1804 memoravimus:
1694 1757 1773 1805 cui
1795 1761 2012 1821 tempore

258 1835 341 1883 illo
366 1835 654 1899 praepositus
678 1834 830 1882 Boisil
855 1852 1142 1898 magnarum
1166 1835 1409 1885 virtutum
1433 1843 1483 1886 et
1512 1838 1783 1902 prophetici
1812 1840 2012 1904 spiritus

258 1918 477 1966 sacerdos
507 1917 616 1965 fuit.
690 1918 855 1980 Hujus
886 1917 1196 1982 discipulatui
1232 1918 1474 1968 Cudberct
1501 1919 1751 1970 humiliter
1775 1923 2011 1982 subditus,

259 2006 308 2048 et
340 1999 588 2048 scientiam
624 2000 686 2047 ab
721 2016 777 2047 eo
813 1999 1179 2063 Scripturarum
1215 2006 1265 2050 et
1300 2003 1538 2051 bonorum
1570 2021 1771 2067 operum
1807 2005 2012 2069 sumpsit

258 2083 492 2146 exempla.

327 2164 426 2226 Qui
460 2169 716 2228 postquam
755 2163 986 2228 migravit
1020 2165 1083 2213 ad
1120 2165 1402 2228 Dominum,
1442 2167 1684 2217 Cudberct
1717 2169 1872 2218 eidem
1913 2188 2013 2220 mo-

335 2272 414 2308 and
427 2272 522 2307 then
601 2246 814 2294 nasterio
861 2246 1018 2295 factus
1063 2247 1367 2311 praepositus,
1414 2249 1578 2313 plures
1632 2257 1680 2300 et
1725 2252 2013 2302 auctoritate

367 2323 495 2363 abbot,
601 2328 836 2392 magistri,
869 2332 920 2376 et
951 2330 1172 2393 exemplo
1206 2347 1305 2379 suae
1337 2331 1542 2380 actionis
1574 2333 1843 2397 regularem
1874 2334 2013 2384 insti-

258 2411 427 2461 tuebat
468 2412 531 2459 ad
565 2411 731 2460 vitam.
821 2411 924 2460 Nec
966 2412 1123 2460 solum
1160 2412 1255 2476 ipsi
1293 2414 1584 2463 monasterio
1626 2416 1860 2480 regularis
1899 2418 2014 2468 vitae

259 2493 445 2542 monita
468 2494 609 2542 simul
636 2498 686 2542 et
709 2494 1214 2558 exempla-praebebat,
1239 2497 1321 2544 sed
1345 2502 1394 2545 et
1417 2498 1593 2561 vulgus
1617 2499 2014 2564 circumpositum

259 2576 401 2639 longe
436 2577 628 2639 lateque
661 2593 688 2623 a
719 2576 823 2624 vita
858 2577 1020 2625 stultae
1056 2579 1419 2628 consuetudinis
1455 2581 1516 2628 ad
1551 2581 1814 2629 caelestium
1847 2583 2014 2646 gaudi-

261 2676 402 2707 orum
437 2662 714 2707 convertere
747 2658 947 2707 curabat
978 2676 1203 2708 amorem.
1264 2661 1393 2709 Nam
1426 2667 1475 2710 et
1509 2663 1658 2712 multi
1692 2663 1838 2713 fidem
1868 2683 2015 2729 quam

259 2741 502 2791 habebant
530 2740 710 2803 iniquis
735 2742 1056 2803 profanabant
1081 2743 1305 2806 operibus
1326 2762 1336 2792 :
1375 2750 1424 2792 et
1448 2745 1601 2808 aliqui
1625 2746 1774 2794 etiam
1796 2754 2015 2812 tempore

261 2823 575 2874 mortalitatis
612 2823 846 2885 neglectis
894 2824 1006 2873 fidei
1054 2826 1366 2875 sacramentis
1413 2827 1589 2892 quibus
1637 2835 1778 2879 erant
1818 2830 2012 2892 imbuti,

261 2907 323 2955 ad
359 2905 564 2955 erratica
599 2904 837 2953 idolatriae
873 2907 1190 2956 medicamina
1227 2910 1602 2971 concurrebant;
1646 2911 1782 2975 quasi
1820 2913 2014 2962 missam

262 3007 291 3037 a
324 2988 431 3037 Deo
467 2986 713 3036 conditore
748 2987 956 3051 plagam,
993 3007 1081 3054 per
1114 2991 1463 3042 incantationes
1478 2994 1511 3054 ⁸,
1536 2995 1610 3043 vel
1643 2995 1904 3058 fylacteria,
1937 2995 2013 3042 vel

316 3119 331 3143 ¹
359 3118 516 3171 Fame]
548 3119 624 3159 See
644 3132 683 3170 p.
707 3126 797 3169 170.
1221 3123 1237 3146 ⁸
1264 3123 1582 3179 incantationes]
1634 3126 1697 3168 Of.
1741 3126 1934 3173 Kemble,
1982 3126 2012 3168 i.

315 3173 332 3196 ²
357 3174 500 3227 supra]
532 3173 609 3214 See
627 3187 666 3226 p.
694 3186 784 3214 201.
1170 3189 1261 3230 334,
1292 3181 1498 3232 428—432.
