2216 3554
250 217 372 267 CAP.
388 213 504 284 ΧΠ]
870 213 1035 264 Gentis
1067 211 1355 276 Anylorum.
1889 212 1988 258 313

249 365 444 407 annum,
478 351 528 396 et
558 350 668 411 post
702 344 994 409 multiplices
1028 344 1218 392 militiae
1251 341 1452 392 caelestis
1483 357 1659 406 agones
1694 341 1755 390 ad
1789 342 1990 406 praemia

248 429 647 480 remunerationis
670 444 892 492 supernae
916 431 1017 476 tota
1039 432 1200 475 mente
1224 418 1482 488 suspirans.

954 706 1098 758 OAP.
1140 707 1258 756 XII.

304 847 354 888 Ut
372 848 543 901 quidam
562 849 607 888 in
619 847 841 899 provincia
859 846 908 887 N
906 845 1296 898 ordanhymbrorum
1315 857 1343 884 a
1362 844 1536 885 mortuis
1553 857 1768 896 resumens,
1790 843 1923 886 multa

535 921 572 958 et
590 917 797 957 tremenda
815 922 851 956 et
868 915 1146 957 desideranda
1164 928 1252 968 quae
1272 914 1436 954 viderat
1453 915 1698 954 narraverit.

313 1041 413 1090 H1s
436 1042 734 1106 temporibus
748 1043 763 1068 ¹
784 1042 1074 1090 miraculum
1092 1039 1402 1089 memorabile
1427 1044 1477 1088 et
1500 1040 1815 1103 antiquorum
1835 1040 1991 1090 simile

245 1125 298 1172 in
334 1125 579 1174 Brittania
612 1125 793 1174 factum
828 1131 914 1173 est.
984 1125 1210 1187 Namque
1245 1123 1306 1171 ad
1342 1123 1685 1171 excitationem
1719 1123 1992 1172 viventium

245 1210 304 1257 de
327 1213 483 1256 morte
506 1207 678 1256 animae
704 1207 900 1271 quidam
925 1206 1205 1269 aliquandiu
1229 1212 1450 1254 mortuus
1476 1205 1536 1252 ad
1554 1205 1707 1253 vitam
1726 1206 1992 1254 resurrexit

245 1290 472 1354 corporis,
512 1293 562 1338 et
598 1290 752 1337 multa
791 1295 1059 1337 memoratu
1095 1288 1243 1351 digna
1281 1305 1389 1351 quae
1430 1288 1633 1347 viderat,
1674 1289 1918 1348 narravit,
1966 1305 1992 1335 e

245 1373 421 1436 quibus
465 1372 544 1420 hic
585 1372 748 1435 aliqua
784 1371 997 1420 breviter
1043 1370 1414 1434 perstringenda
1455 1387 1557 1418 esse
1597 1370 1777 1433 putavi.
1868 1371 1992 1419 Erat

244 1473 358 1519 ergo
399 1456 745 1519 paterfamilias
792 1455 846 1502 in
891 1455 1086 1518 regione
1133 1453 1651 1516 Nordanhymbrorum
1707 1481 1936 1523 Dryhthelm

243 1555 352 1602 quae
376 1544 576 1586 vocatur
599 1536 989 1601 Incuneningum
1004 1537 1034 1596 ²,
1060 1536 1334 1600 religiosam
1367 1552 1478 1583 cum
1509 1535 1650 1583 domo
1690 1540 1770 1566 ⁸0³⁵
1784 1541 1807 1565 ἃ
1826 1531 1957 1571 vision,

243 1637 329 1669 sua
360 1636 528 1683 gerens
558 1619 741 1667 vitam:
781 1618 866 1682 qui
898 1618 1183 1667 infirmitate
1213 1619 1427 1682 corporis
1463 1622 1634 1677 tactus,
1663 1620 1712 1665 et
1746 1616 1836 1665 hac
1869 1633 1991 1665 cres-

242 1696 378 1751 cente
414 1718 500 1765 per
541 1701 642 1748 dies
688 1701 750 1748 ad
797 1705 1014 1748 extrema
1053 1701 1330 1763 perductus,
1371 1699 1531 1763 primo
1572 1706 1790 1763 tempore
1837 1698 1992 1747 noctis

241 1784 497 1832 defunctus
542 1790 614 1831 est
628 1801 641 1843 ;
690 1784 773 1831 sed
820 1783 1030 1831 diluculo
1070 1782 1361 1831 reviviscens
1408 1799 1463 1830 ac
1508 1786 1705 1845 repente
1759 1780 1990 1840 residens,

240 1882 406 1914 omnes
430 1865 515 1929 qui
544 1865 733 1928 corpori
764 1865 934 1912 flentes
966 1865 1257 1924 assederant,
1281 1865 1456 1912 timore
1489 1864 1724 1912 immenso
1748 1862 1992 1927 perculsos

240 1947 294 1995 in
316 1948 481 2012 fugam
505 1947 743 1996 convertit
761 1966 771 1995 :
809 1964 935 1995 uxor
956 1952 1148 1995 tantum
1170 1963 1279 2010 quae
1303 1947 1512 2010 amplius
1536 1947 1744 2005 amabat,
1765 1946 1988 2010 quamvis

242 2030 451 2078 multum
497 2036 707 2078 tremens
749 2034 798 2078 et
842 2028 1031 2092 pavida,
1073 2029 1335 2077 remansit:
1386 2046 1531 2092 quam
1577 2028 1658 2076 ille
1703 2029 1990 2083 consolatus,

244 2118 255 2137 ‘
274 2114 320 2159 N
325 2111 418 2171 01i‚’
456 2113 631 2176 inquit,
671 2116 682 2138 ‘
698 2111 883 2170 timere,
924 2111 1038 2175 quia
1073 2113 1174 2174 jam
1211 2129 1322 2159 vere
1360 2111 1600 2159 resurrexi
1636 2128 1665 2158 a
1701 2115 1857 2159 morte
1895 2127 1991 2174 qua

242 2195 452 2252 tenebar,
491 2201 540 2243 et
576 2193 704 2257 apud
739 2193 956 2242 homines
991 2210 1099 2242 sum
1139 2194 1317 2241 iterum
1352 2194 1514 2242 vivere
1549 2194 1842 2257 permissus3
1892 2209 1992 2240 non

242 2281 403 2323 tamen
434 2293 490 2324 ea
520 2276 641 2323 mihi
677 2293 772 2339 qua
805 2281 918 2324 ante
950 2292 1230 2323 consueram
1261 2276 1639 2335 conversatione,
1666 2276 1748 2324 sed
1781 2275 1992 2322 multum

241 2357 466 2405 dissimili
506 2374 566 2406 ex
605 2358 697 2406 hoc
733 2364 949 2421 tempore
984 2357 1246 2405 vivendum
1287 2358 1388 2406 est.'
1482 2358 1754 2423 Statimque
1791 2375 1992 2422 surgens

242 2439 363 2487 abiit
397 2439 458 2487 ad
492 2440 675 2488 villulae
712 2439 991 2499 oratorium,
1026 2442 1075 2487 et
1109 2455 1263 2502 usque
1296 2440 1355 2486 ad
1385 2439 1514 2487 diem
1550 2440 1601 2487 in
1637 2439 1851 2488 oratione
1885 2458 1991 2504 per-

242 2522 427 2580 sistens,
453 2539 564 2570 mox
589 2539 780 2569 omnem
805 2538 950 2586 quam
974 2521 1249 2585 possederat
1274 2523 1598 2570 substantiam
1623 2523 1675 2570 in
1699 2528 1799 2572 tres
1824 2522 1992 2571 divisit

241 2604 497 2668 portiones,
522 2620 548 2651 e
573 2603 748 2667 quibus
772 2621 918 2652 unam
942 2603 1146 2667 conjugi,
1171 2604 1372 2652 alteram
1401 2604 1517 2653 filiis
1545 2605 1766 2665 tradidit,
1791 2606 1991 2654 tertiam

242 2686 334 2733 sibi
368 2685 471 2748 ipse
506 2689 767 2742 retentans,
802 2684 968 2733 statim
1002 2686 1299 2749 pauperibus
1335 2686 1601 2735 distribuit.
1690 2687 1741 2734 N
1743 2705 1796 2736 ec
1836 2688 1991 2735 multo

241 2772 351 2831 post
374 2768 534 2816 saeculi
559 2768 683 2816 curis
715 2768 960 2817 absolutus
984 2767 1046 2815 ad
1078 2769 1424 2817 monasterium
1451 2770 1667 2830 Mailros,
1693 2771 1823 2834 quod
1847 2770 1991 2818 Tuidi

242 2849 456 2898 fluminis
488 2850 796 2899 circumflexu
832 2849 1044 2898 maxima
1076 2867 1137 2898 ex
1170 2856 1307 2913 parte
1339 2851 1596 2911 clauditur,
1629 2851 1877 2916 pervenit,
1915 2868 1991 2899 ac-

296 2988 309 3010 ¹
340 2985 422 3027 His
441 2987 698 3040 temporibus]
717 2998 802 3029 Aa).
818 2986 911 3039 671.
969 2989 1083 3027 Anu.
1193 2987 1210 3011 ²
1237 2989 1590 3042 Iamneninqum]
1630 2989 1839 3041 ‘Perhaps
1876 2989 1989 3028 Cun-

242 3043 492 3091 Xantenoes,
522 3043 575 3081 ad
608 3056 646 3082 a.
678 3043 793 3093 ‘671.
854 3042 948 3083 Hoc
976 3056 1085 3083 anno
1137 3044 1336 3096 ningham
1382 3045 1428 3085 in
1475 3045 1686 3094 scotland,
1731 3043 1867 3083 where
1915 3043 1988 3082 the

242 3098 411 3150 quidam
451 3097 494 3136 in
532 3097 750 3136 Britannia
791 3111 817 3137 a
852 3102 986 3138 morte
1022 3110 1084 3137 re-
1136 3099 1282 3140 monks
1310 3099 1356 3139 of
1379 3100 1573 3149 Melrose,
1603 3104 1648 3139 at
1676 3113 1702 3138 a
1734 3098 1841 3137 later
1869 3097 1985 3146 time,

241 3165 422 3204 surgens,
453 3152 586 3191 multa
624 3165 714 3202 quae
753 3151 860 3191 vidit
897 3152 950 3191 de
985 3152 1084 3192 locis
1136 3152 1219 3193 had
1246 3155 1519 3207 possessions3
1557 3168 1623 3193 see
1650 3153 1777 3192 Liber
1795 3153 1846 3191 de
1875 3152 1988 3190 Mel-

240 3220 454 3259 poenarum
501 3210 543 3246 et
590 3206 817 3258 purgatorii
855 3207 959 3259 ignis
995 3206 1083 3247 loco
1138 3221 1239 3257 rose,
1258 3209 1286 3249 i.
1308 3218 1371 3262 72,
1397 3207 1474 3262 74.’
1531 3210 1643 3249 Stev.

241 3260 475 3301 enarravit?
532 3261 669 3308 Pertz,
689 3261 731 3301 ii.
757 3273 846 3302 220.
