2216 3554
180 200 302 250 OAP.
326 199 444 270 x11.]
822 200 985 250 Gentis
1016 200 1299 263 Anylorwm.
1832 205 1924 250 11'7

178 334 327 382 vestri
359 334 716 397 summissaeque
751 334 888 381 vobis
923 333 1082 398 gentis
1119 334 1345 396 dignatus
1373 330 1519 380 fuerit
1555 332 1758 395 operari,
1789 349 1926 395 pros—

178 416 308 478 peris
342 415 626 480 quantocius
660 414 850 463 nunciis
889 414 1127 474 relevetis,
1165 421 1403 478 quatenus
1439 413 1713 462 sollicitudo
1745 419 1922 471 nostra,

179 515 286 561 quae
332 499 391 547 de
431 497 580 546 vestri
616 503 980 561 vestrorumque
1023 496 1239 544 omnium
1282 496 1455 544 animae
1498 496 1651 543 salute
1693 495 1926 558 optabilia

178 580 506 628 desideranter
533 583 793 642 exspectat,
817 579 952 627 vobis
984 578 1329 627 nunciantibus
1362 578 1617 635 relevetur,
1643 576 1926 625 illustratio-

178 679 386 726 nemque
410 663 586 711 divinae
608 661 967 725 propitiationis
991 661 1043 709 in
1067 661 1205 709 v-obis
1228 660 1755 727 diffusam-opulentius
1780 677 1926 723 agno-

178 749 374 803 scentes,
411 745 555 792 hilari
590 744 881 792 confessione
918 744 1138 806 largitori
1186 744 1402 792 omnium
1448 744 1689 791 bonorum
1731 742 1835 790 Deo
1879 748 1926 789 et

178 827 317 875 beato
365 828 508 875 Petro
550 826 901 890 Apostolorum
947 827 1160 890 principi
1201 827 1370 875 uberes
1411 825 1587 873 merito
1623 824 1806 889 gratias
1844 842 1925 872 ex-

178 908 431 958 solvamus.

250 996 260 1015 ‘
279 992 518 1040 Praeterea
541 992 922 1041 benedictionem
945 991 1231 1056 protectoris
1248 991 1398 1040 vestri
1421 990 1550 1039 beati
1574 989 1710 1038 Petri
1735 993 1925 1053 aposto-

178 1073 337 1120 lorum
361 1074 591 1138 principis
614 1074 750 1122 vobis
774 1074 1038 1123 direximus
1052 1092 1064 1135 ;
1102 1074 1152 1121 id
1177 1079 1262 1133 est,
1283 1073 1528 1137 speculum
1553 1077 1850 1136 argenteum,
1877 1075 1927 1118 et

177 1156 418 1219 pectinem
443 1157 668 1205 eboreum
692 1157 968 1205 inauratum
990 1175 999 1205 :
1039 1157 1168 1220 quod
1201 1156 1424 1219 petimuS,
1450 1160 1508 1204 ut
1532 1172 1587 1204 eo
1611 1154 1927 1218 benignitatis

178 1239 336 1288 animo
359 1240 514 1304 gloria
533 1247 693 1289 vestra
718 1241 962 1305 suscipiat,
990 1257 1084 1304 quo
1109 1258 1144 1289 a
1160 1240 1298 1289 nobis
1322 1239 1539 1288 noscitur
1563 1238 1887 1287 destinatu1n.'

903 1475 1048 1527 CAP.
1086 1477 1201 1524 XII.

225 1600 275 1641 Ut
295 1599 477 1641 AEduini
493 1611 567 1652 per
586 1599 775 1641 visionem
795 1601 1004 1654 quondam
1022 1601 1103 1641 sibi
1122 1601 1235 1641 exuli
1255 1603 1467 1650 ostensam,
1491 1600 1547 1641 sit
1566 1599 1625 1640 acl
1645 1599 1886 1640 credendam

928 1673 1194 1721 provocatus„

247 1784 374 1831 HAEO
423 1783 619 1846 quidem
665 1788 961 1831 memoratus
1004 1800 1131 1846 papa
1176 1782 1455 1830 Bonifatius
1501 1781 1561 1830 de
1607 1781 1760 1830 salute
1798 1781 1937 1845 regis¹

176 1866 380 1913 AEduini
402 1883 456 1914 ac
480 1865 638 1929 gentis
660 1864 827 1929 ipsius,
846 1865 1001 1921 literis
1026 1866 1212 1928 agebat.
1269 1865 1363 1913 Sed
1387 1868 1436 1912 et
1460 1864 1708 1912 oraculum
1740 1863 1926 1911 caeleste

177 1948 305 2012 quod
333 1948 405 1995 illi
430 1948 674 2012 quondam
699 1948 915 1996 exulanti
948 1948 1079 2011 apud
1109 1948 1412 1995 Redualdum
1427 1946 1451 1973 1'
1470 1963 1631 2010 regem
1654 1945 1926 2008 Anglorum

176 2031 330 2095 pietas
354 2031 518 2080 divina
540 2031 755 2079 revelare
779 2031 976 2095 dignata
1004 2035 1091 2090 est,
1117 2048 1213 2079 non
1246 2030 1502 2077 minimum
1536 2029 1598 2076 ad
1630 2028 1927 2091 suscipienda

176 2114 254 2163 vel
289 2114 603 2178 intelligenda
639 2113 872 2162 doctrinae
910 2114 1093 2162 monita
1129 2113 1355 2162 salutaris
1392 2129 1585 2161 sensum
1616 2111 1747 2174 juvit
1780 2111 1925 2159 illius.

177 2197 301 2246 Cum
329 2214 443 2261 ergo
468 2197 653 2245 videret
684 2196 918 2244 Paulinus
947 2196 1202 2244 difficulter
1233 2212 1372 2259 posse
1404 2194 1749 2243 sublimitatem
1777 2194 1925 2241 animi

176 2279 365 2342 regalis,
384 2280 445 2328 ad
468 2280 794 2328 humilitatem
812 2280 902 2328 viae
926 2278 1163 2338 salutaris,
1183 2284 1232 2326 et
1257 2277 1618 2341 suscipiendum
1641 2277 1924 2340 mysterium

177 2361 384 2410 vivificae
420 2362 575 2410 crucis
610 2361 848 2422 inclinari,
875 2379 929 2410 ac
964 2378 1053 2425 pro
1078 2361 1234 2409 salute
1257 2360 1400 2419 illius,
1427 2359 1572 2407 simul
1595 2365 1642 2407 et
1665 2359 1821 2422 gentis
1846 2360 1925 2407 cui

177 2448 394 2506 praeerat,
420 2450 468 2493 et
491 2444 638 2493 verbo
671 2444 1022 2492 exhortationis
1053 2443 1189 2507 apud
1214 2442 1446 2500 homines,
1472 2446 1522 2490 et
1556 2442 1685 2506 apud
1710 2442 1924 2490 divinam

176 2525 406 2589 pietatem
457 2527 605 2575 verbo
655 2525 1003 2590 deprecationis
1049 2530 1214 2590 ageret
1228 2543 1240 2586 ;
1300 2526 1510 2584 tandem,
1559 2529 1617 2573 ut
1663 2525 1925 2573 verisimile

178 2608 388 2666 videtur,
425 2607 595 2656 didicit
634 2608 687 2656 in
723 2609 914 2672 spiritu,
949 2612 1006 2656 ut
1047 2609 1178 2672 quod
1216 2608 1301 2657 vel'
1335 2607 1475 2671 quale
1511 2614 1635 2656 esset
1677 2608 1924 2656 oraculum

178 2689 282 2754 regi
328 2690 571 2753 quondam
617 2690 803 2740 eaelitus
849 2695 1107 2740 ostensum.
1195 2690 1299 2740 Nec
1345 2690 1519 2781 exi⁶nde
1566 2689 1759 2739 distulit
1806 2689 1924 2753 quin

234 2828 248 2851 ¹
277 2826 558 2880 Reclualdum]
603 2828 717 2867 ‘The
754 2827 951 2880 kingdom
984 2827 1030 2868 of
1079 2842 1211 2880 sagas,
1230 2829 1373 2869 which·
1391 2829 1498 2869 have
1517 2829 1722 2869 reference
1743 2832 1784 2868 to
1804 2829 1924 2867 East-

179 2884 251 2924 the
266 2882 557 2934 East-Angles,
572 2882 617 2922 in
632 2883 767 2922 which
782 2896 808 2922 a
827 2883 1024 2922 northern
1078 2884 1236 2935 Anglia
1263 2889 1308 2924 at
1341 2898 1366 2924 a
1400 2885 1750 2936 period'anterior
1777 2887 1820 2922 to
1850 2882 1922 2921 the

178 2939 262 2979 and
299 2951 324 2977 a
366 2937 560 2977 southern
598 2938 744 2990 people
783 2937 1025 2986 (Northfolc
1079 2940 1242 2991 coming
1272 2939 1316 2978 of
1340 2939 1532 2991 Hengest.
1556 2939 1641 2978 and
1668 2939 1816 2977 Horsa.
1846 2966 1854 2975 .
1881 2966 1889 2974 .
1911 2968 1920 2977 .

179 2993 263 3033 and
296 2991 528 3041 Southfolc)
563 3005 669 3031 were
707 2991 1021 3044 distinguished.
1077 2993 1244 3034 Wehha
1263 3008 1309 3033 or
1325 2995 1478 3039 Wewa,
1495 3007 1541 3033 or
1558 3007 1671 3032 more
1691 2990 1921 3041 commonly

179 3049 225 3088 It
252 3048 287 3088 is
314 3046 510 3098 probable
529 3046 635 3092 that,
655 3059 758 3086 even
778 3046 928 3100 during
949 3047 1022 3087 the
1076 3047 1141 3088 his
1169 3062 1244 3089 son
1263 3049 1364 3090 Uffa
1382 3062 1427 3088 or
1447 3049 1600 3095 Wuffa,
1624 3047 1728 3085 from
1756 3045 1921 3083 whence

179 3103 261 3143 last
287 3101 430 3155 period
449 3100 494 3140 of
508 3100 578 3140 the
600 3101 759 3140 Roman
778 3114 901 3153 sway,
921 3102 1021 3142 Ger·
1075 3102 1141 3142 his
1169 3117 1261 3143 race
1280 3103 1450 3143 derived
1470 3103 1577 3142 their
1596 3099 1850 3153 patronymic
1879 3098 1926 3137 of

179 3170 298 3197 mans
331 3169 437 3195 were
473 3155 625 3195 settled
655 3156 698 3194 in
735 3156 820 3195 this
857 3160 951 3208 part
981 3156 1028 3196 of
1081 3157 1240 3210 Uffings
1269 3173 1315 3198 or
1342 3159 1561 3209 Wuffings,
1590 3157 1625 3194 is
1652 3153 1847 3193 recorded
1875 3165 1921 3192 as

182 3211 369 3259 Britain3
398 3224 424 3250 a
448 3210 704 3263 supposition
723 3210 817 3250 that
842 3211 959 3263 gains
978 3211 1022 3251 in
1076 3211 1188 3252 their
1233 3213 1322 3254 first
1367 3210 1492 3264 king.’
1559 3208 1848 3262 Lappenberg,
1892 3207 1920 3246 i.

180 3265 430 3319 probability
459 3265 564 3305 from
595 3265 755 3305 several
786 3265 855 3305 old
886 3265 1020 3306 Saxon
1082 3277 1171 3320 113.
