2216 3554
164 181 285 230 CAP.
310 179 404 250 XL]
814 181 979 230 Gentis
1011 179 1297 245 Anqlorum.
1814 187 1907 231 115

894 439 1048 489 GAP.
1085 440 1172 489 XI.

327 579 379 620 Ut
397 581 602 633 conjuyem
621 580 861 633 ipsius‚.per
878 580 1104 632 epistolam,
1123 580 1276 621 salutis
1293 579 1410 620 illius
1428 579 1611 621 sedulam
1630 593 1746 631 avere

850 664 991 692 curam
1012 649 1223 691 monuerit.

228 777 314 826 AD
352 779 603 844 conjugem
640 778 998 844 quoque-illius
1033 777 1367 842 AEdilbergam
1403 775 1683 840 hujusmodi
1717 776 1906 826 litteras

161 859 284 908 idem
311 861 534 924 pontifex
558 862 693 910 misit
715 880 725 909 ι

159 1002 426 1067 Exemplar
449 1004 664 1067 epistolae
689 1003 954 1052 beatissimi
984 1007 1032 1052 et
1059 1003 1309 1067 apostolici
1339 1002 1575 1052 Bonifatii
1604 1020 1742 1067 papae
1771 1003 1906 1051 urbis

363 1086 545 1146 Romae,
571 1086 766 1135 directae
793 1085 1091 1150 AEdilbergae
1115 1086 1295 1151 reginae
1320 1086 1521 1134 AEduini
1545 1086 1686 1150 regis.

228 1226 479 1274 ‘Dominae
515 1225 738 1289 gloriosae
780 1225 895 1274 filiae
931 1226 1225 1289 AEdilbergae
1260 1226 1453 1290 reginae,
1491 1225 1768 1274 Bonifatius
1803 1223 1905 1287 epi-

157 1326 328 1373 scopus
364 1325 529 1357 servus
564 1325 813 1357 servorum
847 1308 956 1357 Dei.
1049 1309 1391 1372 Redemptoris
1436 1308 1592 1357 nostri
1631 1307 1906 1370 benignitas

157 1392 370 1440 humano
405 1391 568 1455 generi
604 1391 735 1455 quod
769 1391 970 1455 pretiosi
1006 1392 1253 1454 sanguinis
1288 1391 1363 1440 sui
1391 1391 1619 1439 effusione
1647 1408 1676 1439 a
1697 1389 1906 1439 vinculis

157 1475 408 1533 diabolicae
443 1473 742 1537 captivitatis
777 1474 970 1537 eripuit,
1008 1475 1177 1522 multae
1214 1474 1529 1538 providentiae
1554 1473 1729 1537 quibus
1755 1473 1905 1521 salva-

155 1563 293 1606 retur
338 1555 622 1621 propinavit
661 1556 901 1615 remedia3
951 1561 1188 1619 quatenus
1236 1556 1321 1605 sui·
1354 1556 1563 1604 nominis
1608 1554 1905 1619 agnitionem

153 1640 344 1688 diverso
385 1638 528 1686 modo
569 1637 795 1701 gentibus
837 1639 1148 1699 innotescenS,
1187 1638 1471 1688 Creatorem
1506 1655 1647 1687 suum
1684 1643 1904 1700 suscepto

156 1722 444 1772 Christianae
474 1721 587 1769 fidei
627 1724 938 1784 agnoscerent
978 1726 1290 1769 sacramento.
1382 1721 1528 1782 Quod
1577 1720 1802 1784 equidem
1851 1720 1904 1767 in

153 1808 330 1852 vestrae
350 1803 518 1867 gloriae
543 1802 762 1851 sensibus
786 1802 962 1850 caelesti
990 1802 1234 1850 conlatum
1257 1819 1455 1851 munere
1480 1803 1684 1865 mystica
1707 1819 1903 1866 regene-

153 1885 355 1935 rationis
389 1891 564 1934 vestrae
598 1884 830 1948 purgatio
865 1887 1088 1947 patenter
1122 1884 1297 1933 innuit.
1390 1883 1570 1948 Magno
1611 1900 1726 1947 ergo
1761 1883 1903 1947 largi-

151 1969 269 2018 tati-s
304 1967 576 2016 Dominicae
610 1966 841 2016 beneficio
878 1983 1013 2014 mens
1060 1971 1228 2014 nostra
1267 1966 1445 2030 gaudio
1481 1966 1734 2026 exultavit,
1772 1967 1917 2029 quod

151 2051 413 2101 scintillam
437 2051 721 2120 orthodoxae
745 2050 994 2115 religionis
1017 2049 1069 2097 in
1092 2049 1243 2099 vestri
1258 2050 1486 2114 dignatus
1510 2050 1921 2098 estzconfessionex

152 2134 453 2183 succendere.
525 2133 604 2181 Ex
630 2130 737 2197 {qua
771 2150 825 2182 re
849 2150 946 2181 non
970 2132 1123 2181 solum
1150 2131 1350 2196 gleriosi
1374 2131 1591 2196 conjugis
1614 2132 1777 2191 vestri,
1792 2132 1902 2179 aimo

151 2216 304 2267 totius
339 2215 498 2281 gentis
533 2215 796 2281 subpositae
831 2215 967 2266 vobis
1002 2215 1377 2281 intelligentiam
1405 2215 1458 2263 in
1481 2232 1643 2264 amore
1667 2214 1741 2263 sui
1765 2214 1903 2263 facile

150 2299 489 2350 inflammaret.

220 2381 526 2431 ‘Didieimus
562 2397 770 2445 namque
804 2380 1130 2432 referentibus
1164 2380 1252 2441 his,
1279 2380 1364 2444 qui
1396 2380 1459 2429 ad
1486 2397 1573 2429 nos
1595 2380 1791 2445 gloriosi
1815 2380 1903 2427 filii

149 2465 311 2514 nostri
327 2464 606 2513 Audubaldi
630 2464 757 2527 regis
785 2464 1075 2534 laudabilem
1092 2464 1465 2513 conversionem
1488 2464 1772 2513 nunciantes
1795 2480 1900 2527 per-

149 2552 397 2607 venerunt,
434 2546 564 2610 quod
603 2546 754 2595 etiam
799 2537 963 2597 vestra
1009 2545 1184 2611 gloriav
1206 2545 1498 2595 Christianae
1531 2545 1645 2594 fidei
1681 2549 1900 2609 suscepto

149 2629 365 2678 mirabili
399 2634 697 2677 sacramento
731 2627 826 2692 piis
843 2657 849 2664 =
866 2633 916 2676 et
954 2627 1060 2677 Deo
1095 2627 1288 2692 placitis
1315 2627 1502 2693 jugiter
1535 2628 1763 2692 operibus
1798 2628 1900 2676 eni-

148 2713 331 2770 tescat3.
351 2710 412 2759 ab
446 2710 687 2759 idolorum
722 2710 870 2759 etiam
903 2710 1054 2770 cultu,
1091 2727 1176 2759 seu
1216 2710 1451 2770 fanorum,
1486 2710 1900 2774 auguriorumque

148 2791 399 2842 inlecebris
435 2808 485 2841 se
521 2791 784 2855 diligenter
819 2792 1072 2852 abstineat,
1097 2796 1148 2842 et
1181 2792 1251 2842 ita
1285 2792 1353 2841 inu
1369 2809 1531 2842 amore
1554 2791 1898 2855 Redemptoris

148 2874 226 2925 sui
257 2873 552 2922 immutilata
579 2873 835 2922 devotione
863 2874 1123 2937 persistens
1154 2874 1387 2939 invigilet,
1415 2880 1479 2924 ut
1506 2875 1569 2923 ad
1601 2873 1899 2923 dilatandam

150 2956 475 3007 Ghristianam
509 2955 656 3004 fidem
688 2954 1041 3005 incessabiliter
1087 2973 1184 3006 non
1225 2958 1427 3007 desistat
1462 2973 1656 3022 operam
1691 2970 1898 3004 commo-

148 3039 294 3088 dare:
331 3054 537 3102 cumque
559 3037 851 3101 deglorioso
874 3040 1076 3103 conjuge
1095 3044 1258 3089 vestro
1282 3045 1485 3104 paterna
1502 3039 1676 3088 caritas
1694 3035 1898 3085 sollicite

147 3119 478 3185 perquisisset,
514 3118 827 3183 cognovimus
863 3120 993 3184 quod
1028 3124 1224 3172 eatenus
1258 3121 1590 3171 abominandis
1622 3117 1765 3167 idolis
1800 3132 1899 3165 ser-

148 3203 300 3265 viem,
335 3202 399 3254 ad
446 3201 798 3266 suscipiendam
846 3219 1012 3253 vocem
1058 3204 1431 3268 praedicatorum
1477 3219 1614 3252 suam
1651 3199 1898 3251 distulerit

974 3298 999 3335 1
1024 3300 1052 3335 2
