<?xml version="1.0" encoding="UTF-8"?>
<!DOCTYPE html PUBLIC "-//W3C//DTD XHTML 1.0 Transitional//EN"
    "http://www.w3.org/TR/xhtml1/DTD/xhtml1-transitional.dtd">
<html xmlns="http://www.w3.org/1999/xhtml" xml:lang="en" lang="en">
 <head>
  <title>
</title>
<meta http-equiv="Content-Type" content="text/html;charset=utf-8" />
  <meta name='ocr-system' content='tesseract 3.04.00' />
  <meta name='ocr-capabilities' content='ocr_page ocr_carea ocr_par ocr_line ocrx_word'/>
</head>
<body>
  <div class='ocr_page' id='page_1' title='image "./historiaecclesia00bedeuoft_0226.png"; bbox 0 0 2216 3554; ppageno 0'>
   <div class='ocr_carea' id='block_1_1' title="bbox 394 190 2141 261">
    <p class='ocr_par' dir='ltr' id='par_1_1' title="bbox 394 190 2141 261">
     <span class='ocr_line' id='line_1_1' title="bbox 394 190 2141 261; baseline -0.002 -18"><span class='ocrx_word' id='word_1_1' title='bbox 394 198 417 243; x_wconf 91' lang='lat'>1</span> <span class='ocrx_word' id='word_1_2' title='bbox 427 197 490 243; x_wconf 85' lang='lat'><strong>94</strong></span> <span class='ocrx_word' id='word_1_3' title='bbox 967 192 1195 242; x_wconf 74' lang='lat' dir='ltr'><em>Historia</em></span> <span class='ocrx_word' id='word_1_4' title='bbox 1231 190 1572 242; x_wconf 76' lang='lat' dir='ltr'><strong>Ecclesiastica</strong></span> <span class='ocrx_word' id='word_1_5' title='bbox 1920 190 2052 261; x_wconf 78' lang='lat' dir='ltr'><strong>[Lm.</strong></span> <span class='ocrx_word' id='word_1_6' title='bbox 2068 207 2141 240; x_wconf 83' lang='lat'><strong>111.</strong></span> 
     </span>
    </p>
   </div>
   <div class='ocr_carea' id='block_1_2' title="bbox 386 322 2216 2780">
    <p class='ocr_par' dir='ltr' id='par_1_2' title="bbox 386 322 2216 2780">
     <span class='ocr_line' id='line_1_2' title="bbox 389 322 2143 389; baseline 0.001 -18"><span class='ocrx_word' id='word_1_7' title='bbox 389 323 716 386; x_wconf 85' lang='lat' dir='ltr'><strong>quadraginta</strong></span> <span class='ocrx_word' id='word_1_8' title='bbox 748 322 1046 372; x_wconf 85' lang='lat' dir='ltr'><strong>familiarum</strong></span> <span class='ocrx_word' id='word_1_9' title='bbox 1076 324 1130 372; x_wconf 91' lang='lat' dir='ltr'><strong>in</strong></span> <span class='ocrx_word' id='word_1_10' title='bbox 1162 324 1268 372; x_wconf 91' lang='lat' dir='ltr'><strong>loco</strong></span> <span class='ocrx_word' id='word_1_11' title='bbox 1304 324 1388 388; x_wconf 92' lang='lat' dir='ltr'><strong>qui</strong></span> <span class='ocrx_word' id='word_1_12' title='bbox 1417 323 1598 371; x_wconf 90' lang='lat' dir='ltr'><strong>dicitur</strong></span> <span class='ocrx_word' id='word_1_13' title='bbox 1625 322 1960 386; x_wconf 85' lang='lat' dir='ltr'><strong>Inhrypum¹;</strong></span> <span class='ocrx_word' id='word_1_14' title='bbox 1999 342 2143 389; x_wconf 90' lang='lat' dir='ltr'><strong>quem</strong></span> 
     </span>
     <span class='ocr_line' id='line_1_3' title="bbox 387 406 2143 470; baseline 0.002 -17"><span class='ocrx_word' id='word_1_15' title='bbox 387 406 614 455; x_wconf 89' lang='lat' dir='ltr'><strong>videlicet</strong></span> <span class='ocrx_word' id='word_1_16' title='bbox 647 406 802 454; x_wconf 92' lang='lat' dir='ltr'><strong>locum</strong></span> <span class='ocrx_word' id='word_1_17' title='bbox 837 406 982 469; x_wconf 89' lang='lat' dir='ltr'><strong>paulo</strong></span> <span class='ocrx_word' id='word_1_18' title='bbox 1014 412 1126 454; x_wconf 90' lang='lat' dir='ltr'><strong>ante</strong></span> <span class='ocrx_word' id='word_1_19' title='bbox 1159 406 1228 455; x_wconf 92' lang='lat' dir='ltr'><strong>eis</strong></span> <span class='ocrx_word' id='word_1_20' title='bbox 1259 407 1342 470; x_wconf 90' lang='lat' dir='ltr'><strong>qui</strong></span> <span class='ocrx_word' id='word_1_21' title='bbox 1377 406 1570 456; x_wconf 89' lang='lat' dir='ltr'><strong>Scottos</strong></span> <span class='ocrx_word' id='word_1_22' title='bbox 1599 406 1926 468; x_wconf 80' lang='lat' dir='ltr'><strong>sequebantur</strong></span> <span class='ocrx_word' id='word_1_23' title='bbox 1953 407 2005 454; x_wconf 91' lang='lat' dir='ltr'><strong>in</strong></span> <span class='ocrx_word' id='word_1_24' title='bbox 2035 424 2143 470; x_wconf 89' lang='lat' dir='ltr'><strong>pos-</strong></span> 
     </span>
     <span class='ocr_line' id='line_1_4' title="bbox 388 487 2144 551; baseline 0.001 -15"><span class='ocrx_word' id='word_1_25' title='bbox 388 489 651 536; x_wconf 81' lang='lat' dir='ltr'>sessionem</span> <span class='ocrx_word' id='word_1_26' title='bbox 687 488 968 536; x_wconf 87' lang='lat' dir='ltr'><strong>monasterii</strong></span> <span class='ocrx_word' id='word_1_27' title='bbox 1010 488 1222 537; x_wconf 89' lang='lat' dir='ltr'><strong>dederat.</strong></span> <span class='ocrx_word' id='word_1_28' title='bbox 1293 489 1390 538; x_wconf 85' lang='lat' dir='ltr'><strong>Sed</strong></span> <span class='ocrx_word' id='word_1_29' title='bbox 1425 488 1538 551; x_wconf 88' lang='lat' dir='ltr'><strong>quia</strong></span> <span class='ocrx_word' id='word_1_30' title='bbox 1574 487 1648 535; x_wconf 90' lang='lat' dir='ltr'><strong>illi</strong></span> <span class='ocrx_word' id='word_1_31' title='bbox 1683 489 1997 551; x_wconf 88' lang='lat' dir='ltr'><strong>postmodum</strong></span> <span class='ocrx_word' id='word_1_32' title='bbox 2032 489 2144 537; x_wconf 86' lang='lat' dir='ltr'><strong>data</strong></span> 
     </span>
     <span class='ocr_line' id='line_1_5' title="bbox 388 570 2144 634; baseline 0.001 -16"><span class='ocrx_word' id='word_1_33' title='bbox 388 571 483 619; x_wconf 89' lang='lat' dir='ltr'><strong>sibi</strong></span> <span class='ocrx_word' id='word_1_34' title='bbox 502 571 711 633; x_wconf 87' lang='lat' dir='ltr'><strong>optione,</strong></span> <span class='ocrx_word' id='word_1_35' title='bbox 729 570 884 634; x_wconf 87' lang='lat' dir='ltr'><strong>magis</strong></span> <span class='ocrx_word' id='word_1_36' title='bbox 907 571 1011 619; x_wconf 92' lang='lat' dir='ltr'><strong>loco</strong></span> <span class='ocrx_word' id='word_1_37' title='bbox 1031 571 1196 619; x_wconf 84' lang='lat' dir='ltr'><strong>cedere</strong></span> <span class='ocrx_word' id='word_1_38' title='bbox 1216 587 1361 634; x_wconf 87' lang='lat' dir='ltr'><strong>quam</strong></span> <span class='ocrx_word' id='word_1_39' title='bbox 1386 587 1524 619; x_wconf 89' lang='lat' dir='ltr'><strong>suam</strong></span> <span class='ocrx_word' id='word_1_40' title='bbox 1543 575 1731 618; x_wconf 91' lang='lat' dir='ltr'><strong>mutare</strong></span> <span class='ocrx_word' id='word_1_41' title='bbox 1752 572 2144 620; x_wconf 80' lang='lat' dir='ltr'><strong>consuetudinem</strong></span> 
     </span>
     <span class='ocr_line' id='line_1_6' title="bbox 387 652 2143 717; baseline 0.001 -17"><span class='ocrx_word' id='word_1_42' title='bbox 387 653 632 712; x_wconf 85' lang='lat' dir='ltr'><strong>volebant,</strong></span> <span class='ocrx_word' id='word_1_43' title='bbox 656 653 791 701; x_wconf 89' lang='lat' dir='ltr'><strong>dedit</strong></span> <span class='ocrx_word' id='word_1_44' title='bbox 821 670 930 701; x_wconf 92' lang='lat' dir='ltr'><strong>eum</strong></span> <span class='ocrx_word' id='word_1_45' title='bbox 954 652 1028 700; x_wconf 92' lang='lat' dir='ltr'><strong>illi</strong></span> <span class='ocrx_word' id='word_1_46' title='bbox 1061 653 1147 717; x_wconf 92' lang='lat' dir='ltr'><strong>qui</strong></span> <span class='ocrx_word' id='word_1_47' title='bbox 1180 654 1378 716; x_wconf 84' lang='lat' dir='ltr'><strong>dignam</strong></span> <span class='ocrx_word' id='word_1_48' title='bbox 1410 654 1515 701; x_wconf 91' lang='lat' dir='ltr'><strong>loco</strong></span> <span class='ocrx_word' id='word_1_49' title='bbox 1549 656 1599 701; x_wconf 90' lang='lat' dir='ltr'><strong>et</strong></span> <span class='ocrx_word' id='word_1_50' title='bbox 1630 653 1902 702; x_wconf 80' lang='lat' dir='ltr'><strong>doctrinam</strong></span> <span class='ocrx_word' id='word_1_51' title='bbox 1933 655 2143 714; x_wconf 86' lang='lat' dir='ltr'><strong>haberet,</strong></span> 
     </span>
     <span class='ocr_line' id='line_1_7' title="bbox 389 735 2145 799; baseline 0 -16"><span class='ocrx_word' id='word_1_52' title='bbox 389 739 440 783; x_wconf 93' lang='lat' dir='ltr'><strong>et</strong></span> <span class='ocrx_word' id='word_1_53' title='bbox 486 735 654 784; x_wconf 84' lang='lat' dir='ltr'><strong>vitam.</strong></span> <span class='ocrx_word' id='word_1_54' title='bbox 741 735 955 783; x_wconf 88' lang='lat' dir='ltr'><strong>Venerat</strong></span> <span class='ocrx_word' id='word_1_55' title='bbox 1009 752 1065 783; x_wconf 93' lang='lat' dir='ltr'><strong>eo</strong></span> <span class='ocrx_word' id='word_1_56' title='bbox 1116 741 1334 798; x_wconf 88' lang='lat' dir='ltr'><strong>tempore</strong></span> <span class='ocrx_word' id='word_1_57' title='bbox 1383 735 1716 799; x_wconf 88' lang='lat' dir='ltr'><strong>Agilberctus,</strong></span> <span class='ocrx_word' id='word_1_58' title='bbox 1764 736 2145 785; x_wconf 89' lang='lat' dir='ltr'><strong>Occidentalium</strong></span> 
     </span>
     <span class='ocr_line' id='line_1_8' title="bbox 391 817 2147 880; baseline -0.001 -14"><span class='ocrx_word' id='word_1_59' title='bbox 391 817 640 868; x_wconf 84' lang='lat' dir='ltr'><strong>Saxonum</strong></span> <span class='ocrx_word' id='word_1_60' title='bbox 672 817 938 880; x_wconf 89' lang='lat' dir='ltr'><strong>episcopus,</strong></span> <span class='ocrx_word' id='word_1_61' title='bbox 965 817 1100 879; x_wconf 88' lang='lat' dir='ltr'><strong>cujus</strong></span> <span class='ocrx_word' id='word_1_62' title='bbox 1134 833 1282 880; x_wconf 90' lang='lat' dir='ltr'><strong>supra</strong></span> <span class='ocrx_word' id='word_1_63' title='bbox 1300 819 1317 845; x_wconf 83' lang='lat'>2</span> <span class='ocrx_word' id='word_1_64' title='bbox 1351 817 1673 876; x_wconf 88' lang='lat' dir='ltr'><strong>meminimus,</strong></span> <span class='ocrx_word' id='word_1_65' title='bbox 1698 817 1880 866; x_wconf 88' lang='lat' dir='ltr'><strong>amicus</strong></span> <span class='ocrx_word' id='word_1_66' title='bbox 1905 817 2147 866; x_wconf 90' lang='lat' dir='ltr'><strong>Alchfridi</strong></span> 
     </span>
     <span class='ocr_line' id='line_1_9' title="bbox 389 899 2158 963; baseline 0.001 -16"><span class='ocrx_word' id='word_1_67' title='bbox 389 899 534 963; x_wconf 89' lang='lat' dir='ltr'><strong>regis,</strong></span> <span class='ocrx_word' id='word_1_68' title='bbox 581 904 632 948; x_wconf 86' lang='lat' dir='ltr'><strong>et</strong></span> <span class='ocrx_word' id='word_1_69' title='bbox 677 899 879 948; x_wconf 90' lang='lat' dir='ltr'><strong>Vilfridi</strong></span> <span class='ocrx_word' id='word_1_70' title='bbox 920 899 1124 959; x_wconf 89' lang='lat' dir='ltr'><strong>abbatis,</strong></span> <span class='ocrx_word' id='word_1_71' title='bbox 1164 899 1226 947; x_wconf 90' lang='lat' dir='ltr'><strong>ad</strong></span> <span class='ocrx_word' id='word_1_72' title='bbox 1266 899 1566 963; x_wconf 90' lang='lat' dir='ltr'><strong>provinciam</strong></span> <span class='ocrx_word' id='word_1_73' title='bbox 1612 900 1663 947; x_wconf 92' lang='lat' dir='ltr'>N</span> <span class='ocrx_word' id='word_1_74' title='bbox 1666 900 2158 963; x_wconf 85' lang='lat' dir='ltr'><strong>ordanhymbrorum‚·</strong></span> 
     </span>
     <span class='ocr_line' id='line_1_10' title="bbox 390 981 2143 1046; baseline 0 -16"><span class='ocrx_word' id='word_1_75' title='bbox 390 986 439 1031; x_wconf 90' lang='lat' dir='ltr'><strong>et</strong></span> <span class='ocrx_word' id='word_1_76' title='bbox 486 982 615 1046; x_wconf 88' lang='lat' dir='ltr'><strong>apud</strong></span> <span class='ocrx_word' id='word_1_77' title='bbox 661 998 740 1030; x_wconf 88' lang='lat' dir='ltr'><strong>eos</strong></span> <span class='ocrx_word' id='word_1_78' title='bbox 786 981 1071 1044; x_wconf 84' lang='lat' dir='ltr'><strong>aliquandiu</strong></span> <span class='ocrx_word' id='word_1_79' title='bbox 1118 981 1461 1030; x_wconf 75' lang='lat' dir='ltr'><strong>demorabatur</strong></span> <span class='ocrx_word' id='word_1_80' title='bbox 1475 999 1488 1043; x_wconf 89' lang='lat'>;</span> <span class='ocrx_word' id='word_1_81' title='bbox 1545 982 1630 1045; x_wconf 91' lang='lat' dir='ltr'><strong>qui</strong></span> <span class='ocrx_word' id='word_1_82' title='bbox 1677 982 1822 1030; x_wconf 90' lang='lat' dir='ltr'><strong>etiam</strong></span> <span class='ocrx_word' id='word_1_83' title='bbox 1864 982 2143 1043; x_wconf 81' lang='lat' dir='ltr'><strong>vilfridum,</strong></span> 
     </span>
     <span class='ocr_line' id='line_1_11' title="bbox 389 1062 2144 1128; baseline 0 -16"><span class='ocrx_word' id='word_1_84' title='bbox 389 1069 564 1128; x_wconf 85' lang='lat' dir='ltr'><strong>rogatu</strong></span> <span class='ocrx_word' id='word_1_85' title='bbox 588 1064 845 1122; x_wconf 87' lang='lat' dir='ltr'><strong>Alchfridi,</strong></span> <span class='ocrx_word' id='word_1_86' title='bbox 880 1063 933 1110; x_wconf 93' lang='lat' dir='ltr'><strong>in</strong></span> <span class='ocrx_word' id='word_1_87' title='bbox 967 1062 1168 1125; x_wconf 81' lang='lat' dir='ltr'><strong>praefato</strong></span> <span class='ocrx_word' id='word_1_88' title='bbox 1201 1079 1288 1111; x_wconf 89' lang='lat' dir='ltr'><strong>suo</strong></span> <span class='ocrx_word' id='word_1_89' title='bbox 1323 1064 1615 1112; x_wconf 90' lang='lat' dir='ltr'><strong>monasterio</strong></span> <span class='ocrx_word' id='word_1_90' title='bbox 1648 1066 1984 1128; x_wconf 88' lang='lat' dir='ltr'><strong>presbyterum</strong></span> <span class='ocrx_word' id='word_1_91' title='bbox 2018 1065 2144 1113; x_wconf 87' lang='lat' dir='ltr'><strong>fecit.</strong></span> 
     </span>
     <span class='ocr_line' id='line_1_12' title="bbox 390 1144 2144 1211; baseline -0.001 -15"><span class='ocrx_word' id='word_1_92' title='bbox 390 1147 621 1196; x_wconf 85' lang='lat' dir='ltr'><strong>Habebat</strong></span> <span class='ocrx_word' id='word_1_93' title='bbox 658 1150 823 1194; x_wconf 90' lang='lat' dir='ltr'><strong>autem</strong></span> <span class='ocrx_word' id='word_1_94' title='bbox 864 1162 1024 1194; x_wconf 89' lang='lat' dir='ltr'><strong>secum</strong></span> <span class='ocrx_word' id='word_1_95' title='bbox 1067 1144 1171 1208; x_wconf 88' lang='lat' dir='ltr'><strong>ipse</strong></span> <span class='ocrx_word' id='word_1_96' title='bbox 1212 1147 1552 1209; x_wconf 89' lang='lat' dir='ltr'><strong>presbyterum</strong></span> <span class='ocrx_word' id='word_1_97' title='bbox 1588 1147 1783 1195; x_wconf 90' lang='lat' dir='ltr'><strong>nomine</strong></span> <span class='ocrx_word' id='word_1_98' title='bbox 1818 1146 2144 1211; x_wconf 88' lang='lat' dir='ltr'><strong>Agathonem.</strong></span> 
     </span>
     <span class='ocr_line' id='line_1_13' title="bbox 391 1228 2146 1292; baseline 0 -15"><span class='ocrx_word' id='word_1_99' title='bbox 391 1229 529 1277; x_wconf 90' lang='lat' dir='ltr'><strong>Mota</strong></span> <span class='ocrx_word' id='word_1_100' title='bbox 562 1246 675 1292; x_wconf 90' lang='lat' dir='ltr'><strong>ergo</strong></span> <span class='ocrx_word' id='word_1_101' title='bbox 708 1228 778 1276; x_wconf 91' lang='lat' dir='ltr'><strong>ibi</strong></span> <span class='ocrx_word' id='word_1_102' title='bbox 811 1228 1079 1291; x_wconf 81' lang='lat' dir='ltr'><strong>quaestione</strong></span> <span class='ocrx_word' id='word_1_103' title='bbox 1112 1228 1171 1275; x_wconf 92' lang='lat' dir='ltr'><strong>de</strong></span> <span class='ocrx_word' id='word_1_104' title='bbox 1194 1228 1384 1291; x_wconf 88' lang='lat' dir='ltr'><strong>pascha,</strong></span> <span class='ocrx_word' id='word_1_105' title='bbox 1410 1229 1488 1276; x_wconf 86' lang='lat' dir='ltr'><strong>vel</strong></span> <span class='ocrx_word' id='word_1_106' title='bbox 1517 1233 1732 1290; x_wconf 79' lang='lat' dir='ltr'><strong>tonsura,</strong></span> <span class='ocrx_word' id='word_1_107' title='bbox 1756 1231 1833 1278; x_wconf 87' lang='lat' dir='ltr'><strong>vel</strong></span> <span class='ocrx_word' id='word_1_108' title='bbox 1867 1230 1975 1278; x_wconf 86' lang='lat' dir='ltr'><strong>aliis</strong></span> <span class='ocrx_word' id='word_1_109' title='bbox 2003 1231 2146 1278; x_wconf 88' lang='lat' dir='ltr'><strong>rebus</strong></span> 
     </span>
     <span class='ocr_line' id='line_1_14' title="bbox 390 1309 2148 1375; baseline -0.001 -15"><span class='ocrx_word' id='word_1_110' title='bbox 390 1310 739 1370; x_wconf 88' lang='lat' dir='ltr'><strong>ecclesiasticis,</strong></span> <span class='ocrx_word' id='word_1_111' title='bbox 787 1309 1080 1373; x_wconf 88' lang='lat' dir='ltr'><strong>dispositum</strong></span> <span class='ocrx_word' id='word_1_112' title='bbox 1128 1313 1202 1358; x_wconf 91' lang='lat' dir='ltr'><strong>est</strong></span> <span class='ocrx_word' id='word_1_113' title='bbox 1248 1315 1306 1358; x_wconf 89' lang='lat' dir='ltr'><strong>ut</strong></span> <span class='ocrx_word' id='word_1_114' title='bbox 1353 1310 1404 1357; x_wconf 92' lang='lat' dir='ltr'><strong>in</strong></span> <span class='ocrx_word' id='word_1_115' title='bbox 1452 1312 1744 1359; x_wconf 88' lang='lat' dir='ltr'><strong>monasterio</strong></span> <span class='ocrx_word' id='word_1_116' title='bbox 1793 1313 1923 1375; x_wconf 92' lang='lat' dir='ltr'><strong>quod</strong></span> <span class='ocrx_word' id='word_1_117' title='bbox 1970 1311 2148 1360; x_wconf 89' lang='lat' dir='ltr'><strong>dicitur</strong></span> 
     </span>
     <span class='ocr_line' id='line_1_15' title="bbox 391 1391 2148 1456; baseline -0.001 -13"><span class='ocrx_word' id='word_1_118' title='bbox 391 1393 724 1452; x_wconf 86' lang='lat' dir='ltr'><strong>Strenaeshalc‚</strong></span> <span class='ocrx_word' id='word_1_119' title='bbox 774 1392 904 1456; x_wconf 90' lang='lat' dir='ltr'><strong>quod</strong></span> <span class='ocrx_word' id='word_1_120' title='bbox 949 1392 1306 1454; x_wconf 88' lang='lat' dir='ltr'><strong>interpretatur</strong></span> <span class='ocrx_word' id='word_1_121' title='bbox 1354 1391 1501 1440; x_wconf 91' lang='lat' dir='ltr'><strong>Sinus</strong></span> <span class='ocrx_word' id='word_1_122' title='bbox 1547 1393 1679 1452; x_wconf 85' lang='lat' dir='ltr'><strong>Fari,</strong></span> <span class='ocrx_word' id='word_1_123' title='bbox 1728 1394 1806 1442; x_wconf 90' lang='lat' dir='ltr'><strong>cui</strong></span> <span class='ocrx_word' id='word_1_124' title='bbox 1858 1398 1975 1443; x_wconf 84' lang='lat' dir='ltr'><strong>tunc</strong></span> <span class='ocrx_word' id='word_1_125' title='bbox 2023 1394 2148 1442; x_wconf 85' lang='lat' dir='ltr'><strong>Hild</strong></span> 
     </span>
     <span class='ocr_line' id='line_1_16' title="bbox 389 1474 2147 1538; baseline -0.001 -13"><span class='ocrx_word' id='word_1_126' title='bbox 389 1477 636 1525; x_wconf 82' lang='lat' dir='ltr'><strong>abbatissa</strong></span> <span class='ocrx_word' id='word_1_127' title='bbox 683 1476 789 1523; x_wconf 93' lang='lat' dir='ltr'><strong>Deo</strong></span> <span class='ocrx_word' id='word_1_128' title='bbox 837 1475 1014 1523; x_wconf 89' lang='lat' dir='ltr'><strong>devota</strong></span> <span class='ocrx_word' id='word_1_129' title='bbox 1059 1474 1243 1523; x_wconf 88' lang='lat' dir='ltr'><strong>femina</strong></span> <span class='ocrx_word' id='word_1_130' title='bbox 1289 1475 1506 1538; x_wconf 73' lang='lat' dir='ltr'><strong>praefuit,</strong></span> <span class='ocrx_word' id='word_1_131' title='bbox 1549 1477 1760 1538; x_wconf 83' lang='lat' dir='ltr'><strong>synodus</strong></span> <span class='ocrx_word' id='word_1_132' title='bbox 1807 1476 1914 1525; x_wconf 89' lang='lat' dir='ltr'><strong>fieri</strong></span> <span class='ocrx_word' id='word_1_133' title='bbox 1955 1482 2005 1526; x_wconf 92' lang='lat' dir='ltr'><strong>et</strong></span> <span class='ocrx_word' id='word_1_134' title='bbox 2043 1477 2147 1526; x_wconf 87' lang='lat' dir='ltr'><strong>haec</strong></span> 
     </span>
     <span class='ocr_line' id='line_1_17' title="bbox 391 1556 2149 1624; baseline -0.001 -17"><span class='ocrx_word' id='word_1_135' title='bbox 391 1559 595 1624; x_wconf 82' lang='lat' dir='ltr'><strong>quaestio</strong></span> <span class='ocrx_word' id='word_1_136' title='bbox 618 1558 875 1607; x_wconf 88' lang='lat' dir='ltr'><strong>terminari</strong></span> <span class='ocrx_word' id='word_1_137' title='bbox 899 1558 1108 1606; x_wconf 88' lang='lat' dir='ltr'><strong>deberet.</strong></span> <span class='ocrx_word' id='word_1_138' title='bbox 1179 1556 1529 1622; x_wconf 90' lang='lat' dir='ltr'><strong>Veneruntque</strong></span> <span class='ocrx_word' id='word_1_139' title='bbox 1559 1559 1645 1607; x_wconf 94' lang='lat' dir='ltr'><strong>illo</strong></span> <span class='ocrx_word' id='word_1_140' title='bbox 1668 1576 1803 1623; x_wconf 87' lang='lat' dir='ltr'><strong>reges</strong></span> <span class='ocrx_word' id='word_1_141' title='bbox 1827 1560 1984 1619; x_wconf 89' lang='lat' dir='ltr'><strong>ambo,</strong></span> <span class='ocrx_word' id='word_1_142' title='bbox 2009 1565 2149 1622; x_wconf 88' lang='lat' dir='ltr'><strong>pater</strong></span> 
     </span>
     <span class='ocr_line' id='line_1_18' title="bbox 388 1639 2216 1704; baseline -0.002 -14"><span class='ocrx_word' id='word_1_143' title='bbox 388 1643 572 1692; x_wconf 87' lang='lat' dir='ltr'><strong>scilicet</strong></span> <span class='ocrx_word' id='word_1_144' title='bbox 596 1648 646 1690; x_wconf 88' lang='lat' dir='ltr'><strong>et</strong></span> <span class='ocrx_word' id='word_1_145' title='bbox 678 1641 834 1701; x_wconf 90' lang='lat' dir='ltr'><strong>filius;</strong></span> <span class='ocrx_word' id='word_1_146' title='bbox 873 1640 1100 1704; x_wconf 87' lang='lat' dir='ltr'><strong>episcopi,</strong></span> <span class='ocrx_word' id='word_1_147' title='bbox 1130 1639 1332 1689; x_wconf 84' lang='lat' dir='ltr'><strong>Colman</strong></span> <span class='ocrx_word' id='word_1_148' title='bbox 1364 1658 1476 1689; x_wconf 90' lang='lat' dir='ltr'><strong>cum</strong></span> <span class='ocrx_word' id='word_1_149' title='bbox 1505 1641 1689 1690; x_wconf 85' lang='lat' dir='ltr'><strong>clericis</strong></span> <span class='ocrx_word' id='word_1_150' title='bbox 1725 1641 1826 1690; x_wconf 88' lang='lat' dir='ltr'><strong>suis</strong></span> <span class='ocrx_word' id='word_1_151' title='bbox 1862 1642 1922 1691; x_wconf 91' lang='lat' dir='ltr'><strong>de</strong></span> <span class='ocrx_word' id='word_1_152' title='bbox 1948 1642 2147 1701; x_wconf 82' lang='lat' dir='ltr'><strong>Scottia‚</strong></span> <span class='ocrx_word' id='word_1_153' title='bbox 2212 1678 2216 1687; x_wconf 87' lang='lat'><strong>.</strong></span> 
     </span>
     <span class='ocr_line' id='line_1_19' title="bbox 390 1722 2146 1789; baseline -0.001 -16"><span class='ocrx_word' id='word_1_154' title='bbox 390 1725 708 1789; x_wconf 88' lang='lat' dir='ltr'><strong>Agilberctus</strong></span> <span class='ocrx_word' id='word_1_155' title='bbox 750 1741 859 1772; x_wconf 90' lang='lat' dir='ltr'><strong>cum</strong></span> <span class='ocrx_word' id='word_1_156' title='bbox 896 1722 1158 1786; x_wconf 89' lang='lat' dir='ltr'><strong>Agathone</strong></span> <span class='ocrx_word' id='word_1_157' title='bbox 1206 1727 1256 1770; x_wconf 92' lang='lat' dir='ltr'><strong>et</strong></span> <span class='ocrx_word' id='word_1_158' title='bbox 1291 1723 1504 1772; x_wconf 86' lang='lat' dir='ltr'><strong>Vilfrido</strong></span> <span class='ocrx_word' id='word_1_159' title='bbox 1552 1724 1858 1787; x_wconf 88' lang='lat' dir='ltr'><strong>presbyteris.</strong></span> <span class='ocrx_word' id='word_1_160' title='bbox 1929 1724 1969 1774; x_wconf 87' lang='lat' dir='ltr'><strong>J</strong></span> <span class='ocrx_word' id='word_1_161' title='bbox 1970 1724 2146 1773; x_wconf 89' lang='lat' dir='ltr'><strong>acobus</strong></span> 
     </span>
     <span class='ocr_line' id='line_1_20' title="bbox 390 1805 2147 1867; baseline -0.002 -10"><span class='ocrx_word' id='word_1_162' title='bbox 390 1814 441 1857; x_wconf 90' lang='lat' dir='ltr'><strong>et</strong></span> <span class='ocrx_word' id='word_1_163' title='bbox 469 1809 716 1856; x_wconf 87' lang='lat' dir='ltr'><strong>Romanus</strong></span> <span class='ocrx_word' id='word_1_164' title='bbox 740 1806 793 1853; x_wconf 93' lang='lat' dir='ltr'><strong>in</strong></span> <span class='ocrx_word' id='word_1_165' title='bbox 816 1805 994 1853; x_wconf 88' lang='lat' dir='ltr'><strong>horum</strong></span> <span class='ocrx_word' id='word_1_166' title='bbox 1025 1810 1165 1867; x_wconf 88' lang='lat' dir='ltr'><strong>parte</strong></span> <span class='ocrx_word' id='word_1_167' title='bbox 1189 1811 1358 1854; x_wconf 88' lang='lat' dir='ltr'><strong>erant:</strong></span> <span class='ocrx_word' id='word_1_168' title='bbox 1397 1806 1522 1853; x_wconf 88' lang='lat' dir='ltr'><strong>Hild</strong></span> <span class='ocrx_word' id='word_1_169' title='bbox 1550 1807 1792 1855; x_wconf 86' lang='lat' dir='ltr'><strong>abbatissa</strong></span> <span class='ocrx_word' id='word_1_170' title='bbox 1824 1824 1934 1855; x_wconf 92' lang='lat' dir='ltr'><strong>cum</strong></span> <span class='ocrx_word' id='word_1_171' title='bbox 1966 1806 2066 1855; x_wconf 91' lang='lat' dir='ltr'><strong>suis</strong></span> <span class='ocrx_word' id='word_1_172' title='bbox 2095 1807 2147 1854; x_wconf 91' lang='lat' dir='ltr'><strong>in</strong></span> 
     </span>
     <span class='ocr_line' id='line_1_21' title="bbox 391 1887 2145 1956; baseline -0.002 -17"><span class='ocrx_word' id='word_1_173' title='bbox 391 1895 528 1956; x_wconf 88' lang='lat' dir='ltr'><strong>parte</strong></span> <span class='ocrx_word' id='word_1_174' title='bbox 554 1889 850 1947; x_wconf 83' lang='lat' dir='ltr'><strong>Scottorum,</strong></span> <span class='ocrx_word' id='word_1_175' title='bbox 875 1887 929 1934; x_wconf 93' lang='lat' dir='ltr'><strong>in</strong></span> <span class='ocrx_word' id='word_1_176' title='bbox 963 1905 1059 1951; x_wconf 89' lang='lat' dir='ltr'><strong>qua</strong></span> <span class='ocrx_word' id='word_1_177' title='bbox 1093 1893 1195 1936; x_wconf 87' lang='lat' dir='ltr'><strong>erat</strong></span> <span class='ocrx_word' id='word_1_178' title='bbox 1228 1888 1377 1937; x_wconf 90' lang='lat' dir='ltr'><strong>etiam</strong></span> <span class='ocrx_word' id='word_1_179' title='bbox 1401 1890 1687 1937; x_wconf 89' lang='lat' dir='ltr'><strong>venerabilis</strong></span> <span class='ocrx_word' id='word_1_180' title='bbox 1716 1890 1964 1953; x_wconf 90' lang='lat' dir='ltr'><strong>episcopus</strong></span> <span class='ocrx_word' id='word_1_181' title='bbox 1997 1889 2145 1948; x_wconf 86' lang='lat' dir='ltr'><strong>Cedd,</strong></span> 
     </span>
     <span class='ocr_line' id='line_1_22' title="bbox 386 1969 2146 2037; baseline -0.001 -17"><span class='ocrx_word' id='word_1_182' title='bbox 386 1973 678 2037; x_wconf 88' lang='lat' dir='ltr'><strong>jamdudum</strong></span> <span class='ocrx_word' id='word_1_183' title='bbox 714 1971 967 2019; x_wconf 86' lang='lat' dir='ltr'><strong>ordinatus</strong></span> <span class='ocrx_word' id='word_1_184' title='bbox 1002 1987 1031 2018; x_wconf 91' lang='lat' dir='ltr'><strong>a</strong></span> <span class='ocrx_word' id='word_1_185' title='bbox 1068 1969 1263 2030; x_wconf 85' lang='lat' dir='ltr'><strong>Scottis,</strong></span> <span class='ocrx_word' id='word_1_186' title='bbox 1299 1977 1355 2019; x_wconf 93' lang='lat' dir='ltr'><strong>ut</strong></span> <span class='ocrx_word' id='word_1_187' title='bbox 1391 1988 1538 2034; x_wconf 92' lang='lat' dir='ltr'><strong>supra</strong></span> <span class='ocrx_word' id='word_1_188' title='bbox 1573 1971 1836 2031; x_wconf 80' lang='lat' dir='ltr'><strong>docuimuS,</strong></span> <span class='ocrx_word' id='word_1_189' title='bbox 1871 1973 1956 2036; x_wconf 90' lang='lat' dir='ltr'><strong>qui</strong></span> <span class='ocrx_word' id='word_1_190' title='bbox 1992 1977 2040 2021; x_wconf 92' lang='lat' dir='ltr'><strong>et</strong></span> <span class='ocrx_word' id='word_1_191' title='bbox 2075 1973 2146 2019; x_wconf 94' lang='lat' dir='ltr'><strong>in-</strong></span> 
     </span>
     <span class='ocr_line' id='line_1_23' title="bbox 389 2052 2098 2118; baseline 0.001 -15"><span class='ocrx_word' id='word_1_192' title='bbox 389 2063 575 2118; x_wconf 89' lang='lat' dir='ltr'><strong>terpres</strong></span> <span class='ocrx_word' id='word_1_193' title='bbox 590 2055 606 2080; x_wconf 80' lang='lat'>3</span> <span class='ocrx_word' id='word_1_194' title='bbox 631 2055 683 2101; x_wconf 90' lang='lat' dir='ltr'><strong>in</strong></span> <span class='ocrx_word' id='word_1_195' title='bbox 707 2070 762 2101; x_wconf 92' lang='lat' dir='ltr'><strong>eo</strong></span> <span class='ocrx_word' id='word_1_196' title='bbox 787 2052 989 2100; x_wconf 88' lang='lat' dir='ltr'><strong>concilio</strong></span> <span class='ocrx_word' id='word_1_197' title='bbox 1014 2053 1415 2116; x_wconf 86' lang='lat' dir='ltr'><strong>vigilantissimus</strong></span> <span class='ocrx_word' id='word_1_198' title='bbox 1438 2054 1693 2117; x_wconf 89' lang='lat' dir='ltr'><strong>utriusque</strong></span> <span class='ocrx_word' id='word_1_199' title='bbox 1716 2055 1869 2118; x_wconf 89' lang='lat' dir='ltr'><strong>partis</strong></span> <span class='ocrx_word' id='word_1_200' title='bbox 1894 2055 2098 2106; x_wconf 88' lang='lat' dir='ltr'><strong>exstitit.</strong></span> 
     </span>
     <span class='ocr_line' id='line_1_24' title="bbox 460 2134 2147 2201; baseline 0.001 -16"><span class='ocrx_word' id='word_1_201' title='bbox 460 2137 753 2199; x_wconf 88' lang='lat' dir='ltr'><strong>Primusque</strong></span> <span class='ocrx_word' id='word_1_202' title='bbox 788 2151 874 2182; x_wconf 83' lang='lat' dir='ltr'><strong>rex</strong></span> <span class='ocrx_word' id='word_1_203' title='bbox 910 2134 1065 2183; x_wconf 89' lang='lat' dir='ltr'><strong>Osuiu</strong></span> <span class='ocrx_word' id='word_1_204' title='bbox 1105 2135 1356 2197; x_wconf 80' lang='lat' dir='ltr'><strong>praemissa</strong></span> <span class='ocrx_word' id='word_1_205' title='bbox 1396 2137 1692 2199; x_wconf 79' lang='lat' dir='ltr'><strong>praefatione,</strong></span> <span class='ocrx_word' id='word_1_206' title='bbox 1733 2138 1863 2200; x_wconf 91' lang='lat' dir='ltr'><strong>quod</strong></span> <span class='ocrx_word' id='word_1_207' title='bbox 1904 2141 2147 2201; x_wconf 88' lang='lat' dir='ltr'><strong>oporteret</strong></span> 
     </span>
     <span class='ocr_line' id='line_1_25' title="bbox 391 2217 2147 2283; baseline 0 -15"><span class='ocrx_word' id='word_1_208' title='bbox 391 2237 473 2269; x_wconf 91' lang='lat' dir='ltr'><strong>eos</strong></span> <span class='ocrx_word' id='word_1_209' title='bbox 509 2219 593 2282; x_wconf 90' lang='lat' dir='ltr'><strong>qui</strong></span> <span class='ocrx_word' id='word_1_210' title='bbox 628 2235 726 2266; x_wconf 90' lang='lat' dir='ltr'><strong>una</strong></span> <span class='ocrx_word' id='word_1_211' title='bbox 763 2218 867 2266; x_wconf 91' lang='lat' dir='ltr'><strong>Deo</strong></span> <span class='ocrx_word' id='word_1_212' title='bbox 902 2217 1154 2277; x_wconf 86' lang='lat' dir='ltr'><strong>servirent,</strong></span> <span class='ocrx_word' id='word_1_213' title='bbox 1190 2235 1341 2265; x_wconf 90' lang='lat' dir='ltr'><strong>unam</strong></span> <span class='ocrx_word' id='word_1_214' title='bbox 1373 2219 1571 2267; x_wconf 84' lang='lat' dir='ltr'><strong>vivendi</strong></span> <span class='ocrx_word' id='word_1_215' title='bbox 1607 2220 1823 2283; x_wconf 90' lang='lat' dir='ltr'><strong>regulam</strong></span> <span class='ocrx_word' id='word_1_216' title='bbox 1853 2224 2029 2279; x_wconf 90' lang='lat' dir='ltr'><strong>tenere,</strong></span> <span class='ocrx_word' id='word_1_217' title='bbox 2059 2237 2147 2268; x_wconf 90' lang='lat' dir='ltr'><strong>nec</strong></span> 
     </span>
     <span class='ocr_line' id='line_1_26' title="bbox 391 2299 2146 2367; baseline 0.001 -17"><span class='ocrx_word' id='word_1_218' title='bbox 391 2303 661 2365; x_wconf 88' lang='lat' dir='ltr'><strong>discrepare</strong></span> <span class='ocrx_word' id='word_1_219' title='bbox 684 2301 737 2348; x_wconf 90' lang='lat' dir='ltr'><strong>in</strong></span> <span class='ocrx_word' id='word_1_220' title='bbox 770 2299 1091 2348; x_wconf 88' lang='lat' dir='ltr'><strong>celebratione</strong></span> <span class='ocrx_word' id='word_1_221' title='bbox 1125 2306 1537 2350; x_wconf 86' lang='lat' dir='ltr'><strong>sacramentorum</strong></span> <span class='ocrx_word' id='word_1_222' title='bbox 1571 2302 1853 2363; x_wconf 81' lang='lat' dir='ltr'><strong>caelestium,</strong></span> <span class='ocrx_word' id='word_1_223' title='bbox 1879 2303 1962 2367; x_wconf 91' lang='lat' dir='ltr'><strong>qui</strong></span> <span class='ocrx_word' id='word_1_224' title='bbox 1994 2320 2146 2353; x_wconf 90' lang='lat' dir='ltr'><strong>unum</strong></span> 
     </span>
     <span class='ocr_line' id='line_1_27' title="bbox 392 2382 2145 2450; baseline 0.001 -18"><span class='ocrx_word' id='word_1_225' title='bbox 392 2401 559 2433; x_wconf 91' lang='lat' dir='ltr'><strong>omnes</strong></span> <span class='ocrx_word' id='word_1_226' title='bbox 583 2383 635 2430; x_wconf 91' lang='lat' dir='ltr'><strong>in</strong></span> <span class='ocrx_word' id='word_1_227' title='bbox 669 2382 797 2431; x_wconf 84' lang='lat' dir='ltr'><strong>caelis</strong></span> <span class='ocrx_word' id='word_1_228' title='bbox 833 2399 1039 2446; x_wconf 89' lang='lat' dir='ltr'><strong>regnum</strong></span> <span class='ocrx_word' id='word_1_229' title='bbox 1063 2387 1425 2446; x_wconf 81' lang='lat' dir='ltr'><strong>exspectarent3</strong></span> <span class='ocrx_word' id='word_1_230' title='bbox 1463 2383 1810 2447; x_wconf 91' lang='lat' dir='ltr'><strong>inquirendum</strong></span> <span class='ocrx_word' id='word_1_231' title='bbox 1842 2385 2006 2448; x_wconf 90' lang='lat' dir='ltr'><strong>potius</strong></span> <span class='ocrx_word' id='word_1_232' title='bbox 2036 2403 2145 2450; x_wconf 88' lang='lat' dir='ltr'><strong>quae</strong></span> 
     </span>
     <span class='ocr_line' id='line_1_28' title="bbox 392 2465 2147 2525; baseline 0 -9"><span class='ocrx_word' id='word_1_233' title='bbox 392 2471 518 2516; x_wconf 89' lang='lat' dir='ltr'><strong>esset</strong></span> <span class='ocrx_word' id='word_1_234' title='bbox 563 2466 724 2514; x_wconf 90' lang='lat' dir='ltr'><strong>verior</strong></span> <span class='ocrx_word' id='word_1_235' title='bbox 770 2465 988 2525; x_wconf 87' lang='lat' dir='ltr'><strong>traditio,</strong></span> <span class='ocrx_word' id='word_1_236' title='bbox 1036 2471 1086 2514; x_wconf 92' lang='lat' dir='ltr'><strong>et</strong></span> <span class='ocrx_word' id='word_1_237' title='bbox 1128 2466 1251 2514; x_wconf 91' lang='lat' dir='ltr'><strong>hanc</strong></span> <span class='ocrx_word' id='word_1_238' title='bbox 1298 2466 1360 2514; x_wconf 90' lang='lat' dir='ltr'><strong>ab</strong></span> <span class='ocrx_word' id='word_1_239' title='bbox 1408 2467 1632 2515; x_wconf 88' lang='lat' dir='ltr'><strong>omnibus</strong></span> <span class='ocrx_word' id='word_1_240' title='bbox 1679 2467 2000 2515; x_wconf 90' lang='lat' dir='ltr'><strong>communiter</strong></span> <span class='ocrx_word' id='word_1_241' title='bbox 2046 2485 2147 2516; x_wconf 91' lang='lat' dir='ltr'><strong>esse</strong></span> 
     </span>
     <span class='ocr_line' id='line_1_29' title="bbox 391 2547 2216 2613; baseline 0 -14"><span class='ocrx_word' id='word_1_242' title='bbox 391 2549 713 2612; x_wconf 87' lang='lat' dir='ltr'><strong>sequendam:</strong></span> <span class='ocrx_word' id='word_1_243' title='bbox 758 2547 904 2610; x_wconf 81' lang='lat' dir='ltr'><strong>jussit</strong></span> <span class='ocrx_word' id='word_1_244' title='bbox 944 2547 1101 2611; x_wconf 90' lang='lat' dir='ltr'><strong>primo</strong></span> <span class='ocrx_word' id='word_1_245' title='bbox 1143 2548 1303 2597; x_wconf 90' lang='lat' dir='ltr'><strong>dicere</strong></span> <span class='ocrx_word' id='word_1_246' title='bbox 1347 2549 1627 2613; x_wconf 89' lang='lat' dir='ltr'><strong>episcopum</strong></span> <span class='ocrx_word' id='word_1_247' title='bbox 1666 2567 1807 2598; x_wconf 91' lang='lat' dir='ltr'><strong>suum</strong></span> <span class='ocrx_word' id='word_1_248' title='bbox 1846 2550 2143 2611; x_wconf 82' lang='lat' dir='ltr'><strong>Colmanum‚</strong></span> <span class='ocrx_word' id='word_1_249' title='bbox 2214 2602 2216 2607; x_wconf 91' lang='lat'><strong>.</strong></span> 
     </span>
     <span class='ocr_line' id='line_1_30' title="bbox 394 2629 2146 2701; baseline 0.002 -23"><span class='ocrx_word' id='word_1_250' title='bbox 394 2632 480 2701; x_wconf 89' lang='lat' dir='ltr'><strong>qui</strong></span> <span class='ocrx_word' id='word_1_251' title='bbox 511 2635 634 2679; x_wconf 87' lang='lat' dir='ltr'><strong>esset</strong></span> <span class='ocrx_word' id='word_1_252' title='bbox 658 2629 797 2689; x_wconf 88' lang='lat' dir='ltr'><strong>ritus,</strong></span> <span class='ocrx_word' id='word_1_253' title='bbox 831 2634 880 2678; x_wconf 90' lang='lat' dir='ltr'><strong>et</strong></span> <span class='ocrx_word' id='word_1_254' title='bbox 912 2630 1042 2679; x_wconf 92' lang='lat' dir='ltr'><strong>unde</strong></span> <span class='ocrx_word' id='word_1_255' title='bbox 1078 2631 1315 2694; x_wconf 90' lang='lat' dir='ltr'><strong>originem</strong></span> <span class='ocrx_word' id='word_1_256' title='bbox 1351 2632 1529 2680; x_wconf 90' lang='lat' dir='ltr'><strong>ducens</strong></span> <span class='ocrx_word' id='word_1_257' title='bbox 1558 2631 1640 2680; x_wconf 89' lang='lat' dir='ltr'><strong>ille</strong></span> <span class='ocrx_word' id='word_1_258' title='bbox 1672 2649 1813 2696; x_wconf 91' lang='lat' dir='ltr'><strong>quem</strong></span> <span class='ocrx_word' id='word_1_259' title='bbox 1847 2632 1948 2696; x_wconf 85' lang='lat' dir='ltr'><strong>ipse</strong></span> <span class='ocrx_word' id='word_1_260' title='bbox 1981 2651 2146 2698; x_wconf 91' lang='lat' dir='ltr'><strong>seque-</strong></span> 
     </span>
     <span class='ocr_line' id='line_1_31' title="bbox 392 2712 2216 2780; baseline 0.001 -17"><span class='ocrx_word' id='word_1_261' title='bbox 392 2719 541 2763; x_wconf 89' lang='lat' dir='ltr'><strong>retur.</strong></span> <span class='ocrx_word' id='word_1_262' title='bbox 612 2712 749 2760; x_wconf 83' lang='lat' dir='ltr'><strong>Tunc</strong></span> <span class='ocrx_word' id='word_1_263' title='bbox 793 2712 1083 2761; x_wconf 82' lang='lat' dir='ltr'><strong>Colmanus:</strong></span> <span class='ocrx_word' id='word_1_264' title='bbox 1135 2714 1344 2762; x_wconf 86' lang='lat' dir='ltr'><strong>‘Pascha</strong></span> <span class='ocrx_word' id='word_1_265' title='bbox 1358 2714 1404 2774; x_wconf 59' lang='grc' dir='ltr'><strong>’ξ’</strong></span> <span class='ocrx_word' id='word_1_266' title='bbox 1442 2714 1624 2777; x_wconf 88' lang='lat' dir='ltr'><strong>inquit,</strong></span> <span class='ocrx_word' id='word_1_267' title='bbox 1669 2719 1680 2740; x_wconf 91' lang='lat'><em>‘</em></span> <span class='ocrx_word' id='word_1_268' title='bbox 1700 2714 1789 2763; x_wconf 92' lang='lat' dir='ltr'><strong>hoc</strong></span> <span class='ocrx_word' id='word_1_269' title='bbox 1830 2716 1959 2779; x_wconf 91' lang='lat' dir='ltr'><strong>quod</strong></span> <span class='ocrx_word' id='word_1_270' title='bbox 2005 2733 2146 2780; x_wconf 89' lang='lat' dir='ltr'><strong>agere</strong></span> <span class='ocrx_word' id='word_1_271' title='bbox 2214 2713 2216 2718; x_wconf 48' lang='lat'><strong><em>⁴</em></strong></span> 
     </span>
    </p>
   </div>
   <div class='ocr_carea' id='block_1_3' title="bbox 448 2822 2155 2878">
    <p class='ocr_par' dir='ltr' id='par_1_3' title="bbox 448 2801 2216 2878">
     <span class='ocr_line' id='line_1_32' title="bbox 448 2822 2155 2878; baseline 0.002 -16"><span class='ocrx_word' id='word_1_272' title='bbox 448 2822 463 2845; x_wconf 87' lang='lat'>¹</span> <span class='ocrx_word' id='word_1_273' title='bbox 491 2823 743 2876; x_wconf 75' lang='lat' dir='ltr'><strong>Inhrypwm]</strong></span> <span class='ocrx_word' id='word_1_274' title='bbox 772 2824 924 2876; x_wconf 86' lang='lat' dir='ltr'><strong>Ripon.</strong></span> <span class='ocrx_word' id='word_1_275' title='bbox 983 2824 1061 2863; x_wconf 87' lang='lat' dir='ltr'><strong>See</strong></span> <span class='ocrx_word' id='word_1_276' title='bbox 1075 2835 1242 2877; x_wconf 89' lang='lat' dir='ltr'><strong>v.1,19.</strong></span> <span class='ocrx_word' id='word_1_277' title='bbox 1299 2824 1405 2863; x_wconf 90' lang='lat' dir='ltr'><strong>been</strong></span> <span class='ocrx_word' id='word_1_278' title='bbox 1432 2824 1517 2864; x_wconf 89' lang='lat' dir='ltr'><strong>laid</strong></span> <span class='ocrx_word' id='word_1_279' title='bbox 1554 2829 1598 2864; x_wconf 88' lang='lat' dir='ltr'><strong>at</strong></span> <span class='ocrx_word' id='word_1_280' title='bbox 1626 2829 1709 2864; x_wconf 86' lang='lat' dir='ltr'><strong>rest</strong></span> <span class='ocrx_word' id='word_1_281' title='bbox 1747 2826 1804 2878; x_wconf 83' lang='lat' dir='ltr'><strong>by</strong></span> <span class='ocrx_word' id='word_1_282' title='bbox 1831 2825 1904 2865; x_wconf 83' lang='lat' dir='ltr'><strong>the</strong></span> <span class='ocrx_word' id='word_1_283' title='bbox 1934 2826 2077 2866; x_wconf 88' lang='lat' dir='ltr'><strong>decree</strong></span> <span class='ocrx_word' id='word_1_284' title='bbox 2106 2827 2155 2865; x_wconf 85' lang='lat' dir='ltr'><strong>of</strong></span> 
     </span>
    </p>
   </div>
   <div class='ocr_carea' id='block_1_4' title="bbox 450 2876 919 2930">
    <p class='ocr_par' dir='ltr' id='par_1_4' title="bbox 450 2876 919 2930">
     <span class='ocr_line' id='line_1_33' title="bbox 450 2876 919 2930; baseline 0 -13"><span class='ocrx_word' id='word_1_285' title='bbox 450 2876 466 2900; x_wconf 81' lang='lat'><strong>²</strong></span> <span class='ocrx_word' id='word_1_286' title='bbox 493 2878 642 2930; x_wconf 76' lang='lat' dir='ltr'><strong>supra]</strong></span> <span class='ocrx_word' id='word_1_287' title='bbox 675 2879 752 2918; x_wconf 91' lang='lat' dir='ltr'><strong>See</strong></span> <span class='ocrx_word' id='word_1_288' title='bbox 771 2892 811 2930; x_wconf 88' lang='lat' dir='ltr'><strong>p.</strong></span> <span class='ocrx_word' id='word_1_289' title='bbox 831 2890 877 2929; x_wconf 90' lang='lat'><strong>15</strong></span> <span class='ocrx_word' id='word_1_290' title='bbox 885 2890 919 2928; x_wconf 82' lang='lat'><strong>3.</strong></span> 
     </span>
    </p>
   </div>
   <div class='ocr_carea' id='block_1_5' title="bbox 1299 2879 2216 2926">
    <p class='ocr_par' dir='ltr' id='par_1_5' title="bbox 1299 2879 2216 2926">
     <span class='ocr_line' id='line_1_34' title="bbox 1299 2879 2216 2926; baseline 0.002 -7"><span class='ocrx_word' id='word_1_291' title='bbox 1299 2879 1372 2919; x_wconf 92' lang='lat' dir='ltr'><strong>the</strong></span> <span class='ocrx_word' id='word_1_292' title='bbox 1388 2880 1562 2919; x_wconf 86' lang='lat' dir='ltr'><strong>Council</strong></span> <span class='ocrx_word' id='word_1_293' title='bbox 1575 2880 1622 2919; x_wconf 83' lang='lat' dir='ltr'><strong>of</strong></span> <span class='ocrx_word' id='word_1_294' title='bbox 1630 2880 1786 2926; x_wconf 83' lang='lat' dir='ltr'><strong>Nicaea,</strong></span> <span class='ocrx_word' id='word_1_295' title='bbox 1802 2881 1936 2920; x_wconf 88' lang='lat' dir='ltr'><strong>which</strong></span> <span class='ocrx_word' id='word_1_296' title='bbox 1947 2881 2146 2921; x_wconf 86' lang='lat' dir='ltr'><strong>ordained</strong></span> <span class='ocrx_word' id='word_1_297' title='bbox 2212 2907 2216 2914; x_wconf 93' lang='lat'>·</span> 
     </span>
    </p>
   </div>
   <div class='ocr_carea' id='block_1_6' title="bbox 392 2933 1246 3316">
    <p class='ocr_par' dir='ltr' id='par_1_6' title="bbox 392 2933 1244 3138">
     <span class='ocr_line' id='line_1_35' title="bbox 449 2933 1244 2985; baseline 0 -13"><span class='ocrx_word' id='word_1_298' title='bbox 449 2933 465 2956; x_wconf 75' lang='lat'>³</span> <span class='ocrx_word' id='word_1_299' title='bbox 492 2933 705 2985; x_wconf 76' lang='lat' dir='ltr'><strong>interpres]</strong></span> <span class='ocrx_word' id='word_1_300' title='bbox 736 2933 852 2985; x_wconf 91' lang='lat' dir='ltr'><strong>They</strong></span> <span class='ocrx_word' id='word_1_301' title='bbox 878 2933 1003 2984; x_wconf 87' lang='lat' dir='ltr'><strong>spoke</strong></span> <span class='ocrx_word' id='word_1_302' title='bbox 1032 2933 1079 2973; x_wconf 89' lang='lat' dir='ltr'><strong>of</strong></span> <span class='ocrx_word' id='word_1_303' title='bbox 1101 2947 1244 2973; x_wconf 87' lang='lat' dir='ltr'><strong>course</strong></span> 
     </span>
     <span class='ocr_line' id='line_1_36' title="bbox 392 2988 1244 3040; baseline 0.001 -13"><span class='ocrx_word' id='word_1_304' title='bbox 392 2988 440 3027; x_wconf 90' lang='lat' dir='ltr'><strong>in</strong></span> <span class='ocrx_word' id='word_1_305' title='bbox 486 2988 559 3027; x_wconf 90' lang='lat' dir='ltr'><strong>the</strong></span> <span class='ocrx_word' id='word_1_306' title='bbox 595 2988 734 3040; x_wconf 88' lang='lat' dir='ltr'><strong>Angle</strong></span> <span class='ocrx_word' id='word_1_307' title='bbox 781 2991 946 3039; x_wconf 86' lang='lat' dir='ltr'><strong>tongue,</strong></span> <span class='ocrx_word' id='word_1_308' title='bbox 985 2988 1122 3028; x_wconf 86' lang='lat' dir='ltr'><strong>which</strong></span> <span class='ocrx_word' id='word_1_309' title='bbox 1159 3001 1244 3028; x_wconf 87' lang='lat' dir='ltr'><strong>was</strong></span> 
     </span>
     <span class='ocr_line' id='line_1_37' title="bbox 392 3042 1244 3095; baseline 0.001 -13"><span class='ocrx_word' id='word_1_310' title='bbox 392 3043 563 3095; x_wconf 87' lang='lat' dir='ltr'><strong>equally</strong></span> <span class='ocrx_word' id='word_1_311' title='bbox 589 3042 893 3094; x_wconf 86' lang='lat' dir='ltr'><strong>unintelligible</strong></span> <span class='ocrx_word' id='word_1_312' title='bbox 922 3046 965 3082; x_wconf 88' lang='lat' dir='ltr'><strong>to</strong></span> <span class='ocrx_word' id='word_1_313' title='bbox 992 3043 1066 3082; x_wconf 82' lang='lat' dir='ltr'><strong>the</strong></span> <span class='ocrx_word' id='word_1_314' title='bbox 1095 3043 1244 3083; x_wconf 88' lang='lat' dir='ltr'><strong>Scotch</strong></span> 
     </span>
     <span class='ocr_line' id='line_1_38' title="bbox 392 3097 759 3138; baseline 0.003 -1"><span class='ocrx_word' id='word_1_315' title='bbox 392 3097 478 3138; x_wconf 85' lang='lat' dir='ltr'><strong>and</strong></span> <span class='ocrx_word' id='word_1_316' title='bbox 496 3098 568 3136; x_wconf 88' lang='lat' dir='ltr'><strong>the</strong></span> <span class='ocrx_word' id='word_1_317' title='bbox 587 3097 759 3138; x_wconf 84' lang='lat' dir='ltr'><strong>French.</strong></span> 
     </span>
    </p>

    <p class='ocr_par' dir='ltr' id='par_1_7' title="bbox 392 3151 1246 3316">
     <span class='ocr_line' id='line_1_39' title="bbox 451 3151 1241 3204; baseline 0.001 -13"><span class='ocrx_word' id='word_1_318' title='bbox 451 3151 466 3174; x_wconf 77' lang='lat'><strong>⁴</strong></span> <span class='ocrx_word' id='word_1_319' title='bbox 490 3152 674 3204; x_wconf 77' lang='lat' dir='ltr'><strong>Pascha]</strong></span> <span class='ocrx_word' id='word_1_320' title='bbox 698 3152 785 3191; x_wconf 89' lang='lat' dir='ltr'><strong>The</strong></span> <span class='ocrx_word' id='word_1_321' title='bbox 804 3151 905 3191; x_wconf 90' lang='lat' dir='ltr'><strong>time</strong></span> <span class='ocrx_word' id='word_1_322' title='bbox 924 3151 970 3190; x_wconf 87' lang='lat' dir='ltr'><strong>of</strong></span> <span class='ocrx_word' id='word_1_323' title='bbox 988 3152 1137 3191; x_wconf 87' lang='lat' dir='ltr'><strong>Easter</strong></span> <span class='ocrx_word' id='word_1_324' title='bbox 1158 3166 1241 3192; x_wconf 88' lang='lat' dir='ltr'><strong>was</strong></span> 
     </span>
     <span class='ocr_line' id='line_1_40' title="bbox 392 3206 1245 3259; baseline -0.001 -12"><span class='ocrx_word' id='word_1_325' title='bbox 392 3221 418 3247; x_wconf 81' lang='lat' dir='ltr'><strong>a</strong></span> <span class='ocrx_word' id='word_1_326' title='bbox 449 3207 586 3246; x_wconf 84' lang='lat' dir='ltr'><strong>fertile</strong></span> <span class='ocrx_word' id='word_1_327' title='bbox 621 3207 784 3259; x_wconf 87' lang='lat' dir='ltr'><strong>subject</strong></span> <span class='ocrx_word' id='word_1_328' title='bbox 816 3206 862 3245; x_wconf 90' lang='lat' dir='ltr'><strong>of</strong></span> <span class='ocrx_word' id='word_1_329' title='bbox 893 3206 1058 3258; x_wconf 88' lang='lat' dir='ltr'><strong>dispute</strong></span> <span class='ocrx_word' id='word_1_330' title='bbox 1092 3207 1137 3245; x_wconf 90' lang='lat' dir='ltr'><strong>in</strong></span> <span class='ocrx_word' id='word_1_331' title='bbox 1172 3207 1245 3246; x_wconf 88' lang='lat' dir='ltr'><strong>the</strong></span> 
     </span>
     <span class='ocr_line' id='line_1_41' title="bbox 394 3261 1246 3316; baseline -0.001 -13"><span class='ocrx_word' id='word_1_332' title='bbox 394 3261 509 3316; x_wconf 80' lang='lat' dir='ltr'><strong>early</strong></span> <span class='ocrx_word' id='word_1_333' title='bbox 527 3261 706 3303; x_wconf 84' lang='lat' dir='ltr'><strong>Ohurch.</strong></span> <span class='ocrx_word' id='word_1_334' title='bbox 765 3261 856 3302; x_wconf 89' lang='lat' dir='ltr'><strong>One</strong></span> <span class='ocrx_word' id='word_1_335' title='bbox 881 3265 1142 3314; x_wconf 82' lang='lat' dir='ltr'><strong>controversy</strong></span> <span class='ocrx_word' id='word_1_336' title='bbox 1163 3262 1246 3302; x_wconf 84' lang='lat' dir='ltr'><strong>had</strong></span> 
     </span>
    </p>
   </div>
   <div class='ocr_carea' id='block_1_7' title="bbox 1299 2934 2216 3097">
    <p class='ocr_par' dir='ltr' id='par_1_8' title="bbox 1299 2934 2216 3097">
     <span class='ocr_line' id='line_1_42' title="bbox 1299 2934 2145 2988; baseline 0.001 -14"><span class='ocrx_word' id='word_1_337' title='bbox 1299 2934 1393 2974; x_wconf 87' lang='lat' dir='ltr'><strong>that</strong></span> <span class='ocrx_word' id='word_1_338' title='bbox 1415 2934 1488 2973; x_wconf 87' lang='lat' dir='ltr'><strong>the</strong></span> <span class='ocrx_word' id='word_1_339' title='bbox 1508 2935 1696 2974; x_wconf 85' lang='lat' dir='ltr'><strong>Catholic</strong></span> <span class='ocrx_word' id='word_1_340' title='bbox 1718 2935 1865 2974; x_wconf 86' lang='lat' dir='ltr'><strong>Easter</strong></span> <span class='ocrx_word' id='word_1_341' title='bbox 1884 2935 1978 2988; x_wconf 88' lang='lat' dir='ltr'><strong>Day</strong></span> <span class='ocrx_word' id='word_1_342' title='bbox 1997 2936 2145 2975; x_wconf 85' lang='lat' dir='ltr'><strong>should</strong></span> 
     </span>
     <span class='ocr_line' id='line_1_43' title="bbox 1300 2989 2146 3044; baseline 0.002 -16"><span class='ocrx_word' id='word_1_343' title='bbox 1300 2989 1455 3040; x_wconf 83' lang='lat' dir='ltr'><strong>always</strong></span> <span class='ocrx_word' id='word_1_344' title='bbox 1489 2989 1538 3028; x_wconf 92' lang='lat' dir='ltr'><strong>be</strong></span> <span class='ocrx_word' id='word_1_345' title='bbox 1569 2990 1768 3029; x_wconf 88' lang='lat' dir='ltr'><strong>observed</strong></span> <span class='ocrx_word' id='word_1_346' title='bbox 1796 3003 1850 3029; x_wconf 91' lang='lat' dir='ltr'><strong>on</strong></span> <span class='ocrx_word' id='word_1_347' title='bbox 1876 2991 1948 3029; x_wconf 90' lang='lat' dir='ltr'><strong>the</strong></span> <span class='ocrx_word' id='word_1_348' title='bbox 1977 2990 2146 3044; x_wconf 85' lang='lat' dir='ltr'><strong>Sunday</strong></span> 
     </span>
     <span class='ocr_line' id='line_1_44' title="bbox 1300 3043 2216 3097; baseline -0.001 -15"><span class='ocrx_word' id='word_1_349' title='bbox 1300 3048 1400 3083; x_wconf 81' lang='lat' dir='ltr'><strong>next</strong></span> <span class='ocrx_word' id='word_1_350' title='bbox 1437 3043 1545 3083; x_wconf 86' lang='lat' dir='ltr'><strong>after</strong></span> <span class='ocrx_word' id='word_1_351' title='bbox 1579 3045 1650 3083; x_wconf 84' lang='lat' dir='ltr'><strong>the</strong></span> <span class='ocrx_word' id='word_1_352' title='bbox 1680 3045 1756 3083; x_wconf 87' lang='lat' dir='ltr'><strong>full</strong></span> <span class='ocrx_word' id='word_1_353' title='bbox 1785 3058 1905 3084; x_wconf 92' lang='lat' dir='ltr'><strong>moon</strong></span> <span class='ocrx_word' id='word_1_354' title='bbox 1937 3045 2146 3097; x_wconf 86' lang='lat' dir='ltr'><strong>following</strong></span> <span class='ocrx_word' id='word_1_355' title='bbox 2203 3045 2216 3081; x_wconf 58' lang='grc' dir='ltr'><strong>ἶ-</strong></span> 
     </span>
    </p>
   </div>
   <div class='ocr_carea' id='block_1_8' title="bbox 1297 3095 2204 3152">
    <p class='ocr_par' dir='ltr' id='par_1_9' title="bbox 1297 3095 2204 3152">
     <span class='ocr_line' id='line_1_45' title="bbox 1297 3095 2204 3152; baseline 0.003 -16"><span class='ocrx_word' id='word_1_356' title='bbox 1297 3098 1370 3137; x_wconf 91' lang='lat' dir='ltr'><strong>the</strong></span> <span class='ocrx_word' id='word_1_357' title='bbox 1404 3102 1494 3138; x_wconf 86' lang='lat' dir='ltr'><strong>21st</strong></span> <span class='ocrx_word' id='word_1_358' title='bbox 1526 3098 1573 3138; x_wconf 88' lang='lat' dir='ltr'><strong>of</strong></span> <span class='ocrx_word' id='word_1_359' title='bbox 1598 3099 1761 3139; x_wconf 86' lang='lat' dir='ltr'><strong>March.</strong></span> <span class='ocrx_word' id='word_1_360' title='bbox 1820 3099 1908 3138; x_wconf 92' lang='lat' dir='ltr'><strong>But</strong></span> <span class='ocrx_word' id='word_1_361' title='bbox 1934 3100 2020 3138; x_wconf 87' lang='lat' dir='ltr'><strong>this</strong></span> <span class='ocrx_word' id='word_1_362' title='bbox 2050 3101 2146 3152; x_wconf 86' lang='lat' dir='ltr'><strong>only</strong></span> <span class='ocrx_word' id='word_1_363' title='bbox 2202 3095 2204 3098; x_wconf 43' lang='lat'>¹</span> 
     </span>
    </p>
   </div>
   <div class='ocr_carea' id='block_1_9' title="bbox 1297 3154 2207 3194">
    <p class='ocr_par' dir='ltr' id='par_1_10' title="bbox 1297 3154 2207 3194">
     <span class='ocr_line' id='line_1_46' title="bbox 1297 3154 2207 3194; baseline 0.002 -2"><span class='ocrx_word' id='word_1_364' title='bbox 1297 3154 1438 3192; x_wconf 88' lang='lat' dir='ltr'><strong>served</strong></span> <span class='ocrx_word' id='word_1_365' title='bbox 1458 3157 1502 3192; x_wconf 88' lang='lat' dir='ltr'><strong>to</strong></span> <span class='ocrx_word' id='word_1_366' title='bbox 1522 3154 1696 3193; x_wconf 86' lang='lat' dir='ltr'><strong>awaken</strong></span> <span class='ocrx_word' id='word_1_367' title='bbox 1715 3154 1868 3193; x_wconf 77' lang='lat' dir='ltr'><strong>others.</strong></span> <span class='ocrx_word' id='word_1_368' title='bbox 1904 3154 1990 3193; x_wconf 84' lang='lat' dir='ltr'><strong>For</strong></span> <span class='ocrx_word' id='word_1_369' title='bbox 2008 3155 2144 3194; x_wconf 86' lang='lat' dir='ltr'><strong>which</strong></span> <span class='ocrx_word' id='word_1_370' title='bbox 2206 3175 2207 3178; x_wconf 59' lang='lat'><em>=</em></span> 
     </span>
    </p>
   </div>
   <div class='ocr_carea' id='block_1_10' title="bbox 1300 3208 2146 3316">
    <p class='ocr_par' dir='ltr' id='par_1_11' title="bbox 1300 3208 2146 3316">
     <span class='ocr_line' id='line_1_47' title="bbox 1300 3208 2146 3261; baseline 0.001 -14"><span class='ocrx_word' id='word_1_371' title='bbox 1300 3208 1438 3247; x_wconf 90' lang='lat' dir='ltr'><strong>would</strong></span> <span class='ocrx_word' id='word_1_372' title='bbox 1457 3208 1522 3256; x_wconf 93' lang='lat' dir='ltr'><strong>be,</strong></span> <span class='ocrx_word' id='word_1_373' title='bbox 1540 3209 1585 3247; x_wconf 88' lang='lat' dir='ltr'><strong>in</strong></span> <span class='ocrx_word' id='word_1_374' title='bbox 1605 3222 1688 3261; x_wconf 88' lang='lat' dir='ltr'><strong>any</strong></span> <span class='ocrx_word' id='word_1_375' title='bbox 1701 3209 1826 3260; x_wconf 86' lang='lat' dir='ltr'><strong>given</strong></span> <span class='ocrx_word' id='word_1_376' title='bbox 1843 3221 1954 3260; x_wconf 86' lang='lat' dir='ltr'><strong>year,</strong></span> <span class='ocrx_word' id='word_1_377' title='bbox 1976 3209 2049 3249; x_wconf 88' lang='lat' dir='ltr'><strong>the</strong></span> <span class='ocrx_word' id='word_1_378' title='bbox 2067 3209 2146 3248; x_wconf 87' lang='lat' dir='ltr'><strong>full</strong></span> 
     </span>
     <span class='ocr_line' id='line_1_48' title="bbox 1301 3262 2146 3316; baseline 0.002 -14"><span class='ocrx_word' id='word_1_379' title='bbox 1301 3276 1423 3302; x_wconf 92' lang='lat' dir='ltr'><strong>moon</strong></span> <span class='ocrx_word' id='word_1_380' title='bbox 1449 3262 1659 3316; x_wconf 90' lang='lat' dir='ltr'><strong>following</strong></span> <span class='ocrx_word' id='word_1_381' title='bbox 1685 3264 1758 3302; x_wconf 86' lang='lat' dir='ltr'><strong>the</strong></span> <span class='ocrx_word' id='word_1_382' title='bbox 1781 3267 1873 3303; x_wconf 78' lang='lat' dir='ltr'><strong>zlst</strong></span> <span class='ocrx_word' id='word_1_383' title='bbox 1898 3264 1946 3303; x_wconf 87' lang='lat' dir='ltr'><strong>of</strong></span> <span class='ocrx_word' id='word_1_384' title='bbox 1968 3264 2146 3304; x_wconf 65' lang='lat' dir='ltr'><strong>March?</strong></span> 
     </span>
    </p>
   </div>
  </div>
 </body>
</html>
