2216 3554
108 177 245 227 'CAR
271 174 366 246 XL]
748 176 940 226 'Gentis
972 173 1253 238 Anylorum.
1313 235 1318 241 .
1507 213 1510 216 -
1777 178 1874 225 235

124 312 429 375 erogandam,
466 310 539 359 nil
574 309 862 358 omnimodis
901 308 993 358 sibi
1027 324 1306 368 reservans;
1349 308 1434 356 sed
1475 324 1660 372 pauper
1695 307 1874 372 spiritu

122 395 278 457 magis
302 398 504 457 propter
526 409 727 455 regnum
753 392 980 440 caelorum
1005 408 1198 439 manere
1222 390 1515 439 desiderans.

191 475 290 536 Qui
322 493 433 525 cum
465 476 823 539 ingravescente
855 474 1056 537 praefata
1085 472 1391 536 aegritudine,
1417 473 1546 520 diem
1579 472 1671 520 sibi
1704 473 1876 521 mortis

123 558 378 606 imminere
424 558 664 618 sensisset,
706 557 878 605 timere
925 556 1071 620 coepit
1110 556 1255 604 homo
1298 554 1449 603 animi
1487 555 1677 617 regalis,
1713 571 1774 602 ne
1815 555 1877 602 ad

123 646 329 688 mortem
366 640 563 689 veniens
600 642 739 687 tanto
779 639 995 687 adfectus
1033 638 1211 698 dolore,
1250 637 1437 701 aliquid
1479 637 1739 700 indignum
1778 653 1877 684 suae

123 739 356 785 personae,
377 723 454 770 vel
472 741 553 771 ore
577 723 815 786 proferret
834 722 911 769 vel
935 721 1144 770 aliorum
1162 724 1301 768 motu
1323 725 1511 784 gereret
1531 720 1873 768 membrorum.

125 803 270 852 Unde
305 805 455 853 accito
490 805 551 853 ad
586 821 636 852 se
672 805 874 868 praefato
910 803 1047 851 urbis
1089 802 1362 852 Lundoniae
1402 803 1455 851 in
1492 819 1588 866 qua
1621 807 1740 851 tunc
1774 802 1878 866 ipse

124 889 363 947 manebat,
389 888 626 950 episcopo,
648 887 841 949 rogavit
863 904 923 934 ne
945 886 1110 949 plures
1134 903 1191 934 eo
1216 885 1454 934 moriente
1478 902 1624 949 quam
1648 885 1752 948 ipse
1777 885 1877 947 epi-

123 986 296 1033 scopus
320 976 369 1018 et
392 970 489 1017 duo
514 970 587 1018 sui
613 970 823 1017 ministri
842 969 1075 1017 adessent.
1150 968 1294 1030 Quod
1313 970 1429 1017 dum
1449 968 1701 1033 episcopus
1724 968 1878 1017 liben-

123 1052 312 1101 tissime
344 1069 394 1101 se
422 1053 663 1101 facturum
696 1052 1020 1115 promitteret,
1045 1068 1142 1101 non
1177 1052 1334 1099 multo
1368 1057 1479 1115 post
1513 1051 1641 1099 idem
1665 1051 1743 1100 vir
1768 1050 1876 1109 Dei,

123 1135 242 1182 dum
265 1136 479 1183 membra
511 1135 671 1198 sopori
696 1135 920 1194 dedisset,
945 1135 1072 1183 vidit
1094 1134 1326 1183 visionem
1359 1134 1740 1194 consolatoriam,
1767 1133 1876 1197 quae

123 1235 316 1266 omnem
340 1219 382 1266 ei
407 1217 705 1266 anxietatem
735 1223 1013 1266 memoratae
1045 1217 1371 1267 solicitudinis
1403 1218 1642 1277 auferret3
1679 1217 1878 1280 insuper

122 1304 172 1348 et
212 1317 310 1363 qua
345 1300 422 1348 die
460 1303 584 1348 esset
620 1299 744 1348 hanc
779 1300 935 1349 vitam
972 1300 1337 1360 terminaturus,
1374 1300 1661 1349 ostenderet.
1732 1299 1878 1350 Vidit

122 1383 266 1442 enim,
290 1387 349 1431 ut
381 1389 491 1446 post
527 1383 630 1446 ipse
663 1383 912 1442 referebat,
939 1389 1037 1432 tres
1073 1383 1136 1430 ad
1172 1400 1223 1431 se
1255 1383 1444 1431 venisse
1473 1383 1603 1431 viros
1639 1382 1768 1430 claro
1803 1382 1877 1430 in-

121 1466 265 1513 dutos
289 1465 489 1526 habitu3
528 1483 732 1529 quorum
758 1482 884 1513 unus
909 1466 1124 1515 residens
1157 1469 1270 1514 ante
1299 1466 1535 1514 lectulum
1561 1467 1675 1528 ejus,
1702 1464 1876 1512 stanti-

121 1548 212 1595 bus
242 1548 317 1595 his
341 1547 425 1611 qui
457 1565 619 1596 secum
655 1549 952 1596 advenerant
988 1549 1259 1608 comitibus,
1285 1552 1335 1597 et
1366 1547 1784 1611 interrogantibus
1816 1548 1876 1595 de

121 1634 253 1678 statu
277 1629 379 1693 ejus
403 1647 547 1693 quem
571 1631 881 1693 languentem
906 1630 1108 1679 visitare
1131 1636 1378 1689 venerant,
1405 1631 1533 1678 dixit
1560 1630 1689 1693 quod
1714 1630 1875 1677 anima

121 1714 236 1774 ejus,
273 1718 322 1759 et
357 1712 460 1759 sine
495 1713 596 1760 ullo
633 1713 812 1772 dolore,
850 1717 899 1761 et
940 1730 1050 1761 cum
1086 1730 1262 1777 magno
1299 1713 1421 1761 lucis
1458 1714 1713 1776 splendore
1750 1717 1875 1761 esset

119 1810 366 1855 egressura
402 1794 462 1842 de
498 1811 726 1858 corpore:
779 1795 862 1843 sed
901 1799 951 1843 et
991 1795 1192 1843 tertium
1229 1795 1403 1843 exinde
1439 1795 1569 1843 diem
1607 1812 1702 1858 quo
1750 1801 1874 1844 esset

118 1875 385 1923 morit-urus
421 1875 704 1925 insinuavit.
803 1877 945 1938 Quod
980 1877 1050 1926 ita
1084 1882 1347 1940 utrumque
1383 1882 1438 1925 ut
1474 1894 1535 1925 ex
1638 1901 1774 1937 diesin

117 1957 302 2005 visione
343 1957 516 2007 didicit
557 1959 851 2024 completum
895 1965 980 2008 est.
1068 1960 1198 2007 Nam
1241 1960 1319 2007 die
1359 1959 1532 2008 dehinc
1618 1951 1788 1992 London,

117 2040 266 2088 tertio
292 2042 532 2104 completa
556 2042 677 2090 hora
701 2060 842 2102 nona,
872 2043 1034 2091 subito
1060 2042 1199 2106 quasi
1224 2042 1398 2091 leviter
1423 2043 1746 2103 obdormiens,
1771 2042 1874 2092 sine

118 2122 219 2170 ullo
244 2140 385 2171 sensu
410 2124 591 2173 doloris
615 2125 778 2172 emisit
801 2125 1043 2188 spiritum.

189 2205 338 2268 Cujus
385 2207 575 2268 corpori
623 2209 908 2256 tumulando
964 2212 1359 2272 praeparaverant
1406 2210 1705 2274 sarcofagum
1751 2209 1873 2273 lapi-

118 2288 289 2336 deum:
339 2288 421 2336 sed
462 2307 570 2337 cum
610 2289 722 2339 huic
764 2308 939 2354 corpus
986 2291 1235 2355 imponere
1277 2293 1544 2356 coepissent,
1581 2293 1874 2342 invenerunt

118 2370 208 2418 1100
254 2387 479 2419 mensura
525 2373 677 2435 palmi
723 2374 916 2436 longius
963 2391 1064 2422 esse
1122 2375 1383 2439 sarcofago.
1473 2375 1711 2424 Dolantes
1758 2393 1872 2440 ergo

118 2452 328 2515 lapidem
361 2453 413 2500 in
445 2461 684 2517 quantum
715 2456 954 2516 valebant,
981 2457 1274 2506 addiderunt
1305 2458 1603 2522 longitudini
1636 2459 1874 2521 sarcofagi

119 2535 257 2597 quasi
289 2535 496 2583 duorum
528 2555 800 2586 mensuram
835 2539 1113 2603 digitorum.
1199 2539 1294 2589 Sed
1330 2558 1416 2589 nec
1449 2540 1515 2589 sic
1544 2541 1741 2605 quidem
1770 2558 1872 2590 cor-

118 2634 210 2680 pus
251 2618 482 2681 capiebat.
572 2621 717 2670 Unde
764 2621 893 2670 facta
935 2622 1217 2670 difficultate
1257 2624 1549 2683 tumulandi,
1592 2624 1873 2688 cogitabant

118 2704 205 2748 aut
241 2700 374 2747 aliud
413 2718 625 2765 quaerere
666 2704 892 2763 loculum,
930 2710 1014 2752 aut
1056 2705 1219 2768 ipsum
1261 2723 1449 2769 corpus,
1488 2706 1530 2755 si
1572 2713 1783 2770 possent,
1819 2706 1872 2754 in

119 2781 321 2846 genibus
352 2783 640 2833 inflectendo
669 2786 901 2847 breviare,
927 2788 1078 2836 donec
1108 2788 1213 2852 ipso
1242 2789 1398 2838 loculo
1435 2797 1702 2854 caperetur.
1775 2790 1872 2839 Sed

118 2865 241 2914 mira
287 2883 375 2926 res,
419 2873 468 2915 et
514 2885 612 2915 non
658 2869 753 2917 nisi
801 2870 987 2919 caelitus
1027 2871 1168 2930 facta,
1209 2889 1270 2921 ne
1316 2873 1504 2937 aliquid
1549 2874 1725 2922 horum
1766 2873 1871 2921 fieri

118 2949 330 3008 deberet,
357 2950 621 3013 prohibuit.
692 2953 820 3001 Nam
850 2954 1011 3002 subito
1045 2954 1267 3003 adstante
1291 2956 1526 3020 episcop0,
1589 2975 1713 3010 andis
1729 2985 1811 3009 suc-

119 3036 167 3078 et
214 3030 316 3078 filio
357 3031 484 3094 regis
527 3033 739 3096 ejusdem
784 3051 840 3082 ac
887 3036 1108 3084 monachi
1150 3037 1404 3100 Sighardo,
1445 3039 1527 3102 qui
1559 3024 1739 3115 Sigssffissg
1753 3024 1832 3108 {gd

118 3118 228 3177 post
263 3113 402 3161 illum
439 3131 548 3162 cum
584 3114 730 3164 fratre
766 3115 999 3166 Suefredo
1034 3120 1266 3183 regnavit,
1300 3126 1348 3168 et
1383 3121 1528 3169 turba
1604 3123 1792 3158 Swaefred.

118 3194 369 3243 hominum
403 3214 499 3245 non
536 3197 736 3257 modica,
761 3199 1016 3249 inventum
1046 3206 1120 3250 est
1155 3204 1458 3267 sarcofagum
1489 3202 1611 3250 illud
1643 3217 1867 3264 congruae

118 3276 437 3343 longitudinis
482 3280 544 3329 ad
585 3297 859 3330 mensuram
901 3284 1130 3349 corporis,
1173 3286 1292 3335 adeo
1338 3290 1396 3335 ut
1435 3303 1465 3335 a
1504 3290 1643 3349 parte
1694 3283 1868 3349 capitis
