2216 3554
335 173 430 218 156
907 165 1133 215 Historia
1165 165 1497 215 Ecclesiastica
1838 162 1970 234 [LIB.
1994 182 2073 215 111.

330 299 507 349 merito
525 298 784 358 virtutum,
803 298 1015 360 ejusdem
1039 298 1319 347 monasterii
1336 297 1587 361 Brigensis
1611 300 1685 346 est
1707 295 1947 345 abbatissa
1966 313 2073 344 con-

329 385 516 432 stituta.
590 382 739 444 Cujus
755 381 882 444 regis
899 380 1003 428 filia
1019 382 1172 442 major
1191 381 1424 444 Sexburg,
1440 397 1566 428 uxor
1584 380 1930 429 Earconbercti
1946 379 2073 441 regis

330 464 717 523 Cantuariorum,
736 463 910 511 habuit
932 462 1083 510 filiam
1103 463 1474 525 Earcongotam,
1493 462 1553 510 de
1578 478 1674 526 qua
1698 478 1864 509 sumus
1882 461 2074 509 dicturi.

399 547 561 611 Hujus
595 551 758 594 autem
794 545 999 609 virginis
1031 545 1138 593 Deo
1171 544 1355 604 dicatae,
1392 545 1547 592 multa
1582 544 1777 607 quidem
1812 543 1872 591 ab
1907 542 2076 590 incolis

385 639 468 674 Her
483 639 611 674 death.
668 628 763 676 loci
793 628 926 676 illius
965 628 1121 676 solent
1159 644 1306 690 opera
1332 628 1575 675 virtutum
1607 631 1657 675 et
1693 626 1831 689 signa
1867 625 2076 673 miracu-

326 709 487 756 lorum
527 725 679 772 usque
719 710 860 758 hodie
901 710 1105 758 narrari.
1177 710 1359 758 Verum
1401 727 1489 758 nos
1531 710 1591 757 de
1626 708 1841 756 transitu
1881 711 2076 755 tantum

327 790 459 839 illius
483 807 578 854 quo
610 792 820 841 caelestia
848 808 996 855 regna
1018 791 1177 854 petiit,
1202 791 1393 855 aliquid
1424 791 1638 839 breviter
1669 791 1827 838 dicere
1859 787 2077 837 sufficiat.

329 872 604 921 Inminente
628 891 742 937 ergo
767 873 845 922 die
875 890 974 921 suae
999 874 1279 934 vocationis,
1305 875 1452 937 coepit
1476 873 1679 921 circuire
1703 873 1756 920 in
1787 869 2078 919 monasterio

329 956 512 1003 casulas
545 955 848 1004 infirmarum
885 954 1071 1003 Christi
1106 956 1413 1015 famularum,
1447 971 1708 1018 earumque
1743 953 1820 1003 vel
1854 951 2077 1008 maxime,

329 1056 437 1101 quae
461 1039 538 1086 vel
561 1042 701 1086 aetate
725 1042 980 1101 provectae,
1004 1037 1084 1085 vel
1112 1037 1358 1100 probitate
1382 1044 1519 1086 erant
1548 1054 1739 1085 morum
1763 1034 2078 1099 insigniores:

329 1137 534 1183 quarum
572 1137 621 1169 se
668 1119 882 1168 omnium
922 1118 1147 1182 precibus
1189 1119 1446 1167 humiliter
1492 1118 1850 1178 commendans,
1891 1116 2079 1166 obitum

328 1202 548 1265 proxime
595 1218 753 1259 suum,
796 1217 939 1265 quem
985 1200 1279 1249 revelatione
1329 1201 1578 1261 didicerat,
1620 1219 1718 1249 non
1765 1199 1938 1249 celavit
1979 1215 2080 1247 esse

328 1287 582 1333 futurum:
628 1301 774 1348 quam
814 1284 1043 1332 videlicet
1082 1283 1425 1332 revelationem
1467 1284 1744 1348 hujusmodi
1780 1298 1881 1330 esse
1920 1280 2081 1345 perhi-

328 1367 501 1415 bebat:
538 1367 718 1415 vidisse
756 1383 805 1415 se
843 1367 1116 1414 albatorum
1153 1372 1394 1415 catervam
1429 1367 1685 1415 hominum
1722 1366 1852 1413 idem
1893 1379 2083 1412 monas-

328 1450 508 1497 terium
543 1450 760 1511 intrare,
802 1449 985 1512 hosque
1019 1465 1048 1496 a
1077 1465 1126 1497 se
1162 1449 1485 1513 interrogatos
1521 1449 1639 1512 quid
1675 1453 1960 1512 quaererent,
1996 1449 2083 1494 aut

330 1533 449 1596 quid
479 1532 549 1580 ibi
581 1533 776 1591 vellent,
799 1531 1106 1595 respondisse
1135 1532 1264 1595 quod
1289 1533 1349 1580 ob
1378 1532 1468 1580 hoc
1497 1532 1583 1579 illo
1619 1531 1803 1579 fuerint
1834 1528 2081 1587 destinati,

329 1621 386 1662 ut
422 1632 622 1663 aureum
656 1614 780 1662 illud
819 1614 1063 1662 numisma
1099 1614 1228 1677 quod
1266 1630 1322 1662 eo
1358 1614 1419 1661 de
1455 1613 1631 1663 Cantia
1665 1616 1879 1672 venerat,
1920 1627 2082 1659 secum

327 1697 653 1746 adsumerent.
717 1698 832 1761 Ipsa
863 1701 1025 1745 autem
1056 1702 1210 1755 nocte,
1243 1696 1295 1743 in
1333 1697 1469 1760 cujus
1501 1696 1674 1744 ultima
1711 1698 1865 1758 parte,
1904 1693 1956 1741 id
1994 1696 2080 1750 est,

329 1780 592 1844 incipiente
616 1797 807 1839 aurora,
825 1779 1080 1843 praesentis
1105 1779 1276 1826 mundi
1300 1779 1526 1827 tenebras
1549 1778 1803 1835 transiens,
1825 1791 2082 1838 supernam

330 1862 560 1925 migravit
584 1863 646 1910 ad
670 1863 824 1910 lucem
845 1878 856 1920 ;
895 1861 1043 1909 multi
1057 1859 1075 1886 ¹
1099 1861 1158 1908 de
1181 1861 1414 1909 fratribus
1440 1861 1653 1923 ejusdem
1675 1858 1972 1918 monasterii,
1997 1857 2083 1921 qui

329 1944 438 1992 aliis
484 1950 623 1992 erant
663 1945 717 1992 in
757 1944 955 2002 aedibus,
985 1945 1087 2006 jam
1127 1943 1381 1991 manifeste
1418 1959 1468 1991 se
1509 1946 1769 1991 concentus
1803 1941 2083 2004 angelorum

330 2026 641 2089 psallentium
680 2027 872 2075 audisse
907 2026 1198 2086 referebant,
1232 2026 1315 2074 sed
1352 2031 1401 2074 et
1437 2025 1652 2074 sonitum
1688 2024 1824 2088 quasi
1859 2023 2083 2087 plurimae

330 2108 662 2156 multitudinis
695 2108 1048 2156 monasterium
1081 2107 1424 2172 ingredientis:
1462 2109 1590 2156 unde
1622 2123 1736 2155 mox
1768 2106 1946 2170 egressi
1977 2106 2083 2169 dig-

331 2207 525 2251 noscere
557 2191 677 2254 quid
711 2194 849 2250 esset,
879 2191 1109 2239 viderunt
1139 2192 1295 2239 lucem
1323 2191 1505 2240 caelitus
1538 2191 1762 2239 emissam
1792 2188 1941 2237 fuisse
1975 2204 2083 2252 per-

331 2274 608 2333 maximam,
629 2291 738 2337 quae
763 2279 976 2322 sanctam
1003 2274 1139 2321 illam
1161 2274 1374 2321 animam
1393 2273 1551 2322 carnis
1575 2272 1783 2321 vinculis
1798 2271 2082 2328 absolutam,

331 2357 393 2403 ad
416 2362 596 2404 aeterna
618 2356 789 2420 patriae
814 2355 1019 2405 caelestis
1042 2357 1219 2419 gaudia
1242 2357 1461 2405 ducebat.
1525 2354 1739 2409 Addunt
1771 2358 1820 2403 et
1843 2353 1951 2413 alia,
1977 2370 2084 2417 quae
2132 2364 2135 2365 ’

330 2439 437 2502 ipsa
449 2442 589 2486 nocte
603 2438 657 2486 in
672 2440 961 2487 monasterio
977 2440 1145 2488 eodem
1160 2438 1399 2487 divinitus
1415 2438 1599 2486 fuerint
1615 2444 1806 2486 ostensa
1822 2436 2052 2484 miracula
2071 2454 2083 2485 ι

331 2521 415 2569 sed
440 2520 542 2568 11333
567 2538 654 2568 nos
676 2521 738 2569 ad
761 2521 856 2569 alia
879 2523 1132 2570 tendentes
1157 2521 1258 2569 suis
1282 2537 1480 2568 narrare
1503 2519 1849 2585 permittimus.
1914 2518 2084 2582 Sepul-

330 2608 437 2651 tum
462 2608 535 2651 est
568 2607 730 2651 autem
762 2621 935 2667 corpus
968 2604 1240 2653 venerabile
1270 2604 1475 2666 virginis
1509 2606 1557 2652 et
1590 2620 1776 2666 sponsae
1809 2602 2006 2663 Christi,
2032 2602 2085 2649 in

331 2685 529 2734 ecclesia
573 2685 704 2733 beati
750 2687 1120 2750 protomartyris
1163 2686 1425 2750 Stephani:
1476 2686 1756 2749 placuitque
1801 2689 1910 2749 post
1956 2685 2085 2733 diem

331 2767 548 2827 tertium,
584 2773 642 2816 ut
677 2768 801 2830 lapis
837 2786 935 2832 quo
971 2773 1337 2817 monumentum
1373 2770 1644 2832 tegebatur,
1679 2773 1998 2827 amoveretur,
2035 2772 2085 2815 et

332 2850 479 2898 altius
497 2849 602 2913 ipso
618 2850 669 2897 in
687 2851 792 2899 loco
811 2857 1151 2913 reponeretur:
1190 2853 1321 2915 quod
1340 2852 1456 2900 dum
1479 2852 1629 2910 fieret,
1648 2857 1799 2899 tantae
1817 2851 2085 2914 fragrantia

332 2932 586 2982 suavitatis
610 2934 671 2980 ab
695 2933 807 2981 imis
831 2934 1069 2994 ebullivit,
1094 2941 1151 2982 ut
1175 2934 1363 2982 cunctis
1388 2934 1473 2998 qui
1497 2933 1752 2981 adstabant
1774 2933 2004 2980 fratribus
2029 2950 2083 2982 ac

333 3015 590 3075 sororibus,
616 3015 756 3080 quasi
779 3016 1077 3078 opobalsami
1093 3014 1110 3041 ²
1134 3017 1328 3065 cellaria
1352 3032 1453 3065 esse
1477 3016 1761 3063 viderentur
1784 3019 1965 3078 aperta.

387 3118 403 3141 ¹
431 3118 552 3159 multi
568 3149 578 3159 .
591 3150 601 3159 .
617 3149 625 3158 .
639 3117 813 3170 oedibus]
831 3118 977 3170 Bythe
992 3131 1182 3171 arrange-
1291 3118 1308 3141 ²
1336 3118 1602 3171 opobalsami]
1628 3115 1932 3166 ὀποβάλσαμον,
1947 3117 2083 3158 Diosc.

333 3177 470 3212 ments
501 3173 547 3213 of
572 3186 597 3212 a
629 3173 778 3212 double
807 3176 1058 3224 monastery.
1118 3174 1180 3213 Cf.
1237 3175 1325 3214 The
1345 3175 1456 3228 juice
1475 3174 1523 3214 of
1535 3173 1607 3214 the
1626 3173 1898 3214 baleam-eree.

334 3228 531 3280 Lingard‚
546 3229 659 3281 Aug.
679 3228 774 3268 Sax.
787 3228 964 3277 Church,
984 3227 1013 3267 i.
1035 3239 1124 3281 214.
