2216 3554
62 3182 85 3204 l

163 176 283 226 CAP.
303 174 450 245 xxx.]
785 174 949 225 Gentis
984 174 1265 236 A‘nylo‘rum.
1311 168 1313 170 ’
1852 168 1913 222 73'

162 317 212 360 et
251 308 612 374 metropolitani
650 307 831 355 honore
874 306 1187 369 perfruatur3
1236 305 1352 368 quia
1393 305 1437 352 ei
1484 321 1691 367 quoque,
1732 305 1773 352 si
1814 306 1917 354 vita

162 409 321 440 comes
367 392 530 451 fuerit,
577 389 784 454 pallium
842 389 1057 436 tribuere
1103 387 1317 435 Domino
1365 387 1555 434 favente
1602 387 1915 449 disponimus,

163 491 306 538 quem
342 481 503 523 tamen
538 478 637 522 tuae
676 471 997 520 fraternitatis
1031 471 1255 518 volumus
1296 469 1604 532 dispositioni
1645 470 1915 531 subjacere:

161 562 275 621 post
309 557 497 605 obitum
530 573 644 604 vero
678 559 818 603 tuum
854 555 925 602 ita
961 553 1197 617 episcopis
1233 569 1353 616 quos
1395 552 1694 600 ordinaverit
1735 553 1916 615 praesit,

162 643 219 687 ut
266 637 625 687 Lundoniensis
671 636 884 700 episcopi
930 636 1063 684 nullo
1111 635 1253 683 modo
1295 633 1471 682 ditioni
1512 635 1766 696 subjaceat.
1841 634 1919 685 Sit

161 738 275 768 vero
299 721 428 768 inter
452 719 719 768 Lundoniae
743 723 792 768 et
816 719 1052 767 Eburacae
1078 717 1294 767 civitatis
1323 717 1569 781 episcopos
1594 717 1646 764 in
1670 723 1918 781 posterum

162 803 358 851 honoris
394 804 487 851 ista
522 803 786 863 distinctio,
811 806 868 851 ut
903 803 1007 866 ipse
1041 802 1176 866 prior
1210 801 1449 848 habeatur
1477 799 1561 863 qui
1596 800 1732 863 prius
1768 801 1920 848 fuerit

161 885 438 934 ordinatus:
489 885 732 934 communi
767 891 931 934 autem
967 884 1166 934 consilio
1208 888 1258 932 et
1299 882 1523 932 concordi
1560 883 1748 931 actione
1791 901 1919 947 (11188-

162 985 255 1032 (1118
287 974 401 1015 811111
434 984 522 1031 pro
556 967 741 1017 Christ-i
772 968 875 1016 zelo
909 968 1121 1033 agenda;
1160 967 1420 1030 disponant
1455 966 1765 1026 unanimiter,
1791 973 1919 1014 recte

160 1049 386 1109 sentiant,
407 1055 456 1098 et
481 1067 535 1098 ea
559 1068 669 1114 quae
695 1051 948 1109 senserint,
968 1068 1065 1099 non
1090 1050 1283 1105 sibimet
1308 1049 1626 1112 discrepando
1650 1049 1918 1111 perficiant.

160 1132 265 1179 Tua
288 1149 402 1180 vero
426 1132 703 1181 fraternitas
738 1151 836 1182 non
869 1134 1026 1182 solum
1061 1151 1142 1182 eos
1176 1133 1423 1197 episcopos
1452 1148 1571 1195 quos
1604 1131 1919 1190 ordinaverit,

160 1231 314 1277 neque
360 1214 448 1263 hos
495 1216 835 1264 tantummodo
877 1216 963 1279 qui
1009 1234 1097 1280 per
1141 1216 1376 1264 Eburacae
1417 1214 1695 1277 episcopum
1737 1215 1922 1263 fuerint

162 1298 390 1355 ordinati,
433 1298 517 1346 sed
564 1299 709 1347 etiam
757 1317 923 1348 omnes
970 1299 1228 1348 Brittaniae
1277 1299 1542 1346 sacerdotes
1590 1297 1767 1346 habeat
1813 1298 1922 1346 Deo

162 1380 378 1428 Domino
419 1385 587 1430 nostro
622 1382 661 1431 J
662 1399 746 1431 esu
775 1383 986 1432 ‘Christo
1027 1386 1223 1431 auctore
1262 1382 1532 1443 subjectos;
1582 1387 1820 1444 quatenus
1862 1399 1923 1429 ex

162 1462 330 1526 lingua
353 1467 403 1511 et
425 1463 527 1511 vita
557 1465 964 1526 tuae-sanctitatis,
989 1471 1038 1514 et
1069 1469 1198 1513 recte
1234 1463 1460 1513 credendi
1496 1467 1544 1512 et
1578 1464 1700 1511 bene
1724 1463 1922 1512 vivendi

163 1546 372 1593 formam
406 1546 692 1609 percipiant,
719 1554 867 1612 atque
899 1548 1109 1596 officium
1146 1564 1286 1595 suum
1321 1547 1417 1594 fide
1452 1563 1507 1595 ac
1545 1546 1762 1594 moribus
1792 1563 1924 1594 exse-

164 1633 380 1690 quenteS,
418 1628 479 1675 ad
516 1619 728 1679 caelestia
762 1649 873 1679 cum
914 1632 1154 1679 Dominus
1189 1629 1403 1677 voluerit
1438 1645 1586 1691 regna
1626 1627 1923 1692 pertingant.

165 1709 297 1757 Deus
319 1713 370 1757 te
393 1709 684 1782 incolumem
709 1714 967 1772 custodiat,
993 1712 1382 1761 reverentissime
1411 1711 1578 1759 frater.

233 1793 391 1840 ‘Data
426 1793 504 1841 die
540 1794 726 1844 decima
761 1797 1083 1845 kalendarum
1124 1796 1156 1844 J
1161 1795 1386 1853 uliarum,
1422 1795 1693 1857 imperante
1728 1795 1924 1843 domino

163 1880 328 1923 nostro
354 1875 574 1925 Maurico
614 1878 811 1927 Tiberio
844 1880 1066 1944 piissimo
1091 1878 1315 1942 Augusto
1348 1895 1474 1925 anno
1500 1878 1581 1925 de·
1667 1888 1839 1920 A.D.601.

163 1956 287 2005 cimo
311 1974 451 2018 nono,
472 1965 580 2021 post
605 1962 908 2011 consulatum
934 1962 1150 2026 ejusdem
1176 1960 1362 2010 domini
1381 1976 1508 2009 anno
1533 1959 1720 2007 decimo
1739 1962 1924 2023 octavo,

164 2038 430 2089 indictione
455 2043 659 2105 quarta?

859 2234 1007 2285 cAP.
1039 2233 1227 2307 xxx

273 2384 500 2437 Exemplar
517 2385 692 2437 epistolae
711 2400 836 2438 quam
855 2387 908 2426 M
907 2386 1020 2427 ellito
1039 2386 1182 2428 abbati
1202 2387 1467 2427 Brittaniam
1482 2385 1672 2437 pet-qemi
1693 2385 1825 2424 misit.

235 2511 581 2561 Amsmmssns
613 2516 773 2561 autem
805 2513 1021 2577 praefatis
1056 2512 1318 2575 legatariis,
1344 2512 1478 2561 misit
1508 2516 1621 2576 post
1654 2528 1734 2560 eos
1758 2512 1932 2560 beatus

167 2598 306 2659 pater
348 2595 611 2657 Gregorius
651 2595 841 2644 litteras
889 2599 1156 2644 memoratu
1207 2595 1392 2660 dignas,
1441 2596 1492 2643 in
1541 2596 1718 2660 quibus
1765 2599 1932 2659 aperte

169 2693 316 2740 quam
361 2676 575 2724 studiose
622 2694 736 2740 erga
783 2677 1101 2726 salvationem
1148 2684 1327 2727 nostrae
1374 2678 1534 2742 gentis
1582 2677 1928 2743 invigilaverit,

169 2758 397 2816 ostendit,
423 2757 494 2806 ita
518 2759 758 2808 scribens:

239 2839 594 2888 ‘Dilectissimo
629 2840 731 2890 filio
768 2841 957 2891 Mellito
989 2843 1154 2891 abbati
1186 2842 1452 2908 Gregorius
1481 2860 1648 2892 servus
1681 2857 1929 2891 servorum

172 2923 279 2972 Dei.
352 2923 474 2971 Post
515 2923 776 2979 discessum
818 2927 1203 2990 congregationis
1243 2927 1455 2976 nostrae1
1492 2945 1600 2991 quae
1641 2932 1801 2974 tecum
1840 2931 1931 2982 est,-

170 3008 310 3056 valde
347 3025 514 3056 sumus
551 3009 768 3072 suspensi
803 3010 998 3069 redditi,
1024 3011 1138 3075 quia
1174 3011 1298 3059 nihil
1333 3012 1393 3061 de
1429 3010 1752 3075 prosperitate
1780 3006 1931 3056 vestri

224 3138 240 3162 ¹
270 3141 592 3192 conyreqationis
646 3141 810 3194 nostroe]
887 3142 1022 3182 Smith
1077 3144 1317 3195 Gregorius'
1336 3157 1431 3183 own
1451 3146 1691 3192 monastery
1705 3140 1752 3179 of
1770 3139 1931 3179 St.An-

173 3194 315 3234 thinks
342 3196 436 3235 that
465 3197 582 3236 these
614 3197 745 3236 words
772 3197 903 3250 imply
927 3198 1022 3238 that
1076 3199 1201 3245 drew,
1231 3199 1315 3238 and
1347 3199 1443 3238 that
1477 3197 1671 3237 Mellitus
1704 3209 1788 3235 was
1819 3194 1931 3234 their

174 3249 379 3291 Mellitus'
400 3252 664 3304 companions
682 3266 791 3293 were
814 3253 961 3294 monks
980 3253 1028 3294 of
1076 3254 1224 3294 Abbot
1236 3269 1246 3301 ;
1277 3255 1390 3307 App.
1412 3254 1495 3293 No.
1516 3252 1571 3291 vi.
1592 3251 1688 3292 680.
