2216 3554
261 171 281 214 1
294 172 315 215 1
325 172 354 217 6
832 166 1056 215 Historia
1090 166 1426 215 Ecclesiastioa
1785 163 1916 234 [Lm.
1937 181 1998 216 11.

250 297 575 348 obedientiam
611 296 848 347 exhibere.
919 298 1028 359 Qua
1063 315 1122 347 ex
1157 315 1208 347 re
1240 315 1337 346 non
1361 297 1545 346 modica
1566 296 1704 345 nobis
1728 298 1998 346 amaritudo

247 385 480 446 «congesta
504 384 590 440 est,
608 381 668 428 ab
692 397 747 429 eo
772 381 901 444 quod
924 398 1035 444 pars
1059 381 1272 445 corporis
1289 381 1439 429 vestri
1457 381 1517 429 ab
1536 380 1780 443 agnitione
1799 398 1998 429 summae

253 468 302 510 et
326 462 589 511 individuae
613 462 865 511 Trinitatis
888 463 1119 511 remansit
1143 466 1383 511 extranea.
1434 462 1579 511 Unde
1603 462 1818 524 paternis
1832 463 1999 510 officiis

252 550 425 593 vestrae
455 544 678 608 ‹gloriosae
715 544 1075 594 christianitati
1103 550 1316 593 nostram
1346 544 1768 592 commonitionem
1793 561 1880 592 nec
1902 544 1999 592 dis-

252 628 454 675 tulimus
478 627 811 676 conferendam
828 644 840 687 ;
866 627 1192 686 adhortantes,
1214 632 1450 690 quatenus
1468 625 1648 674 divinae
1667 626 2000 688 inspirationis

253 711 438 758 imbuta
462 710 701 770 subsidiis,
728 710 1004 774 importune
1028 713 1078 758 et
1101 715 1371 772 opportune
1397 708 1637 770 agendum
1660 725 1758 755 non
1776 707 1967 755 differas
1989 726 1998 756 ε

253 798 313 841 ut
347 797 396 841 et
431 793 532 856 ipse
569 793 834 842 Salvatoris
871 792 1024 840 nostri
1073 791 1273 839 Domini
1320 790 1351 837 J
1356 807 1438 838 esu
1488 789 1671 838 Christi
1719 796 2001 853 cooperante

253 876 472 939 potentia
487 876 878 925 Christianorum
898 891 1096 922 numero
1116 873 1397 936 copuletur;
1429 877 1478 920 et
1496 871 1697 935 perinde
1715 871 2002 921 intemerato

253 957 495 1006 societatis
530 958 706 1006 foedere
743 959 852 1020 jura
893 960 1058 1004 teneas
1106 954 1341 1002 maritalis
1382 954 1631 1002 consortii.
1725 954 2001 1018 Scriptum¹

253 1057 460 1103 namque
496 1044 599 1088 est:
641 1045 667 1064 “
688 1040 848 1087 Erunt
872 1039 967 1086 duo
992 1039 1044 1085 in
1067 1054 1207 1086 carne
1234 1037 1375 1084 una.''
1427 1036 1678 1097 Quomodo
1703 1053 1818 1100 ergo
1842 1036 2003 1084 unitas

253 1122 390 1170 vobis
414 1121 762 1184 conjunctionis
785 1121 938 1168 inesse
963 1119 1057 1168 dici
1081 1119 1276 1181 poterit,
1303 1119 1343 1167 si
1368 1136 1397 1167 a
1419 1125 1591 1168 vestrae
1614 1118 1727 1167 fidei
1751 1118 2003 1182 splendore

252 1204 553 1267 interpositis
578 1202 877 1251 detestabilis
902 1202 1079 1250 erroris
1103 1200 1314 1249 tenebris
1338 1200 1420 1249 ille
1445 1202 1730 1250 remanserit
1754 1201 1974 1249 alienus‘l

324 1292 334 1312 ‘
356 1287 501 1334 Unde
539 1285 746 1334 orationi
786 1285 1025 1333 continuae
1059 1283 1314 1341 insistens„
1337 1300 1366 1331 a
1401 1283 1768 1346 longanimitate
1801 1283 2004 1332 caelestis

253 1369 518 1416 clementiae
543 1367 911 1415 illuminationis
930 1366 1087 1430 vipsius
1110 1365 1340 1414 beneficia
1372 1363 1632 1428 impetrare
1664 1382 1760 1413 non
1784 1365 1971 1413 desinas
1991 1383 2001 1413 t

253 1455 310 1498 ut
341 1450 564 1498 videlicet
600 1466 720 1513 quos
748 1449 991 1512 copulatio
1016 1448 1229 1497 carnalis
1257 1447 1455 1496 affectus
1478 1464 1631 1495 unum
1656 1448 2005 1511 quodammodo

254 1549 427 1595 corpus
452 1531 728 1580 exhibuisse
753 1537 1064 1590 monstratur,
1084 1530 1171 1579 hos
1196 1546 1388 1593 quoque
1406 1529 1569 1578 unitas
1592 1529 1708 1578 fidei
1731 1530 1876 1578 etiam
1896 1533 2007 1593 post

253 1616 397 1677 hujus
431 1615 547 1664 vitae
582 1614 841 1663 transitum
881 1613 934 1661 in
963 1618 1196 1677 perpetua
1232 1612 1457 1661 societate
1493 1618 1754 1661 conservet.
1826 1612 2005 1660 Insiste

254 1714 379 1760 ergo,
416 1697 626 1760 gloriosa
660 1696 775 1754 filia,
814 1699 863 1743 et
894 1696 1099 1743 summis
1135 1695 1388 1744 conatibus
1418 1695 1649 1744 duritiam
1674 1694 1830 1744 cordis
1855 1694 2006 1758 ipsius

252 1780 477 1843 religiosa
512 1779 792 1826 divinorum
827 1784 1180 1842 praeceptorum
1214 1777 1540 1826 insinuatione
1575 1779 1763 1826 mollire
1794 1793 2004 1826 summo-

252 1880 363 1925 pere
389 1863 668 1910 dematura:
706 1861 966 1909 infundens
991 1860 1209 1908 sensibus
1234 1862 1351 1922 ejus,
1377 1864 1614 1923 quantum
1630 1860 1697 1908 sit
1719 1860 2005 1924 praeclarum

255 1945 384 2008 quod
420 1944 653 1992 credendo
690 1942 944 2005 suscepisti
978 1942 1276 2006 mysterium,
1306 1948 1602 2005 quantumve
1632 1942 1696 1991 sit
1723 1942 2005 1991 admirabile

255 2028 383 2091 quod
418 2031 587 2075 renata
621 2026 875 2089 praemium
911 2027 1135 2090 consequi
1171 2025 1411 2074 meruisti.
1482 2025 1828 2089 Frigiditatem
1851 2025 2006 2074 cordis

254 2109 406 2174 ipsius
438 2109 592 2157 sancti
616 2108 833 2172 Spiritus
866 2107 1239 2157 adnunciatione
1268 2107 1503 2156 succende
1516 2123 1535 2167 <3
1573 2114 1810 2171 quatenus
1841 2111 2005 2156 ,amoto

253 2199 448 2256 torpore
495 2192 889 2256 perniciosissimi
931 2191 1105 2250 cultus,
1144 2190 1326 2238 divinae
1374 2190 1488 2238 fidei
1527 2190 1657 2238 calor
1691 2192 1792 2253 ejus
1827 2190 2006 2239 intelli-

254 2275 467 2339 gentiam
481 2281 677 2322 tuarum
702 2273 1098 2322 adhortationum
1122 2273 1511 2336 frequentatione
1531 2273 1801 2332 succendat,
1822 2276 1879 2321 ut
1895 2290 2006 2336 pro·

253 2359 378 2406 fecto
403 2374 546 2406 sacrae
562 2357 833 2420 ‘Scripturae
856 2356 1187 2405 testimonium
1201 2356 1219 2382 ²
1242 2372 1329 2419 per
1345 2360 1395 2403 te
1415 2355 1660 2418 expletum
1674 2354 2007 2404 indubitanter

254 2440 520 2503 perclareat
541 2457 551 2488 :
581 2444 608 2466 “
627 2440 905 2488 Salvabitur
923 2439 1001 2487 vir
1019 2436 1228 2486 infidelis
1246 2454 1334 2501 per
1351 2437 1603 2485 mulierem
1621 2437 1856 2485 fidelem.'’
1924 2437 2005 2486 Ad

252 2523 344 2569 hoc
393 2522 519 2569 enim
568 2522 946 2569 misericordiam
987 2520 1254 2569 Dominicae
1301 2518 1499 2582 pietatis
1541 2524 1798 2567 consecuta
1843 2535 1904 2578 es,
1949 2525 2006 2569 ut

256 2606 470 2652 fructum
506 2604 619 2651 fidei
654 2603 1039 2668 creditorumque
1073 2603 1164 2651 tibi
1198 2601 1542 2651 beneficiorum
1571 2601 1888 2665 Redemptori
1919 2607 2005 2650 tuo

214 2720 216 2722 -
258 2685 577 2749 multiplicem
614 2685 895 2749 resignares.
982 2685 1125 2746 Quod
1179 2678 1403 2748 equidem
1447 2684 1739 2746 suffragante
1779 2683 2006 2747 praesidio

257 2768 570 2831 benignitatis
611 2767 781 2830 ipsius,
819 2774 876 2816 ut
917 2769 1109 2831 explere
1146 2767 1320 2827 valeas,
1362 2766 1568 2815 assiduis
1604 2783 1704 2814 non
1731 2765 2008 2815 desistimus

261 2850 483 2914 precibus
505 2850 766 2913 postulare.

329 2931 452 2980 ‘His
499 2948 611 2995 ergo
652 2932 926 2995 praemissis,
974 2937 1188 2996 paternae
1225 2931 1364 2981 vobis
1411 2929 1685 2979 dilectionis
1727 2929 2005 2978 exhibentes

261 3014 427 3074 officia,
453 3014 714 3072 hortamur,
739 3018 796 3062 ut
819 3031 907 3062 nos
930 3020 1118 3077 reperta
1153 3013 1407 3078 portitoris
1431 3013 1690 3071 occasione,
1715 3013 1774 3060 de
1799 3011 1876 3059 his
1897 3029 2005 3075 quae

261 3114 348 3161 per
384 3113 468 3144 vos
501 3113 708 3160 superna
742 3097 958 3160 potentia
993 3096 1282 3145 mirabiliter
1316 3096 1368 3144 in
1403 3096 1763 3145 conversatione
1791 3095 2006 3159 conjugis

367 3220 381 3244 ¹
409 3219 635 3275 Scriptum]
658 3221 762 3261 Gen.
782 3221 824 3260 ii.
849 3233 910 3275 24.
1231 3221 1247 3244 ²
1274 3221 1562 3274 testimoniam]
1590 3234 1622 3264 1.
1642 3221 1723 3261 Cor
1739 3219 1810 3260 vii.
1833 3218 1895 3261 16.
