2216 3554
276 184 297 227 1
311 183 372 229 32
856 178 1085 230 Historia
1107 177 1445 226 Ecclesiastica
1815 174 1945 243 [Lm.
1971 191 2027 223 11.

270 327 473 360 munera
507 326 797 373 praerogare,
831 310 958 358 illud
997 310 1144 359 etiam
1192 309 1449 358 clementer
1495 307 1670 356 collata
1703 324 1802 356 suae
1835 308 2030 372 pictatis

270 393 602 442 munificentia
647 392 843 451 tribuit,
892 393 1081 456 quoties
1124 409 1212 455 per
1252 392 1489 439 fraternos
1523 390 1698 438 affatus
1733 390 2031 437 unianimam

271 475 581 524 dilectionem
616 474 824 538 quadam
863 475 1267 537 contemplatione
1313 473 1515 520 alternis
1550 472 1823 535 aspectibus
1858 489 2031 535 reprae-

272 562 443 606 sentat.
526 556 626 604 Pro
676 557 852 619 quibus
901 556 1144 619 majestati
1195 558 1298 618 ejus
1348 555 1531 619 gratias
1572 554 1902 602 indesinenter
1950 570 2032 601 ex-

271 639 519 698 solvimuS,
543 655 751 701 eumque
775 638 905 687 votis
940 638 1240 702 supplicibus
1273 654 1539 696 exoramus,
1566 642 1623 685 ut
1653 642 1864 684 vestram
1887 636 2032 684 dilec-

271 722 456 771 tionem
491 721 544 770 in
578 721 925 785 praedicatione
953 721 1211 784 Evangelii
1236 720 1537 768 laborantem
1561 723 1611 767 et
1644 718 2031 777 fructificantem,

272 810 632 868 sectantemque
650 803 875 867 magistri
899 807 949 851 et
973 804 1146 865 capitis
1163 803 1239 851 sui
1257 802 1412 851 sancti
1430 801 1656 863 Gregorii
1673 802 1905 864 regulam,
1924 818 2034 864 per-

271 887 375 951 peti
399 887 668 935 stabilitate
691 885 957 945 confirmet‚
985 891 1034 934 et
1057 886 1120 933 ad
1145 888 1463 947 augmentum
1487 883 1711 931 Ecclesiae
1729 901 1826 931 suae
1846 883 2036 945 potiora

272 986 361 1032 per
394 986 480 1017 vos
515 968 718 1017 suscitet
753 967 1053 1015 incrementa
1071 984 1085 1027 3
1122 971 1180 1014 ut
1215 967 1310 1015 fide
1339 971 1389 1014 et
1413 983 1567 1030 opere,
1593 966 1647 1013 in
1669 965 1844 1014 timore
1867 965 1964 1014 Dei
1987 972 2036 1013 et

273 1051 488 1111 caritate,
526 1055 690 1098 vestra
739 1049 1003 1112 adquisitio
1052 1050 1450 1111 decessorumque
1496 1051 1771 1097 vestrorum
1807 1066 1915 1113 quae
1949 1065 2037 1111 per

273 1133 455 1180 domini
492 1131 719 1196 Gregorii
755 1131 954 1179 exordia
986 1131 1210 1194 pullulat,
1238 1131 1612 1180 convalescendo
1636 1131 1845 1195 amplius
1869 1135 2037 1179 exten-

274 1218 447 1275 datur;
484 1220 539 1263 ut
562 1214 669 1276 ipsa
691 1230 777 1261 vos
801 1213 1033 1261 dominici
1052 1213 1232 1277 eloquii
1251 1213 1489 1276 promissa
1506 1214 1558 1261 in
1575 1215 1743 1261 futuro
1760 1213 2036 1276 respiciant,

272 1313 454 1361 vosque
469 1313 562 1345 vox
579 1295 675 1343 ista
693 1295 710 1321 ¹
734 1295 795 1343 ad
814 1300 1047 1343 aeternam
1063 1295 1382 1344 festivitatem
1405 1300 1595 1344 evocet:
1632 1299 1659 1320 “
1675 1295 1852 1343 Venite
1875 1296 1937 1343 ad
1961 1313 2038 1343 me

205 1431 210 1433 ,
273 1397 437 1430 omnes
474 1379 560 1443 qui
593 1378 825 1426 laboratis
862 1381 911 1426 et
946 1378 1135 1427 onerati
1171 1378 1301 1437 estis,
1331 1383 1380 1427 et
1414 1394 1503 1441 ego
1538 1377 1751 1427 reficiam
1774 1378 1903 1427 vos.''
1973 1380 2039 1426 Et

272 1460 516 1512 iterum²t
558 1465 586 1487 “
603 1460 758 1524 Euge,
785 1477 922 1509 serve
957 1461 1081 1509 bone
1117 1467 1165 1509 et
1190 1461 1346 1509 fidelis
1363 1479 1377 1522 3
1416 1462 1533 1526 quia
1567 1478 1711 1524 super
1728 1478 1882 1525 pauca
1899 1461 2039 1510 fuisti

273 1545 444 1605 fidelis,
483 1561 627 1607 super
661 1544 818 1591 multa
852 1549 902 1591 te
937 1543 1265 1592 constituam:
1314 1543 1446 1592 intra
1480 1543 1532 1591 in
1567 1544 1801 1607 gaudium
1836 1544 2038 1593 Domini

273 1627 390 1677 tui.”
474 1628 540 1674 Et
575 1643 661 1674 nos
698 1625 936 1690 equidem,
969 1626 1146 1674 fratres
1181 1625 1433 1680 carissimi,
1459 1625 1562 1674 haec
1586 1625 1726 1674 vobis
1749 1643 1838 1690 pro
1862 1633 2040 1675 aeterna

275 1711 476 1760 caritate
500 1708 854 1758 exhortationis
881 1708 1030 1756 verba
1063 1708 1428 1772 praemittentes,
1455 1726 1562 1772 quae
1587 1725 1756 1756 rursus
1779 1726 1868 1772 pro
1891 1710 2039 1758 eccle-

276 1793 458 1840 siarum
491 1797 764 1840 vestrarum
799 1790 1072 1854 privilegiis
1108 1807 1374 1854 congruere
1406 1807 1547 1854 posse
1583 1791 1916 1854 conspicimus,
1942 1809 2039 1839 non

275 1873 550 1922 desistimus
586 1872 851 1936 impertire.
922 1872 993 1919 Et
1027 1876 1129 1919 tam
1158 1873 1305 1936 juxta
1328 1876 1542 1921 vestram
1566 1872 1867 1935 petitionem,
1893 1891 2039 1937 quam

276 1956 488 2004 filiorum
523 1959 804 2002 nostrorum
844 1970 1018 2017 regum
1050 1953 1189 2002 vobis
1225 1971 1313 2017 per
1347 1957 1634 2017 praesentem
1668 1960 1883 2002 nostram
1918 1972 2039 2018 prae-

278 2037 548 2101 ceptionem
581 2035 686 2084 vice
721 2036 853 2084 beati
889 2035 1024 2084 Petri
1058 2037 1391 2099 apostolorum
1425 2035 1663 2100 principis
1699 2037 2040 2085 auctoritatem

277 2119 550 2178 tribuimus,
577 2124 634 2166 ut
659 2118 852 2181 quando
875 2135 1030 2166 unum
1062 2135 1123 2166 ex
1146 2118 1285 2166 vobis
1309 2118 1478 2167 divina
1501 2118 1563 2165 ad
1587 2135 1636 2167 se
1654 2119 1856 2182 jusserit
1880 2121 2042 2183 gratia

278 2200 456 2259 vocari,
494 2201 536 2248 is
571 2201 658 2264 qui
696 2205 938 2264 superstes
971 2201 1120 2249 fuerit
1157 2201 1363 2249 alterum
1399 2201 1450 2247 in
1485 2201 1592 2248 loco
1627 2201 1847 2249 defuncti
1870 2202 2042 2250 debeat

279 2284 558 2347 episcopum
581 2283 821 2331 ordinare.
891 2283 992 2331 Pro
1017 2300 1112 2347 qua
1136 2283 1286 2331 etiam
1309 2300 1363 2331 re
1387 2283 1577 2346 singula
1595 2287 1767 2332 vestrae
1790 2284 2041 2333 dilectioni

278 2367 427 2431 pallia
449 2384 537 2430 pro
561 2366 727 2414 eadem
751 2366 1057 2415 ordinatione
1078 2366 1364 2414 celebranda
1384 2365 1666 2426 direximus,
1686 2371 1742 2414 ut
1764 2353 1852 2430 per
1866 2371 2041 2416 nostrae

280 2449 620 2513 praeceptionis
664 2449 1005 2497 auctoritatem
1051 2448 1248 2512 possitis
1285 2448 1390 2496 Deo
1425 2448 1655 2512 placitam
1690 2449 2040 2498 ordinationem

281 2532 464 2580 efficere
482 2548 496 2591 3
533 2531 650 2594 quia
674 2537 730 2580 ut
754 2531 855 2579 haec
878 2531 1017 2579 vobis
1041 2531 1423 2589 concederemus,
1442 2531 1588 2594 longa
1611 2535 1855 2579 terrarum
1874 2532 2042 2580 maris-

283 2631 378 2678 que
412 2613 684 2671 intervalla,
722 2629 831 2676 quae
867 2613 996 2661 inter
1025 2630 1112 2660 nos
1136 2630 1191 2661 ac
1214 2629 1301 2662 vos
1326 2612 1584 2672 obsistunt,
1609 2613 1671 2660 ad
1694 2613 1797 2662 haec
1818 2630 1906 2661 nos
1929 2630 2041 2662 con-

284 2695 571 2744 descendere
621 2701 893 2759 coegerunt,
943 2700 1001 2744 ut
1049 2695 1183 2743 nulla
1230 2695 1384 2759 possit
1430 2695 1739 2744 ecclesiarum
1772 2700 2043 2744 vestrarum

277 2779 469 2842 jactura
510 2794 596 2841 per
643 2778 901 2840 cujuslibet
936 2778 1194 2826 occasionis
1232 2777 1486 2826 obtentum
1521 2794 1716 2841 quoquo
1750 2778 1894 2826 modo
1929 2796 2043 2842 pro-

285 2859 483 2919 venire;
537 2859 620 2907 sed
656 2859 818 2922 potius
854 2860 1098 2908 commissi
1130 2859 1270 2908 vobis
1306 2860 1477 2924 populi
1513 2860 1820 2908 devotionem
1851 2859 2043 2923 plenius

282 2947 566 3005 propagare.
652 2941 786 2989 Deus
832 2947 882 2989 te
916 2941 1206 2990 incolumem
1241 2942 1496 3000 custodiat,
1533 2942 1844 2990 dilectissime
1878 2941 2042 2990 frater.

288 3026 417 3073 Data
454 3024 532 3072 die
580 3022 727 3071 tertio
781 3023 950 3071 iduum
991 3024 1030 3073 J
1031 3025 1149 3085 unii,
1198 3025 1551 3088 imperantibus
1607 3024 1815 3073 dominis
1865 3025 2043 3073 nostris

288 3106 539 3172 Augustis,
587 3105 816 3155 Heraclio
876 3123 1002 3155 anno
1060 3107 1288 3157 vicesimo
1347 3111 1536 3172 quarto,
1583 3113 1694 3171 post
1739 3107 2042 3156 consulatum

401 3237 415 3260 ¹
444 3250 521 3277 vox
540 3235 641 3289 ista]
674 3235 802 3276 Matt.
825 3234 881 3274 xi.
903 3235 968 3276 82.
1101 3264 1106 3284 ,
1418 3236 1435 3258 ²
1462 3236 1630 3289 iterum]
1661 3236 1726 3278 Ib.
1746 3249 1844 3278 xxv.
1869 3249 1932 3288 23.
