2216 3554
326 187 422 234 326
891 186 1120 234 Historia
1156 186 1496 236 Ecclesiastica
1875 188 2006 259 [Lm.
2022 208 2073 244 v.

321 316 537 378 singulos
571 315 727 364 latum
763 316 944 365 habens
979 318 1190 381 spatium
1220 319 1327 378 viae,
1357 337 1465 383 quae
1497 319 1593 368 tria
1625 320 1799 370 altaria
1829 321 1880 370 in
1914 323 2073 372 tribus

321 399 438 446 locis
485 398 682 461 parietis
730 399 878 448 medii
926 401 1155 456 continet,
1190 402 1282 450 hoc
1323 407 1410 460 est,
1450 403 1665 463 australi,
1708 405 1986 468 aquilonali,
2024 411 2073 454 et

319 480 615 529 occidentali.
688 480 810 530 Haec
833 482 908 530 bis
934 480 1191 546 quaternas
1216 488 1396 546 portas,
1423 484 1472 531 id
1498 490 1585 544 est,
1606 485 1838 535 introitus
1862 505 1948 551 per
1971 493 2072 536 tres

319 579 344 609 e
381 562 575 626 regione
615 564 822 627 parietes
869 565 1029 624 habet,
1066 582 1091 613 e
1128 565 1304 629 quibus
1341 573 1555 630 quatuor
1588 568 1650 615 ad
1686 569 1987 628 vulturnum,
2024 578 2073 619 et

318 651 528 708 quatuor
572 647 635 695 ad
675 641 848 695 eurum⁴
893 653 1127 711 spectant.
1199 649 1367 712 Hujus
1410 649 1462 696 in
1503 650 1663 697 medio
1706 656 2072 701 monumentum

318 728 519 776 Domini
554 730 819 776 rotundum
859 735 997 792 petra
1032 729 1246 777 excisum
1282 735 1368 790 est,
1393 733 1529 793 cujus
1559 732 1752 780 culmen
1781 733 2072 783 intrinsecus

318 817 450 858 stans
475 810 619 858 homo
644 827 791 858 manu
812 809 1087 873 contingere
1106 815 1280 874 potest,
1299 813 1360 860 ab
1385 812 1571 860 oriente
1597 813 1776 862 habens
1799 815 2071 875 introitum,

321 894 397 940 cui
444 893 568 957 lapis
615 892 697 940 ille
740 908 942 955 magnus
989 892 1237 955 adpositus
1272 900 1374 954 est;
1423 895 1552 957 quod
1600 895 1891 944 intrinsecus
1925 897 2073 945 ferra-

317 981 592 1023 mentorum
616 974 821 1036 vestigia
845 991 998 1037 usque
1024 975 1075 1022 in
1099 963 1310 1038 praesens
1334 977 1560 1026 ostendit.
1621 978 1750 1025 Nam
1775 979 2071 1028 extrinsecus

316 1074 469 1120 usque
515 1058 576 1105 ad
624 1057 848 1105 culminis
897 1057 1229 1105 summitatem
1271 1061 1432 1106 totum
1474 1076 1714 1109 marmore
1759 1066 1941 1110 tectum
1983 1069 2070 1112 est.

317 1140 570 1188 Summum
606 1157 719 1188 vero
756 1139 943 1187 culmen
981 1156 1100 1188 auro
1142 1146 1383 1200 ornatum,
1419 1158 1614 1190 auream
1655 1160 1879 1207 magnam
1913 1151 2071 1208 gestat

310 1239 516 1270 crucem.
590 1222 651 1269 In
675 1221 820 1284 hujus
845 1238 960 1285 ergo
985 1223 1290 1271 monumenti
1313 1223 1579 1287 aquilonali
1603 1230 1740 1289 parte
1765 1227 2039 1290 sepulcrum
2055 1226 2071 1254 ¹

310 1304 515 1355 Domini
555 1305 608 1352 in
644 1304 811 1352 eadem
852 1314 991 1367 petra
1032 1305 1259 1364 excisum,
1299 1306 1619 1370 longitudinis
1657 1314 1840 1372 septem
1878 1309 2070 1373 pedum,

313 1388 468 1435 trium
502 1404 726 1435 mensura
761 1387 1033 1451 palmarum
1068 1388 1346 1451 pavimento
1381 1389 1528 1437 altius
1564 1391 1774 1450 eminet;
1812 1391 2069 1440 introitum

313 1471 494 1520 habens
525 1488 554 1518 a
584 1471 734 1518 latere
759 1469 1041 1529 meridiano,
1066 1470 1151 1519 ubi
1176 1471 1254 1518 die
1283 1475 1524 1535 noctuque
1548 1473 1798 1521 duodecim
1825 1474 2071 1537 lampades

312 1554 499 1612 ardent,
525 1560 735 1617 quatuor
759 1553 888 1601 intra
918 1553 1206 1617 sepulcrum,
1238 1559 1346 1602 octo
1377 1571 1523 1618 supra
1554 1554 1606 1602 in
1638 1555 1852 1618 margine
1877 1557 2063 1606 dextro.

312 1634 498 1699 Lapis2
531 1635 616 1700 qui
647 1635 708 1683 ad
740 1635 920 1683 ostium
945 1635 1245 1685 monumenti
1278 1637 1466 1700 positus
1495 1643 1614 1695 erat,
1639 1653 1767 1686 nunc
1799 1638 1940 1687 fissus
1962 1643 2036 1687 est
2053 1658 2067 1701 ;

312 1720 453 1781 cujus
495 1735 609 1782 pars
652 1717 812 1766 minor
848 1718 1137 1781 quadratum
1179 1718 1348 1778 altare,
1384 1725 1496 1768 ante
1537 1719 1717 1768 ostium
1753 1720 2068 1770 nihilominus

311 1803 525 1867 ejusdem
550 1801 853 1850 monumenti
878 1805 1005 1861 stat3
1043 1801 1198 1865 major
1219 1818 1335 1851 vero
1359 1801 1411 1850 in
1436 1803 1662 1851 orientali
1688 1803 1900 1866 ejusdem
1924 1806 2068 1854 eccle-

311 1886 395 1934 siae
432 1887 536 1934 loco
574 1885 965 1949 quadrangulum
1000 1885 1136 1934 aliud
1170 1885 1325 1934 altare
1364 1886 1455 1935 sub
1489 1886 1852 1936 linteaminibus
1891 1895 2064 1939 exstat.

313 1969 455 2017 Color
480 1974 642 2016 autem
677 1969 892 2031 ejusdem
925 1967 1224 2016 monumenti
1254 1974 1304 2018 et
1337 1969 1546 2034 sepulcri
1575 1970 1684 2019 albo
1716 1975 1764 2019 et
1795 1972 2067 2022 rubicundo

310 2051 579 2115 permixtus
605 2067 705 2099 esse
730 2050 953 2100 videtur.'

997 2267 1144 2318 OAP.
1182 2268 1361 2319 XVII.

395 2389 491 2438 Quae
509 2389 605 2431 item
624 2391 673 2431 de
693 2390 776 2432 loco
795 2392 1043 2433 ascensionis
1062 2392 1307 2444 Dominicoe,
1325 2399 1362 2433 et
1387 2393 1611 2446 sqmlchris
1633 2394 1983 2446 patriarcharum.

375 2501 458 2549 DE
494 2502 598 2551 loco
636 2520 830 2567 quoque
868 2504 1137 2554 Dominicae
1174 2505 1468 2554 ascensionis
1503 2506 1736 2570 praefatus
1775 2512 1941 2556 auctor
1976 2508 2066 2557 hoc

308 2585 452 2631 modo
475 2585 637 2634 refert.
708 2592 718 2611 ‘
737 2586 879 2635 Mons
913 2586 1200 2636 Olivarum³
1232 2589 1491 2638 altitudine
1526 2590 1683 2638 monti
1715 2589 1833 2639 Sion
1864 2608 1953 2655 par
1976 2599 2064 2650 est,

308 2666 391 2714 sed
423 2666 683 2715 latitudine
717 2676 766 2717 et
799 2669 1105 2734 longitudine
1138 2677 1350 2735 praestat,
1377 2673 1591 2735 exceptis
1623 2673 1810 2721 vitibus
1842 2680 1890 2722 et
1922 2674 2064 2723 olivis

307 2766 430 2798 rarae
462 2750 598 2797 ferax
630 2751 830 2811 arboris,
856 2753 1088 2802 frumenti
1121 2770 1313 2817 quoque
1346 2759 1395 2803 et
1430 2755 1598 2803 hordei
1629 2755 1820 2805 fertilis.
1891 2756 2064 2821 Neque

307 2833 439 2888 enim
466 2832 671 2880 brucosa
685 2830 716 2891 4,
743 2834 826 2881 sed
861 2834 1064 2884 herbosa
1089 2842 1138 2885 et
1171 2837 1344 2885 florida
1368 2838 1458 2886 soli
1482 2838 1615 2886 illius
1640 2845 1712 2887 est
1737 2839 1942 2902 qualitas
1963 2857 1973 2887 :
2009 2840 2062 2887 in

307 2916 444 2979 cujus
479 2931 666 2963 summo
700 2916 896 2976 vertice,
933 2918 1019 2966 ubi
1056 2919 1294 2968 Dominus
1330 2921 1391 2969 ad
1427 2921 1567 2970 caelos
1603 2922 1832 2982 ascendit,
1865 2922 2062 2971 ecclesia

360 3024 374 3046 ¹
404 3023 652 3076 sepulcrum]
676 3025 913 3073 Adamnan,
933 3027 959 3066 i.
983 3040 1020 3078 3.
1214 3030 1338 3082 sbarp
1366 3030 1518 3077 stakes,
1540 3031 1713 3083 palings.
1771 3032 1940 3084 Hussey
1968 3045 2062 3083 sug-

359 3078 375 3100 ²
404 3079 553 3132 Lapis]
574 3080 638 3118 Ib.
658 3080 686 3118 i.
707 3092 746 3131 4.
1212 3089 1325 3137 gests
1371 3085 1466 3124 that
1505 3084 1726 3126 ‘brucosa'
1764 3100 1863 3139 may
1899 3086 1950 3126 be
1989 3087 2060 3125 the

359 3134 375 3157 ³
404 3135 457 3173 M
456 3148 526 3175 ons
551 3134 782 3188 Olivaram]
800 3135 865 3175 Ib.
885 3137 913 3176 i.
936 3149 999 3176 22.
1213 3139 1420 3192 adjective
1448 3140 1552 3179 from
1580 3141 1666 3181 this
1695 3142 1819 3188 word,
1841 3141 1922 3180 and
1950 3154 2058 3180 com·

360 3187 376 3211 ⁴
402 3189 589 3241 brucosa]
639 3190 816 3239 Broccae,
853 3191 1027 3241 brochae,
1067 3193 1157 3232 bro·
1211 3207 1332 3246 pares
1360 3195 1431 3234 the
1460 3195 1620 3236 French
1644 3201 1654 3217 ⁸
1669 3194 1847 3243 broche,’
1875 3195 1959 3237 and
1986 3196 2058 3237 the

305 3243 419 3291 chiae,
440 3245 662 3296 according
690 3248 735 3285 to
763 3246 834 3284 Du
862 3246 1014 3298 Gange,
1036 3261 1158 3287 mean
1213 3249 1390 3302 English
1412 3251 1589 3291 ‘brush.'
