2216 3554
371 252 435 298 90
944 248 1172 297 Historia
1206 247 1543 298 Ecclesia-stica
1910 244 2042 315 [LIB.
2061 263 2119 297 Π.

362 378 417 427 in
441 378 649 428 confinio
674 378 990 427 Huicciorum
1024 384 1074 429 et
1109 380 1489 429 Occidentalium
1521 379 1778 439 Saxonum,
1805 379 2110 442 appellatur:
2163 412 2167 414 -

370 462 610 526 coepitque
649 461 716 509 eis
755 462 971 510 fraterna
1011 462 1341 512 admonitione
1383 463 1595 520 suadere,
1638 466 1696 509 ut
1735 478 1851 525 pace
1892 461 2123 509 catholica

370 562 531 593 secum
566 543 746 603 habita,
784 560 1088 592 communem
1123 544 1487 608 evangelizandi
1525 544 1752 607 gentibus
1787 560 1877 607 pro
1913 543 2123 591 Domino

369 627 584 675 laborem
609 626 920 689 susciperent.
991 628 1108 675 Non
1132 628 1261 675 enim
1297 627 1486 691 paschae
1502 627 1518 653 1
1548 626 1860 674 Dominicum
1883 626 2012 674 diem
2036 642 2123 673 suo

369 714 601 772 tempore,
627 709 710 757 sed
734 726 762 757 a
786 715 959 774 quarta
984 711 1167 770 decima
1201 727 1355 773 usque
1387 710 1448 758 ad
1471 710 1747 758 vicesimam
1771 709 1937 757 lunam
1963 710 2123 757 obser-

370 791 581 840 vabant:
632 808 738 854 quse
779 792 1075 854 computatio
1118 792 1366 856 octoginta
1412 796 1620 856 quatuor
1660 808 1898 839 annorum
1944 791 2125 839 circulo

372 873 660 922 continetur.
733 872 830 922 Sed
854 880 901 922 et
927 874 1022 921 alia
1045 873 1284 937 plurima²
1316 874 1497 922 unitati
1529 873 1860 922 ecclesiasticae
1886 873 2127 921 contraria

371 955 620 1004 faciebant.
691 955 789 1017 Qui
814 973 922 1003 cum
957 956 1104 1019 longa
1140 956 1468 1019 disputatione
1501 957 1680 1015 habita,
1705 973 1860 1019 neque
1888 955 2124 1019 precibus,

373 1054 528 1101 neque
550 1038 885 1097 hortamentis,
902 1055 1059 1101 neque
1083 1039 1494 1102 increpationibus
1517 1037 1786 1102 Augustini
1808 1055 1864 1087 ac
1889 1037 2127 1085 sociorum

374 1121 477 1183 ejus
512 1137 757 1169 assensum
793 1121 1009 1184 praebere
1046 1121 1327 1182 voluissent,
1366 1122 1449 1171 sed
1487 1139 1597 1170 suas
1638 1122 1802 1185 potius
1840 1119 2128 1169 traditiones

373 1203 627 1262 universis,
666 1220 773 1266 quae
810 1220 899 1266 per
927 1204 1092 1252 orbem
1129 1204 1224 1252 sibi
1258 1204 1310 1251 in
1348 1204 1542 1253 Christo
1577 1204 1882 1261 concordant,
1919 1202 2129 1250 ecclesiis

374 1287 667 1349 praeferrent,
691 1291 885 1335 sanctus
910 1292 1051 1350 pater
1074 1285 1383 1350 Augustinus
1414 1287 1543 1335 hunc
1574 1286 1804 1335 laboriosi
1829 1292 1974 1348 atque
1997 1285 2130 1348 longi

375 1368 649 1417 certaminis
673 1368 818 1415 finem
842 1368 971 1427 fecit,
991 1374 1048 1416 ut
1073 1368 1255 1417 diceret
1276 1386 1286 1417 :
1327 1373 1338 1395 ‘
1353 1369 1670 1418 Obsecremus
1685 1368 1860 1428 Deum,
1883 1369 1970 1431 qui
1993 1367 2130 1416 habi-

374 1455 478 1498 tare
514 1451 631 1499 facit
654 1451 908 1499 unanimes
948 1450 1001 1498 in
1036 1451 1178 1499 domo
1212 1451 1371 1499 Patris
1396 1451 1486 1510 sui,
1510 1459 1568 1500 ut
1591 1451 1696 1514 ipse
1720 1452 1860 1500 nobis
1883 1450 2132 1499 insinuare

375 1533 644 1582 caelestibus
670 1533 821 1597 signis
845 1534 1089 1596 dignetur,
1110 1551 1219 1598 quae
1245 1535 1488 1598 sequenda
1511 1534 1727 1593 traditio,
1753 1533 1929 1597 quibus
1953 1533 2016 1581 sit
2039 1531 2132 1580 viis

375 1616 437 1663 ad
484 1616 756 1679 ingressum
800 1616 937 1680 regni
983 1616 1114 1664 illius
1168 1617 1544 1680 properandum.
1627 1613 1915 1664 Adducatur
1959 1614 2133 1678 aliquis

376 1714 518 1761 aeger,
544 1703 593 1745 et
624 1714 710 1761 per
733 1701 867 1760 cujus
890 1715 1054 1762 preces
1088 1698 1237 1746 fuerit
1271 1703 1480 1757 curatus,
1506 1698 1652 1761 hujus
1681 1697 1800 1746 fides
1829 1701 1879 1745 et
1914 1696 2132 1760 operatio

377 1781 481 1828 Deo
529 1782 704 1829 devota
749 1787 894 1844 atque
941 1782 1166 1830 omnibus
1214 1781 1456 1845 sequenda
1497 1780 1748 1828 credatur.’
1833 1779 1975 1839 Quod
2021 1795 2133 1826 cum

376 1862 638 1910 adversarii
663 1863 806 1910 inviti
839 1863 951 1911 licet
981 1863 1307 1922 concederent,
1332 1863 1510 1910 allatus
1543 1866 1617 1910 est
1651 1862 1849 1925 quidam
1877 1861 1936 1909 de
1960 1877 2132 1924 genere

376 1942 665 2007 Anglorum,
693 1945 941 1992 oculorum
965 1945 1068 1993 luce
1091 1945 1314 2008 privatus
1336 1962 1346 1992 ε
1384 1944 1469 2007 qui
1494 1961 1604 1992 cum
1634 1944 1823 1991 oblatus
1847 1943 2133 1991 Brittonum

378 2027 717 2086 sacerdotibus,
766 2027 836 2074 nil
883 2027 1149 2075 curationis
1197 2027 1276 2075 vel
1322 2026 1587 2075 sanationis
1635 2026 1807 2074 horum
1863 2025 2134 2074 ministerio

377 2107 681 2171 perciperet3
742 2109 938 2157 tandem
985 2108 1295 2173 Augustinus
1333 2111 1467 2172 justa
1511 2107 1796 2156 necessitate
1843 2108 2133 2171 compulsus,

378 2190 534 2239 flectit
569 2208 725 2255 genua
760 2209 847 2240 sua
882 2192 945 2239 ad
977 2191 1178 2241 Patrem
1215 2192 1416 2240 Domini
1450 2191 1606 2239 nostri
1642 2190 1672 2239 J
1677 2198 1760 2239 esu
1805 2190 2007 2250 Christi,
2051 2191 2134 2239 de-

378 2290 578 2336 precans
613 2279 671 2322 ut
692 2275 855 2323 visum
891 2292 1031 2334 caeco,
1066 2291 1211 2338 quem
1246 2275 1488 2333 amiserat,
1514 2273 1808 2333 restitueret,
1834 2278 1883 2321 et
1917 2289 2003 2336 per
2025 2273 2136 2320 illu-

378 2354 694 2404 minationem
741 2357 887 2405 unius
935 2357 1146 2405 hominis
1194 2357 1508 2420 corporalem,
1546 2356 1599 2403 in
1637 2356 1959 2419 plurimorum
1995 2356 2136 2404 corde

379 2438 596 2486 fidelium
621 2439 852 2502 spiritalis
876 2441 1085 2503 gratiam
1118 2440 1239 2489 lucis
1271 2440 1565 2488 accenderet.
1638 2439 1745 2487 Nec
1778 2456 1926 2498 mora,
1952 2439 2135 2487 illumi-

379 2526 524 2568 natur
542 2538 708 2581 caecus,
728 2539 782 2575 ac
799 2539 944 2570 verus
970 2540 1170 2571 summae
1194 2523 1316 2571 lucis
1339 2539 1500 2586 praeco
1523 2522 1584 2570 ab
1603 2521 1828 2570 omnibus
1847 2522 2137 2585 praedicatur

380 2602 702 2667 Augustinus.
771 2605 898 2652 Tum
932 2605 1189 2653 Brettones
1221 2606 1516 2653 confitentur
1539 2604 1735 2667 quidem
1764 2604 2061 2652 intellexisse
2085 2621 2136 2652 se

379 2702 543 2733 veram
568 2702 669 2733 esse
693 2685 822 2733 viam
841 2688 1048 2749 justitiae
1072 2705 1219 2752 quam
1250 2687 1537 2751 praedicaret
1561 2686 1895 2751 Augustinus:
1933 2686 2016 2735 sed
2039 2702 2137 2734 non

382 2815 503 2862 shire,
523 2828 568 2855 as
594 2815 658 2854 far
685 2829 730 2855 as
757 2815 832 2855 the
859 2817 1032 2856 modern
1060 2817 1229 2869 Rugby.
1286 2816 1543 2864 cestemhire,
1564 2819 1610 2856 at
1635 2815 1708 2856 the
1737 2816 1922 2868 opposite
1949 2817 2068 2869 point
2092 2820 2136 2856 to

383 2870 646 2911 Somewhere
676 2871 800 2922 along
818 2872 902 2910 this
921 2873 1006 2911 line
1025 2872 1230 2912 therefore
1288 2873 1518 2924 Chepstow.
1563 2871 1606 2910 ‘I
1621 2884 1690 2910 am
1708 2871 1892 2911 inclined
1905 2875 1949 2911 to
1963 2872 2136 2917 believe,

384 2930 498 2965 must
525 2926 633 2965 have
661 2925 764 2964 been
795 2926 867 2965 the
897 2927 976 2966 site
1005 2928 1051 2965 of
1066 2928 1232 2979 Augus·
1286 2927 1491 2976 however,
1522 2926 1618 2966 that
1650 2926 1723 2966 the
1761 2927 1890 2979 synod
1922 2940 2006 2966 was
2039 2926 2138 2965 held

385 2981 566 3021 tinaesac.
621 2980 722 3019 This
756 2985 854 3031 puts
881 2994 993 3020 more
1021 2982 1127 3021 than
1156 2996 1232 3021 one
1286 2986 1361 3021 not
1380 2983 1425 3020 in
1445 2995 1470 3021 a
1485 2985 1609 3031 town,
1625 2981 1703 3020 but
1718 2981 1849 3020 under
1863 2995 1918 3020 an
1936 2981 2133 3029 oak-tree,

385 3035 583 3075 claimant
602 3039 647 3074 to
665 3035 717 3074 be
736 3035 809 3074 the
834 3036 974 3074 actual
992 3040 1081 3075 seat
1101 3037 1148 3076 of
1161 3036 1232 3076 the
1288 3050 1313 3076 a
1332 3040 1490 3076 custom
1507 3036 1554 3074 of
1570 3035 1704 3075 which
1717 3035 1833 3087 early
1847 3036 2139 3075 ecclesiastical

386 3090 550 3129 couneil
569 3093 613 3129 at
638 3103 738 3129 once
766 3094 839 3129 out
867 3091 911 3129 of
929 3091 1004 3129 the
1028 3091 1232 3142 question.
1287 3090 1661 3144 historyfurnishes
1672 3088 2136 3142 numerousexamples?

387 3145 464 3185 See
484 3145 680 3190 eamden,
700 3145 745 3185 ii.
765 3157 859 3197 490.
914 3145 1002 3184 The
1021 3149 1127 3184 most
1146 3159 1234 3197 pro-
1290 3146 1406 3186 Stev,

387 3199 510 3239 bable
543 3213 665 3251 guess
700 3199 735 3238 is
767 3200 880 3240 Aust
910 3213 956 3239 or
987 3201 1234 3246 Aust—clive,
1345 3201 1360 3224 ¹
1380 3199 1570 3251 paschae]
1591 3199 1669 3239 See
1687 3202 1783 3239 note
1801 3202 1844 3238 to
1862 3198 1935 3238 lib.
1955 3213 1994 3240 v,
2014 3212 2050 3239 c.
2074 3210 2137 3249 23.
2204 3176 2216 3202 i

388 3254 524 3293 where
573 3255 689 3294 there
734 3255 771 3294 is
817 3268 843 3294 a
879 3253 990 3306 serry
1027 3268 1125 3293 over
1161 3255 1235 3293 the
1344 3255 1359 3278 ²
1387 3255 1479 3294 alia
1490 3255 1701 3306 plurima]
1719 3254 1795 3293 See
1807 3253 2093 3306 Lappenberg,
2111 3255 2138 3294 i.

389 3309 558 3361 Severn,
590 3313 634 3349 to
660 3309 733 3349 the
766 3309 1008 3349 south-west
1041 3309 1088 3349 of
1109 3309 1235 3349 Glou·
1295 3320 1374 3361 134
1396 3310 1612 3362 (Thorpe's
1631 3309 1910 3360 translation).
