2216 3554
329 193 427 238 220
907 192 1136 241 Historia
1170 193 1220 240 E
1222 194 1508 242 eclesiastica
1857 193 1991 264 [LIB.
2007 212 2082 246 IV.

326 333 517 366 morum
541 334 738 367 suorum
763 319 815 368 in
840 322 1066 370 omnibus
1098 322 1324 385 operibus
1356 322 1455 370 suis
1486 338 1686 381 memor,
1711 326 1768 371 ut
1801 323 1927 372 sicut
1956 324 2081 372 mihi

376 446 449 481 His
464 448 629 488 practice
671 402 820 452 frater
838 405 1037 468 quidam
1057 405 1117 453 de
1141 404 1209 452 eis
1233 405 1317 468 qui
1341 422 1418 452 me
1443 404 1495 451 in
1513 404 1778 468 Scripturis
1797 407 2083 468 erudiebant

431 496 571 539 during
671 494 720 538 et
767 494 871 536 erat
921 487 973 534 in
1021 487 1312 535 monasterio
1359 504 1414 535 ac
1462 487 1739 551 magisterio
1786 489 1918 537 illius
1967 490 2080 537 edu-

426 546 576 581 storms.
670 578 819 630 catuS,
852 569 1085 618 vocabulo
1118 569 1417 630 Trumberct,
1451 570 1630 618 referre
1663 571 1856 630 solebat,
1884 571 1926 619 si
1959 572 2084 619 forte

326 651 516 716 legente
552 670 608 702 eo
643 655 722 702 vel
762 653 896 701 aliud
931 652 1051 716 quid
1093 658 1282 716 agente,
1323 656 1521 715 repente
1559 653 1703 700 flatus
1743 653 1879 701 venti
1931 656 2084 716 major

325 735 626 799 adsurgeret,
664 736 896 785 continuo
933 735 1317 783 misericordiam
1354 735 1555 783 Domini
1590 734 1851 795 invocaret,
1887 740 1936 783 et
1977 753 2083 784 eam

326 819 492 881 generi
539 819 752 867 humano
794 818 1054 882 propitiari
1094 825 1302 881 rogaret.
1377 819 1429 868 Si
1467 826 1631 868 autem
1669 819 1930 867 violentior
1966 835 2085 866 aura

325 901 590 960 insisteret,
612 905 714 964 jam
738 902 897 949 clauso
922 901 1082 949 codice
1105 902 1377 964 procideret
1400 903 1453 950 in
1477 902 1663 962 faciem,
1689 907 1833 966 atque
1858 901 2085 949 obnixius

327 984 536 1032 orationi
568 985 880 1033 incumberet.
950 982 1027 1031 At
1059 984 1102 1032 si
1134 985 1345 1047 procella
1378 984 1566 1044 fortior,
1592 991 1677 1033 aut
1702 985 1894 1032 nimbus
1919 1000 2086 1047 perur-

327 1073 478 1130 geret,
513 1068 591 1115 vel
628 1067 777 1115 etiam
812 1068 997 1115 corusci
1033 1083 1088 1114 ac
1128 1067 1347 1115 tonitrua
1389 1072 1546 1115 terras
1581 1072 1631 1116 et
1665 1084 1776 1115 aera
1811 1071 2083 1126 terrerentj,

327 1153 447 1197 tunc
464 1150 661 1198 veniens
685 1150 749 1197 ad
767 1149 1018 1197 ecclesiam
1043 1149 1280 1198 sollicitus
1305 1149 1604 1198 orationibus
1621 1166 1676 1197 ac
1698 1149 1912 1213 psalmis,
1934 1148 2086 1197 donec

328 1233 562 1282 serenitas
597 1233 722 1282 aeris
760 1233 954 1293 rediret,
991 1232 1090 1280 fixa
1130 1238 1294 1281 mente
1328 1236 1535 1281 vacaret.
1622 1232 1842 1295 Cumque
1879 1232 2083 1280 interro·

328 1320 528 1380 garetur
556 1335 585 1365 a
619 1316 732 1374 suis,
765 1333 914 1379 quare
950 1315 1040 1364 hoc
1075 1316 1255 1364 faceret
1271 1332 1286 1375 ;
1321 1315 1672 1379 respondebat:
1713 1314 1853 1361 ‘Non
1882 1314 2083 1377 legistis,

329 1399 475 1462 quia1
514 1398 776 1446 “intonuit
812 1398 873 1446 de
911 1398 1026 1446 caelo
1062 1397 1318 1458 Dominus,
1354 1402 1404 1446 et
1439 1396 1720 1445 Altissimus
1755 1396 1888 1444 dedit
1918 1413 2085 1444 vocem

329 1497 481 1529 suam.
553 1481 692 1529 Misit
727 1480 929 1544 sagittas
961 1497 1086 1539 suas,
1120 1486 1170 1528 et
1204 1480 1464 1544 dissipavit
1494 1497 1588 1539 eos,
1622 1479 1816 1543 fulgura
1847 1477 2085 1541 multipli-

329 1563 474 1623 cavit,
500 1569 550 1612 et
582 1563 891 1612 conturbavit
915 1580 996 1611 eos
1016 1565 1032 1611 2
1050 1563 1074 1584 ''
1146 1564 1315 1612 Movet
1340 1563 1470 1611 enim
1499 1579 1612 1611 aera
1636 1562 1891 1620 Dominus,
1915 1567 2086 1609 ventos

329 1648 524 1707 excitat,
561 1648 806 1711 jaculatur
852 1647 1057 1709 fulgura,
1099 1647 1159 1695 de
1201 1648 1320 1697 caelo
1361 1647 1568 1707 intonat,
1609 1650 1668 1694 ut
1714 1646 1983 1709 terrigenas
2025 1644 2086 1692 ad

329 1730 598 1778 timendum
646 1747 695 1779 se
743 1730 957 1790 suscitet,
1000 1735 1055 1778 ut
1101 1731 1246 1778 corda.
1295 1747 1461 1779 eorum
1508 1730 1562 1777 in
1603 1729 1885 1777 memoriam
1928 1726 2086 1775 futuri

322 1812 499 1875 judicii
523 1819 730 1872 revocet,
756 1817 813 1861 ut
844 1813 1121 1876 superbiam
1146 1829 1313 1861 eorum
1337 1812 1554 1876 dissipet,
1579 1818 1628 1861 et
1657 1811 1911 1860 conturbet
1937 1810 2085 1858 auda-

330 1896 469 1956 ciam,
506 1897 706 1944 reducto
742 1897 803 1944 ad
839 1900 1053 1944 mentem
1085 1896 1335 1945 tremendo
1369 1896 1450 1945 ille
1485 1903 1716 1960 tempore,
1751 1894 1945 1959 quando
1980 1893 2085 1956 ipse

330 1978 461 2026 caelis
501 1996 557 2027 ac
594 1978 739 2026 terris
780 1978 1075 2036 ardentibus,
1113 1985 1346 2026 venturus
1386 1984 1459 2027 est
1504 1979 1558 2026 in
1594 1978 1806 2026 nubibus
1846 1980 2086 2040 potestate

331 2077 506 2124 magna
542 2067 591 2109 et
626 2063 878 2123 majestate
915 2062 976 2108 ad
1006 2061 1295 2124 judicandos
1329 2061 1468 2110 vivos
1503 2066 1552 2109 et
1589 2065 1820 2108 mortuos.
1881 2060 2086 2122 Propter

331 2140 490 2202 quod,'
516 2140 690 2204 inquit,
720 2145 731 2165 ‘
751 2144 942 2204 oportet
966 2157 1054 2188 nos
1079 2139 1403 2188 admonitioni
1429 2142 1529 2203 ejus
1561 2139 1754 2199 caelesti,
1780 2138 1942 2187 debito
1974 2157 2084 2187 cum

330 2222 504 2271 timore
528 2227 578 2271 et
610 2240 770 2271 amore
802 2222 1116 2286 respondere;
1155 2229 1211 2271 ut
1244 2223 1434 2286 quoties
1466 2240 1573 2271 aere
1606 2226 1860 2282 commoto,
1885 2238 2084 2270 manum

330 2305 469 2369 quasi
501 2306 562 2353 ad
594 2306 867 2354 feriendum
899 2305 1129 2354 minitans
1160 2306 1327 2366 exerit,
1352 2323 1440 2354 nec
1472 2306 1630 2354 adhuc
1662 2313 1822 2354 tamen
1856 2304 2084 2368 percutit,

331 2406 449 2436 mox
483 2389 800 2452 imploremus
835 2389 936 2452 ejus
974 2388 1366 2448 misericordiam,
1404 2395 1453 2438 et
1493 2389 1720 2438 discussis
1756 2388 2086 2452 penetralibus

332 2472 488 2520 cordis
522 2471 692 2530 nostri,
727 2477 874 2534 atque
909 2471 1190 2535 expurgatis
1225 2471 1461 2521 vitiorum
1496 2472 1765 2532 ruderibus,
1801 2469 1996 2519 solliciti
2024 2486 2085 2518 ne

331 2572 549 2619 unquam
573 2555 766 2618 percuti
790 2571 1074 2613 mereamur,
1100 2555 1328 2617 agamus.’

401 2636 640 2686 Convenit
675 2643 837 2685 autem
869 2637 1154 2686 revelationi
1190 2643 1239 2686 et
1273 2636 1499 2686 relationi
1529 2640 1578 2685 et
1611 2635 1802 2700 praefati
1833 2635 2000 2684 fratris
2024 2636 2085 2684 de

398 2760 473 2796 His
488 2761 605 2796 death
674 2720 811 2768 obitu
852 2721 997 2784 hujus
1044 2719 1280 2769 antistitis
1318 2720 1467 2768 etiam
1509 2736 1665 2768 sermo
1706 2718 2086 2767 reverentissimi

430 2821 519 2846 seen
536 2811 578 2845 in
675 2803 828 2866 patris
853 2803 1123 2868 Ecgbercti,
1143 2805 1202 2853 de
1221 2822 1318 2869 quo
1342 2822 1490 2868 supra
1504 2805 1522 2831 ²
1544 2803 1771 2861 diximus,
1791 2802 1875 2866 qui
1900 2802 2084 2850 dudum

423 2860 588 2896 Ireland.
677 2902 790 2933 cum
821 2887 990 2934 eodem
1015 2886 1210 2936 Oeadda
1241 2887 1560 2946 adulescente,
1589 2892 1638 2934 et
1673 2886 1775 2949 ipse
1807 2886 2085 2934 adulescens

331 2967 383 3016 in
401 2956 643 3016 Hibernia
657 2966 675 2992 ³
699 2968 1027 3017 monachicam
1051 2969 1103 3016 in
1128 2970 1432 3018 orationibus
1450 2974 1500 3017 et
1522 2969 1834 3027 continentia,
1861 2975 1909 3017 et
1932 2969 2083 3017 medi-

386 3070 402 3093 1
432 3071 550 3123 quia]
568 3072 638 3111 Ps.
659 3070 776 3111 xviii.
803 3083 866 3122 13,
892 3083 954 3123 14.
1237 3084 1300 3124 14,
1338 3072 1477 3112 where
1513 3072 1568 3111 he
1617 3075 1746 3111 states
1782 3071 1878 3111 that
1915 3071 2084 3111 ceadda

387 3124 403 3147 ²
429 3126 574 3179 supra]
602 3126 679 3166 See
692 3140 732 3179 p.
755 3138 846 3177 203.
894 3126 976 3165 For
994 3139 1019 3165 a
1039 3126 1177 3167 notice
1232 3141 1348 3167 came
1380 3131 1454 3167 out
1487 3127 1533 3166 of
1555 3126 1738 3166 Iteland.
1798 3127 1868 3166 He
1905 3140 1989 3166 was
2027 3140 2082 3166 an

332 3180 379 3220 of
393 3181 617 3232 Ecgberht,
637 3194 704 3221 see
723 3195 763 3220 v.
785 3193 823 3234 9,
846 3181 947 3220 with
965 3185 1076 3222 note.
1234 3183 1384 3233 Angle,
1415 3196 1456 3234 p.
1496 3182 1586 3228 181,
1625 3181 1710 3221 and
1746 3180 1947 3235 probably
1977 3181 2081 3221 from

387 3235 403 3258 3
429 3235 477 3274 in
512 3235 742 3288 Hibernia]
798 3236 900 3274 This
937 3235 1121 3287 explains
1153 3250 1179 3276 a
1234 3236 1582 3284 Northhumbria‚
1600 3250 1642 3290 p.
1666 3238 1756 3287 185.
1816 3236 1877 3276 H.

331 3304 506 3343 passage
525 3291 569 3330 in
582 3288 792 3332 Haedde’s
804 3290 898 3331 Life
917 3291 963 3331 of
973 3290 1175 3339 wilfrith,
