2216 3554
182 166 300 216 CAP.
317 163 485 234 mx]
818 167 982 216 Gentis
1013 165 1299 229 Anylorwm.
1827 173 1925 219 283

181 291 508 353 apostolorum
540 291 779 340 virtutum
812 292 1013 340 ornabat
1048 292 1283 355 operibus.
1358 290 1675 340 Commissam
1701 310 1925 357 *namque

182 373 275 421 sibi
310 374 499 437 plebem
530 380 579 423 et
605 375 902 423 orationibus
934 374 1218 437 protegebat
1249 374 1477 430 adsiduis,
1503 380 1551 422 et
1582 376 1926 423 admonitioni-

181 458 272 504 bus
297 458 622 505 saluberrimis
639 458 700 505 ad
725 456 932 505 caelestia
955 458 1172 505 vocabat.
1225 457 1307 515 Et,
1322 457 1455 519 quod
1478 457 1687 505 maxime
1706 458 1925 505 doctores

177 541 347 601 juvare
370 540 506 596 solet,
531 557 586 588 ea
609 556 716 602 quae
739 539 925 602 agenda
948 539 1161 598 docebat,
1188 539 1290 602 ipse
1318 539 1454 602 prius
1478 540 1664 603 agendo
1688 555 1924 602 praemon-

180 623 380 669 strabat.
451 623 572 670 Erat
596 621 774 685 quippe
798 628 909 670 ante
933 622 1095 670 omnia
1118 621 1295 669 divinae
1320 622 1536 670 caritatis
1559 622 1670 685 igne
1694 621 1924 679 fervidus,

180 704 429 766 patientiae
449 705 628 753 virtute
653 705 911 763 modestus,
933 704 1206 752 orationum
1225 704 1472 752 devotioni
1496 704 1826 753 sollertissime
1849 703 1925 750 in-

180 791 361 844 tentus,
379 786 582 834 affabilis
601 787 822 835 omnibus
842 786 923 850 qui
949 787 1011 835 ad
1035 804 1084 835 se
1104 786 1443 835 consol-ationis
1461 786 1619 850 gratia
1636 786 1923 845 veniebant;

180 867 270 915 hoc
305 868 463 931 ipsum
499 886 688 932 quoque
724 869 955 917 orationis
993 869 1096 917 loco
1134 869 1326 928 ducens,
1364 869 1405 917 si
1446 869 1652 928 infirmis
1692 868 1925 916 fratribus

180 967 320 1012 opem
343 968 441 999 suae
465 950 810 1000 exhortationis
833 952 1069 1010 tribueret
1083 967 1100 1011 .;
1138 952 1290 1000 sciens
1310 952 1424 1016 quia
1443 951 1527 1015 qui
1545 952 1683 1011 dixit,
1705 957 1716 978 ‘
1734 951 1925 1014 Diliges

179 1032 445 1081 Dominum
464 1034 626 1082 Deum
642 1039 783 1082 tuum
797 1034 831 1095 3’
868 1035 994 1083 dixit
1012 1041 1074 1094 et,
1097 1039 1108 1059 ‘
1125 1034 1314 1098 Diliges
1337 1035 1648 1098 proximum.'
1701 1035 1822 1082 Erat
1841 1035 1924 1081 ab·

178 1115 422 1163 stinentiae
446 1116 765 1180 castigatione
789 1117 1006 1181 insignis,
1031 1121 1134 1165 erat
1156 1117 1316 1181 gratia
1343 1116 1709 1181 conpunctionis
1736 1133 1925 1179 semper

178 1198 239 1246 ad
277 1198 482 1246 caelestia
520 1216 791 1262 suspensus,
862 1200 1085 1264 Denique
1122 1217 1230 1248 cum
1266 1200 1551 1249 sacrificium
1579 1200 1687 1247 Deo
1710 1199 1922 1248 victimae

178 1280 400 1328 salutaris
423 1280 627 1341 offerret,
652 1299 749 1330 non
773 1283 956 1331 elevata
986 1284 1047 1330 in⁴
1062 1283 1214 1331 altum
1238 1300 1369 1343 voce,
1394 1283 1478 1331 sed
1506 1282 1803 1346 profusisex
1826 1283 1923 1330 imo

176 1369 369 1426 pectore
391 1363 628 1427 lacrymis,
655 1364 864 1413 Domino
889 1382 974 1413 suo
998 1370 1113 1414 vota
1136 1366 1514 1414 commendabat.

247 1444 450 1493 Duobus
468 1446 483 1471 ²
513 1452 675 1495 autem
706 1447 844 1495 annis
875 1447 928 1495 in
961 1450 1235 1512 episcopatu
1266 1449 1474 1512 peractis
1497 1448 1691 1512 repetiit
1713 1447 1924 1497 insulam

176 1543 231 1574 ac
273 1528 617 1576 monasterium
655 1546 809 1588 suum,
853 1529 1018 1578 divino
1059 1530 1333 1579 admonitus
1374 1531 1580 1589 oraculo,
1651 1577 1738 1615 [Am
1764 1577 1857 1617 687]

177 1609 290 1672 quia
314 1610 417 1658 dies
448 1611 540 1658 sibi
564 1612 736 1659 mortis
759 1613 835 1661 vel
859 1613 974 1662 vitae
1006 1613 1160 1676 magis
1191 1614 1321 1661 illius
1351 1631 1458 1677 quae
1483 1614 1583 1662 sola
1640 1600 1868 1659 Betui-nato

176 1693 278 1740 vita
316 1692 518 1740 dicenda
558 1699 630 1741 est
664 1696 764 1756 jam
805 1695 1112 1758 adpropiaret
1153 1696 1413 1745 introitus:
1457 1698 1582 1744 sicut
1622 1675 1724 1709 Fam
1739 1673 1882 1708 island.

175 1776 278 1838 ipse
303 1792 494 1839 quoque
517 1780 734 1840 tempore
767 1778 934 1825 eodem
971 1778 1231 1838 nonnullis,
1257 1779 1339 1827 sed
1362 1779 1524 1827 verbis
1549 1775 1922 1832 obscurioribus,

176 1875 284 1921 quae
330 1861 493 1905 tamen
539 1859 850 1921 postmodum
897 1860 1151 1908 manifeste
1197 1860 1601 1924 intelligerentur,
1639 1859 1781 1908 solita
1827 1857 1922 1904 sibi

176 1940 483 2003 simplicitate
506 1941 780 2003 pandebat;
819 1935 1107 2006 quibusdam
1128 1948 1296 1992 autem
1323 1944 1413 1992 hoc
1444 1943 1574 1991 idem
1599 1941 1746 1991 etiam
1770 1938 1924 1987 mani-

175 2022 294 2071 feste
318 2023 575 2074 revelabat.

843 2225 985 2275 OAP.
1024 2226 1262 2275 XXIX‘.2

182 2343 222 2385 U
218 2347 233 2384 t
253 2344 362 2386 idem
372 2346 467 2397 jam
488 2348 696 2400 episcopus
708 2349 862 2391 obitum
876 2364 997 2392 suum
1010 2352 1195 2402 proxime
1207 2351 1404 2403 futurum
1419 2351 1469 2390 H
1467 2351 1658 2392 eribercto
1672 2350 1925 2391 anachoretae

917 2421 1175 2473 praedixerit.

243 2527 389 2574 ERAT
435 2528 564 2576 enim
611 2532 862 2595 presbyter
906 2533 1021 2582 vitae
1062 2533 1364 2593 venerabilis,
1404 2534 1597 2582 nomine
1639 2534 1921 2590 Hereberet,

168 2609 459 2672 jamdudum
494 2612 601 2661 viro
637 2614 731 2661 Dei
767 2615 999 2678 spiritalis
1033 2616 1259 2665 amicitiae
1294 2617 1470 2665 foedere
1505 2634 1581 2684 co-
1642 2660 1858 2695 Outhberht

173 2692 399 2754 pulatus;
438 2694 523 2755 qui
554 2693 607 2742 in
639 2695 797 2743 insula
829 2697 990 2761 stagni
1022 2698 1183 2746 illius⁸
1216 2699 1498 2762 pergrandis
1522 2698 1581 2747 de
1628 2711 1795 2746 foretens
1810 2710 1871 2745 his

174 2791 270 2837 quo
294 2774 674 2826 Deruuentionis
698 2779 835 2828 fluvii
853 2780 1116 2843 primordia
1132 2787 1405 2845 erumpunt,
1423 2781 1578 2830 vitam
1688 2759 1815 2795 death.

229 2883 241 2905 ¹
272 2883 459 2936 Duobus]
491 2885 594 2924 This
612 2887 726 2927 word
748 2887 892 2940 begins
911 2902 946 2929 c.
970 2902 1019 2943 29
1075 2890 1206 2930 called
1243 2891 1304 2931 St.
1343 2891 1589 2939 Herbert’s;
1628 2890 1712 2929 and
1743 2902 1789 2928 as
1817 2888 1921 2927 such

171 2938 217 2977 in
237 2938 308 2977 the
330 2939 474 2978 Moore
494 2940 587 2980 MS.
1079 2958 1159 2985 was
1178 2945 1329 2985 visited
1347 2946 1404 2997 by
1415 2959 1540 2997 many
1556 2945 1753 2997 pilgrims.
1786 2943 1862 2982 See
1876 2944 1920 2980 in

228 2992 243 3014 ²
270 2994 374 3034 CAP.
404 2994 598 3048 XXIX.]
633 2996 734 3037 This
778 2997 948 3050 chapter
984 2999 1021 3038 is
1073 2999 1222 3046 Smith‚
1237 3001 1441 3053 App.No.
1454 3000 1782 3046 xxiii,acum·0us
1797 2998 1923 3036 letter

173 3049 397 3095 extracted,
421 3062 466 3088 as
493 3050 530 3089 it
557 3052 711 3099 stands,
741 3052 845 3091 fr0m
870 3052 1020 3093 Beda’s
1074 3055 1132 3107 by
1156 3055 1331 3096 Thomas
1354 3056 1561 3107 Appleby‚
1586 3054 1730 3104 biShOP
1757 3053 1803 3091 Of
1825 3052 1921 3091 Car·

173 3115 291 3154 prose
312 3103 404 3142 Life
423 3104 469 3142 of
482 3104 727 3153 Outhberht,
748 3120 782 3145 c.
808 3107 870 3146 28.
1073 3109 1176 3155 lisle,
1207 3121 1293 3151 A.D.
1334 3119 1451 3162 1374,
1490 3110 1632 3162 giving
1666 3107 1775 3159 f01'f‘y
1805 3106 1918 3159 days'

227 3158 244 3180 ⁸
269 3159 407 3210 stasmi
433 3158 569 3210 illius]
598 3160 794 3201 Keswick
822 3162 950 3208 Lake,
973 3176 1019 3202 οι·
1073 3164 1318 3218 indulgence
1338 3171 1381 3205 to
1401 3166 1502 3205 such
1522 3163 1722 3216 pilgrimS.

173 3211 510 3254 Derwentwater.
574 3215 662 3254 The
695 3215 830 3256 island
863 3217 898 3256 is
930 3217 1016 3257 still
