2216 3554
267 158 366 204 390
435 155 664 205 Historia
685 155 927 208 Abbamm
958 157 1437 210 Uuiremutkmsium
1458 171 1502 212 et
1526 162 1906 229 Gymuemiwn.

333 287 473 339 Obiit
507 294 674 339 autem
713 292 921 357 septimo
959 293 1277 346 kalendarum
1314 296 1601 347 Octobrium
1614 298 1632 326 ¹
1666 299 1758 359 die,
1795 316 1921 348 anno
1955 299 2019 349 ab

346 397 450 442 Sept.
464 409 520 440 25,
606 375 932 426 incarnatione
973 377 1178 427 Domini
1213 380 1639 444 septingentesimo
1676 382 2015 443 sextodecimo,

343 454 429 483 ΛΦ·
449 450 522 491 ⁷¹⁶·
556 514 557 517 Ἴ
605 458 729 508 feria
751 463 900 520 sexta,
925 466 1036 524 post
1065 461 1238 520 honam
1264 479 1455 523 nonam,
1480 463 1533 511 in
1555 464 1711 528 pratis
1738 471 2017 515 memoratae

263 541 507 591 civitatis:
545 542 766 606 sepultus
805 542 859 590 in
894 543 1163 592 crastinum
1196 545 1258 594 ad
1294 549 1518 594 austrum
1552 547 1769 609 ejusdem
1803 547 2017 597 civitatis

258 625 470 673 miliario
505 624 665 689 primo
700 625 756 673 in
789 625 1081 674 monasterio
1124 626 1460 688 Geminorum,
1494 634 1684 679 astante
1717 647 1772 679 ae
1804 631 2017 695 psalmos

258 711 517 757 resonante
541 707 761 757 exercitu
792 724 890 756 non
921 725 1072 772 parvo
1102 712 1206 757 tam
1230 708 1511 775 Anglorum
1534 711 1621 776 qui
1645 729 1757 761 eum
1780 729 1837 761 eo
1869 714 2016 762 adve-

258 794 447 852 nerant,
473 807 620 856 quam
643 789 927 839 monasterii
951 790 1165 853 ejusdem
1187 791 1267 840 vel
1290 792 1503 843 civitatis
1533 795 1818 845 incolarum.
1887 795 2016 846 Sunt

257 878 424 924 autem
457 873 655 924 Gemini
690 878 930 937 martyres
961 873 1014 920 in
1038 890 1245 937 quorum
1277 877 1571 926 monasterio
1601 883 1651 927 et
1682 878 1880 928 ecclesia
1901 895 2014 928 eon·
2205 891 2216 950 ξ

257 957 391 1008 ditus
427 961 512 1018 est,
550 956 863 1021 Speusippus,
894 956 1203 1022 Eleusippus,
1237 958 1571 1026 Meleusippus
1606 961 1705 1026 qui,
1733 978 1833 1011 nno
1866 966 2014 1027 partu

255 1041 428 1089 matris
463 1040 597 1099 editi,
633 1040 802 1089 eadem
836 1040 1046 1090 eeclesiae
1087 1041 1184 1090 fide
1225 1042 1398 1103 renati,
1438 1043 1583 1093 simul
1623 1061 1734 1093 eum
1774 1043 1886 1094 avia
1925 1062 2014 1095 sua

255 1122 489 1183 Leonilla‚
515 1123 715 1188 dignam
738 1109 845 1171 loeo
874 1122 948 1171 illi
982 1123 1059 1172 sui
1088 1124 1314 1189 martyrii
1336 1124 1576 1192 reliquere
1599 1127 1898 1187 memoriam,
1923 1126 2012 1191 qui

251 1206 387 1271 piam
411 1206 559 1256 etiam
583 1205 722 1254 nobis
755 1205 971 1271 indignis
999 1212 1049 1257 et
1080 1211 1249 1258 nostro
1276 1210 1469 1274 parenti
1493 1227 1635 1275 opem
1657 1227 1759 1261 suae
1782 1210 2010 1261 interces-

253 1289 404 1339 sionis
428 1295 477 1340 et
500 1288 816 1355 protectionis
839 1289 1136 1354 impendant.

2207 790 2216 834 ἐ,

562 1425 580 1451 ¹
606 1429 776 1482 septimo
796 1426 1071 1471 kalendarum
1094 1427 1347 1484 Octobr-ium]
1369 1430 1612 1485 September
1633 1443 1654 1472 2
1659 1445 1698 1486 5.
