2216 3554
333 183 427 230 162
908 177 1136 227 Historia
1170 177 1508 226 Ecclesiastica
1848 173 1983 244 [LIB.
2002 191 2080 224 111.

302 307 303 311 ¹
325 292 527 375 ligatam
562 303 722 373 panno
749 304 1003 358 condidit
988 327 1042 357 m
1071 290 1292 373 capsella,
1321 315 1370 358 et
1393 309 1554 358 rediit.
1624 308 1891 358 Transacto
1916 315 2080 357 autem

327 398 547 457 tempore
593 383 862 469 aliquanto,
905 408 1017 439 cum
1054 396 1180 459 esset
1221 393 1272 439 in
1319 409 1407 440 suo
1447 390 1756 450 monasterio,
1799 390 1936 459 venit
1982 389 2082 438 illic

329 477 530 543 quidam
563 459 750 537 hospes,
778 473 864 537 qui
899 474 1082 532 solebat
1118 474 1371 522 nocturnis
1396 467 1587 560 saepius
1621 473 1764 520 horis
1789 474 2033 538 repente
2021 472 2084 519 ab

327 551 563 607 inmundo
578 555 782 635 spiritu:
795 556 1087 627 gravissime
1110 557 1310 605 vexari:
1349 556 1434 620 qui
1466 542 1576 604 611111
1601 555 1808 619 benigne
1833 539 2085 640 susceptus
2155 617 2163 623 -

327 647 442 705 post
465 640 649 689 coenam
674 639 727 687 in
748 622 874 688 166ῗὸ
898 641 1113 725 membra
1130 640 1385 727 posuisset,
1406 638 1569 686 subito
1588 656 1616 686 a
1634 639 1825 722 diabolo
1846 626 2083 721 arreptus,
2111 629 2114 631 ’

329 713 552 781 clamare,
589 722 818 802 dentibus
853 706 1087 782 frendere,
1125 720 1364 786 spumare,
1398 727 1447 788 et
1477 721 1680 779 diversis
1703 697 1916 799 motibus
1941 713 2087 784 c'cepit

330 807 548 854 membra
582 777 824 868 torquere.
895 805 1131 877 Cumque
1147 823 1180 880 a
1208 806 1343 853 1111110
1364 781 1447 853 vel
1477 788 1638 852 teneri
1656 802 1735 852 vel
1765 787 1910 867 ligari
1942 811 2085 867 potu-

328 887 461 947 isset,
487 877 706 935 cucurrit
740 886 976 945 minister,
1014 891 1064 945 et
1098 866 1298 950 pulsans
1330 887 1393 935 ad
1426 886 1620 943 ostium,
1658 885 1908 934 nunciavit
1943 886 2086 934 abba-

329 969 476 1018 tissae.
545 969 621 1017 At
644 970 728 1017 illa
752 969 974 1033 aperiens
1001 960 1204 1032 januam
1228 970 1521 1027 monasterii,
1547 968 1739 1017 exivit
1726 986 1830 1032 1psa
1855 986 1964 1016 cum
1989 986 2087 1016 una

329 1051 775 1100 sanctimonialium
815 1051 1106 1099 feminarum
1143 1051 1205 1099 ad
1246 1052 1404 1100 locum
1452 1051 1732 1140 viroruml,
1787 1057 1836 1099 et
1884 1067 2087 1098 evocans

329 1134 682 1197 presbyterum,
727 1133 917 1197 rogavit
959 1150 1121 1199 secum
1158 1134 1324 1186 venire
1362 1134 1426 1182 ad
1465 1116 1747 1197 patientem.
1834 1133 1936 1182 Ubi
1976 1150 2086 1180 cum

330 1216 577 1265 venientes
600 1216 822 1264 viderent
852 1215 1033 1264 multos
1069 1188 1279 1264 adfuisse
1304 1215 1388 1279 qui
1412 1220 1642 1264 vexatum
1666 1220 1829 1263 tenere
1854 1219 1905 1289 et
1927 1221 2087 1262 motus

232 1285 237 1287 i
330 1300 432 1361 ejus
471 1299 666 1347 insanos
701 1293 1026 1362 comprimere
1054 1298 1229 1356 conati,
1271 1315 1578 1361 nequaquam
1615 1298 1855 1358 valebant,
1893 1298 2085 1346 dicebat

330 1382 582 1444 presbyter
618 1382 922 1440 exorcismos,
964 1385 1014 1429 et
1060 1397 1266 1444 quaeque
1307 1387 1500 1444 poterat
1541 1397 1631 1444 pro
1670 1351 1881 1441 §effando
1923 1380 2089 1428 miseri

330 1465 494 1513 furore
513 1453 698 1528 agebat.
772 1465 869 1513 Sed
887 1481 975 1512 nec
998 1465 1115 1527 ipse,
1135 1465 1354 1528 quamvis
1372 1464 1584 1512 multum
1602 1463 1740 1512 labo1
1742 1481 1842 1522 ans,
1862 1455 2090 1526 Proficere

330 1546 516 1610 aliquid
539 1547 747 1596 valebat.
818 1546 1042 1610 Cumque
1067 1547 1136 1594 nil
1161 1547 1333 1595 salutis
1355 1547 1538 1594 furenti
1562 1563 1809 1610 superesse
1828 1546 2087 1604 videretur,

330 1635 528 1692 repente
554 1629 687 1677 venit
721 1629 775 1677 in
812 1636 1028 1678 mentem
1050 1630 1307 1678 abbatissae
1335 1629 1498 1693 pulvis
1522 1629 1604 1676 ille
1627 1629 1872 1693 praefatus,
1898 1628 2088 1676 statim-

331 1729 424 1776 que
442 1711 592 1776 jussit
615 1712 686 1760 ire
710 1711 999 1771 ministram,
1025 1718 1074 1760 et
1099 1712 1358 1776 capsellam
1382 1711 1434 1759 in
1460 1728 1557 1774 qua
1581 1715 1685 1759 erat
1708 1711 1961 1760 adducere.
2024 1711 2089 1759 Et

332 1812 443 1844 cum
467 1794 550 1842 illa
573 1794 792 1843 adferens
817 1811 924 1857 quae
946 1793 1082 1857 jussa
1114 1798 1201 1852 est,
1227 1794 1434 1842 intraret
1458 1793 1637 1841 atrium
1666 1793 1851 1851 domus,
1878 1793 1929 1840 in
1953 1792 2089 1856 cujus

332 1876 648 1925 interioribus
689 1876 1011 1924 daemoniosus
1053 1877 1388 1940 torquebatur,
1427 1875 1667 1924 conticuit
1708 1876 1790 1924 ille
1826 1875 2001 1934 subito,
2040 1881 2089 1923 et

334 1958 469 2021 quasi
504 1959 558 2005 in
594 1975 816 2006 somnum
851 1958 1045 2006 laxatus
1080 1958 1304 2022 deposuit
1339 1963 1499 2022 caput,
1533 1959 1753 2006 membra
1787 1958 1839 2005 in
1875 1958 2088 2022 quietem

334 2041 497 2088 omnia
531 2040 815 2102 composuit.
889 2040 1178 2090 Conticuere
1211 2058 1378 2090 omnes
1407 2040 1685 2104 intentique
1720 2057 1806 2088 ora
1841 2041 2088 2099 tenebant,

335 2140 480 2186 quem
515 2139 592 2171 res
627 2122 813 2171 exitum
847 2123 1046 2172 haberet
1081 2124 1278 2172 solliciti
1313 2128 1662 2187 exspectantes
1757 2123 1824 2170 Et
1857 2129 1969 2186 post
2002 2123 2089 2171 ali-

337 2211 575 2269 quantum
609 2205 742 2254 horae
779 2205 1006 2269 spatium,
1036 2207 1219 2255 resedit
1254 2206 1340 2270 qui
1367 2206 1654 2265 vexabatur,
1675 2210 1725 2254 et
1747 2206 1965 2268 graviter
1985 2223 2088 2254 sus-

336 2289 533 2352 pirans:
574 2293 585 2313 ‘
600 2289 778 2348 Modo,’
804 2288 981 2352 inquit,
1010 2294 1021 2314 ‘
1038 2306 1209 2337 sanum
1230 2289 1379 2352 sapio,
1398 2288 1557 2352 recepi
1574 2289 1703 2336 enim
1722 2305 1914 2336 sensum
1938 2288 2091 2336 animi

336 2370 459 2421 mei.'
552 2370 622 2419 At
663 2371 738 2418 illi
780 2371 946 2419 sedulo
986 2371 1356 2420 sciscitabantur
1391 2372 1634 2435 quomodo
1668 2371 1759 2419 hoo
1795 2371 2088 2434 contigisset.

337 2453 436 2514 Qui
472 2453 568 2502 ait:
611 2453 755 2502 ‘Mox
796 2460 852 2502 ut
885 2453 1024 2517 virgo
1057 2454 1158 2502 haec
1187 2471 1298 2502 cum
1334 2453 1540 2517 capsella
1573 2470 1719 2517 quam
1753 2453 1981 2516 portabat
2008 2454 2090 2501 ad-

337 2535 689 2599 propinquavit
708 2536 833 2584 atrio
857 2536 1030 2585 domus
1053 2536 1212 2599 11113116,
1232 2536 1488 2585 discessere
1514 2553 1677 2584 omnes
1702 2535 1787 2599 qui
1812 2553 1890 2584 me
1906 2553 2090 2600 preme-

337 2617 458 2667 bant
492 2618 696 2682 spiritus
731 2618 948 2681 maligni,
985 2623 1034 2667 et
1073 2636 1148 2667 me
1190 2618 1358 2667 relicto
1402 2635 1643 2681 nusquam
1685 2619 2088 2682 comparuerunt!

339 2701 477 2749 Tunc
500 2701 638 2749 dedit
661 2701 705 2750 ei
729 2702 972 2750 abbatissa
988 2702 1348 2765 portiunculam
1365 2701 1425 2749 de
1448 2702 1647 2764 pulvere
1670 2701 1786 2761 illo;
1825 2705 1874 2749 et
1891 2702 1959 2749 6ἰ6
1977 2702 2091 2749 data

341 2784 558 2832 oratione
591 2801 621 2832 a
656 2785 938 2847 presbytero
974 2785 1072 2844 illo,
1110 2788 1302 2833 noctem
1337 2784 1689 2848 quietissimam
1723 2784 1893 2832 duxit:
1936 2801 2090 2847 neque

339 2866 530 2930 aliquid
553 2883 614 2914 ex
637 2883 693 2914 eo
716 2870 931 2930 tempore
949 2868 1177 2916 nocturni
1192 2867 1382 2916 timoris
1399 2872 1486 2915 aut
1503 2865 1777 2915 vexationis
1803 2866 1866 2914 ab
1888 2866 2090 2931 antiquo

340 2948 483 2997 hoste·
501 2949 716 3012 pertulit.

752 3101 766 3124 ¹
795 3102 851 3143 ad
872 3101 1002 3144 locum
1021 3103 1223 3156 virorum]
1256 3103 1334 3144 See
1352 3117 1392 3156 p.
1419 3101 1508 3155 156,
1528 3106 1626 3142 note
1650 3113 1685 3143 1.
