2216 3554
290 206 353 252 74
787 215 791 220 ’
875 202 1103 253 Historia
1138 203 1475 253 Ecciesz'astica
1856 201 1990 272 [Lm.
2005 218 2042 252 1.

286 335 478 383 itineris
506 335 697 384 audisse
732 351 820 383 nos
857 334 1075 400 contigit.
1147 335 1275 384 Cum
1311 352 1426 398 ergo
1461 334 1594 381 Deus
1630 331 1934 395 omnipotens
1959 350 2045 382 vos

288 419 351 466 ad
386 418 831 466 reverentissimum
865 418 1026 466 virum
1062 418 1264 465 fratrem
1302 422 1525 465 nostrum
1565 415 1902 479 Augustinum
1943 416 2044 479 epi-

288 516 487 563 scopum
506 500 801 563 perduxerit,
821 500 967 548 dicite
985 500 1043 559 ei,
1060 500 1181 563 quid
1199 500 1284 547 diu
1306 499 1522 547 mecum¹
1540 499 1599 546 de
1618 515 1759 546 causa
1773 497 2046 561 Anglorum

289 582 508 646 cogitans
532 583 739 630 tractavi
759 601 770 631 :
808 583 1036 632 videlicet
1060 582 1175 647 quia
1198 583 1312 631 fana
1334 582 1576 630 idolorum
1595 581 1779 628 destrui
1803 580 1854 628 in
1880 580 2047 628 eadem

288 671 431 727 gente
467 665 668 714 minime
703 666 936 726 debeant;
981 667 1063 714 sed
1094 666 1199 729 ipsa
1230 683 1338 729 quae
1371 665 1425 712 in
1461 665 1530 713 eis
1562 669 1676 712 sunt
1700 663 1831 711 idola
1858 663 2047 711 destru-

289 754 464 806 antur3
502 765 629 811 aqua
663 748 916 796 benedicta
950 748 1050 807 fiat,
1086 747 1139 795 in
1175 748 1355 796 eisdem
1387 747 1511 794 fanis
1544 750 1842 809 aspergatur,
1873 745 2049 794 altaria

289 834 647 890 construantur,
670 830 889 894 reliquiae
921 836 1196 894 ponantur:
1234 831 1350 894 quia
1374 830 1414 878 si
1439 830 1549 877 fana
1583 829 1746 877 eadem
1782 829 1904 876 bene
1936 845 2047 876 con-

290 916 475 961 structa
507 919 634 972 sunt,
660 929 850 961 necesse
875 919 948 960 est
977 918 1035 961 ut
1062 930 1091 960 a
1124 913 1259 961 cultu
1293 913 1569 961 daemonum
1604 912 1657 959 in
1693 911 1923 974 obsequio
1947 911 2050 959 veri

291 995 386 1043 Dei
410 996 613 1043 debeant
637 994 955 1054 commutari;
992 1000 1047 1042 ut
1072 995 1189 1042 dum
1213 1011 1332 1058 gens
1365 995 1471 1058 ipsa
1507 995 1674 1043 eadem
1705 994 1818 1043 fana
1843 1011 1930 1042 sua
1954 1011 2050 1042 non

290 1078 427 1126 videt
461 1077 663 1136 destrui,
690 1078 749 1125 de
786 1077 927 1125 corde
963 1094 1178 1125 errorem
1214 1078 1435 1140 deponat,
1467 1083 1516 1126 et
1550 1077 1711 1125 Deum
1735 1093 1906 1125 verum
1941 1093 2051 1140 cog·

291 1177 491 1209 noscens
515 1177 569 1208 ac
593 1161 812 1216 adorans,
837 1159 899 1206 ad
923 1159 1027 1207 loca
1050 1176 1158 1223 quae
1182 1160 1443 1219 consuevit,
1468 1159 1755 1208 familiarius
1780 1165 2049 1207 concurrat.

291 1243 359 1290 Et
402 1242 516 1306 quia
550 1243 695 1290 boves
731 1242 887 1289 solent
930 1241 979 1288 in
1024 1241 1259 1289 sacrificio
1294 1242 1571 1289 daemonum
1610 1243 1787 1290 multos
1822 1242 2050 1301 occidere,

291 1326 435 1373 debet
469 1325 538 1373 eis
573 1325 720 1373 etiam
743 1324 832 1372 hac
860 1324 921 1371 de
953 1340 1006 1372 re
1041 1324 1205 1388 aliqua
1236 1323 1536 1372 sollemnitas
1560 1323 1840 1372 immutari:
1884 1328 1943 1372 ut
1972 1323 2052 1372 die

291 1407 625 1466 dedicationis,
651 1407 727 1455 vel
752 1406 963 1454 natalitii
987 1411 1266 1455 sanctorum
1290 1412 1559 1469 martyrum
1585 1423 1791 1469 quorum
1816 1405 1917 1454 illic
1940 1407 2051 1455 reli—

292 1490 418 1553 quiae
444 1493 709 1553 ponuntur,
734 1489 1043 1538 tabernacula
1080 1488 1173 1537 sibi
1207 1489 1334 1537 circa
1371 1488 1561 1537 easdem
1594 1488 1815 1537 ecclesias
1851 1507 1959 1553 quse
1991 1506 2052 1538 ex

290 1572 414 1620 fanis
450 1576 758 1621 commutatae
794 1578 923 1630 sunt,
956 1572 1015 1620 de
1048 1571 1196 1620 ramis
1231 1572 1462 1620 arborum
1497 1571 1695 1631 faciant,
1726 1575 1776 1619 et
1810 1571 2052 1636 religiosis

292 1654 530 1719 conviviis
572 1655 948 1703 sollemnitatem
997 1655 1271 1714 celebrent3
1332 1671 1419 1702 nec
1466 1654 1657 1702 diabolo
1690 1656 1791 1717 jam
1829 1654 2055 1703 animalia

292 1738 560 1798 immolent,
596 1743 646 1786 et
681 1738 743 1786 ad
778 1737 973 1785 laudem
1009 1736 1103 1785 Dei
1138 1737 1189 1784 in
1224 1753 1308 1785 esu
1349 1753 1435 1785 suo
1470 1736 1700 1785 animalia
1734 1737 1967 1797 occidant,
2005 1742 2055 1785 et

291 1821 517 1869 donatori
552 1821 771 1869 omnium
803 1821 863 1868 de
897 1820 1121 1868 satietate
1149 1837 1238 1868 sua
1266 1819 1447 1883 gratias
1479 1820 1720 1868 referant:
1756 1825 1813 1868 ut
1836 1820 1955 1868 dum
1985 1819 2054 1868 eis

291 1904 457 1968 aliqua
477 1904 690 1952 exterius
708 1904 886 1967 gaudia
904 1906 1228 1962 reservantur,
1249 1902 1310 1950 ad
1331 1902 1564 1950 interiora
1586 1902 1761 1966 gaudia
1785 1902 2055 1950 consentire

293 1986 484 2035 facilius
519 1986 726 2034 valeant.
799 1985 931 2033 Nam
966 1985 1102 2033 duris
1137 1985 1382 2034 mentibus
1423 1985 1569 2034 simul
1605 1985 1767 2033 omnia
1808 1985 2055 2034 abscidere

293 2060 592 2132 impossibile
618 2085 719 2116 esse
749 2084 847 2116 non
881 2067 1087 2115 dubium
1116 2074 1203 2127 est,
1228 2067 1344 2132 quia
1374 2074 1423 2116 et
1455 2068 1496 2115 is
1520 2067 1603 2132 qui
1628 2085 1870 2116 summum
1893 2067 2054 2116 locum

293 2151 549 2200 ascendere
574 2149 770 2209 nititur,
795 2150 1026 2214 gradibus
1049 2150 1124 2198 vel
1158 2151 1380 2215 passibus
1412 2168 1510 2199 non
1543 2155 1709 2198 autem
1734 2150 1938 2199 saltibus
1961 2151 2054 2199 ele·

293 2238 452 2283 vatur.
525 2233 605 2282 Sic
630 2232 932 2281 Israelitico2
962 2234 1144 2297 populo
1180 2233 1231 2281 in
1261 2234 1478 2298 AEgypto
1502 2233 1744 2282 Dominus
1777 2250 1826 2281 se
1858 2233 2054 2297 quidem

294 2316 540 2376 innotuit3
579 2316 663 2363 sed
688 2320 851 2363 tamen
882 2315 952 2363 eis
986 2315 1332 2364 sacrificiorum
1368 2333 1485 2364 usus
1520 2334 1630 2380 quae
1653 2316 1847 2365 diabolo
1871 2315 2056 2364 solebat

294 2398 536 2457 exhibere,
572 2397 624 2445 in
660 2398 795 2446 cultu
829 2397 1028 2461 proprio
1067 2398 1350 2456 reservavit,
1394 2404 1451 2447 ut
1489 2398 1559 2447 eis
1598 2398 1649 2446 in
1688 2415 1775 2446 suo
1822 2397 2054 2446 sacrificio

293 2480 523 2528 animalia
546 2480 797 2528 immolare
821 2466 1134 2544 praeciperem
1173 2486 1411 2544 quatenus
1441 2498 1524 2529 cor
1548 2486 1805 2539 mutantes,
1830 2480 1964 2528 aliud
1994 2480 2055 2528 de

293 2562 528 2611 sacrificio
561 2563 856 2622 amitterent,
881 2563 1015 2611 aliud
1047 2563 1347 2611 retinerent:
1395 2567 1452 2611 ut
1488 2562 1581 2611 etsi
1615 2563 1722 2626 ipsa
1756 2567 1917 2611 essent
1950 2562 2053 2611 ani-

294 2645 441 2694 malia
476 2663 586 2708 quae
623 2646 793 2694 offerre
830 2651 1192 2706 consueverant,
1225 2662 1339 2694 vero
1380 2651 1545 2694 tamen
1583 2645 1688 2693 Deo
1724 2645 1827 2694 haec
1867 2651 1917 2694 et
1957 2663 2055 2694 non

294 2727 436 2776 idolis
471 2728 790 2786 immolantes,
821 2730 920 2791 jam
959 2728 1190 2777 sacrificia
1226 2729 1332 2792 ipsa
1366 2746 1464 2777 non
1500 2734 1673 2777 essent.
1744 2729 1866 2777 Haec
1901 2729 2056 2792 igitur

295 2810 604 2858 dilectionem
639 2816 775 2858 tuam
811 2811 1044 2874 praedicto
1068 2811 1212 2859 fratri
1248 2828 1440 2859 necesse
1471 2815 1546 2860 est
1580 2811 1752 2870 dicere,
1778 2815 1834 2859 ut
1865 2811 1969 2875 ipse
2002 2811 2056 2859 in

294 2892 526 2958 praesenti
558 2893 658 2941 illic
693 2893 882 2957 positus
918 2894 1201 2958 perpendat,
1226 2894 1438 2958 qualiter
1462 2893 1625 2942 omnia
1656 2894 1828 2942 debeat
1862 2893 2056 2958 dispen-

296 2992 416 3024 sare.
487 2976 620 3023 Deus
645 2981 692 3024 te
716 2976 1007 3024 incolumem
1031 2976 1288 3035 custodiat,
1314 2976 1627 3025 dilectissime
1651 2975 1736 3025 fili.

352 3077 367 3101 ¹
397 3078 499 3131 quid
517 3079 595 3118 diu
614 3077 787 3130 mecam]
817 3078 906 3118 The
925 3078 1084 3130 change
1103 3078 1149 3117 in
1201 3078 1337 3127 berht,
1370 3093 1404 3119 c.
1431 3091 1496 3130 32.
1554 3079 1737 3119 Milman
1764 3081 1955 3131 suggests
1983 3092 2054 3118 an-

297 3132 538 3183 Gregorius'
562 3133 679 3173 mind
707 3133 879 3184 implied
907 3134 951 3172 in
979 3134 1051 3172 the
1072 3133 1148 3172 fol·
1203 3135 1322 3173 other
1339 3135 1435 3184 (but.
1450 3135 1588 3188 surely
1602 3148 1657 3175 an
1672 3135 1910 3186 erroneous)
1927 3134 2054 3174 inter-

297 3188 452 3240 lowing
499 3189 669 3228 counsel
713 3192 826 3228 must
873 3188 980 3227 have
1017 3188 1148 3227 taken
1203 3190 1425 3241 pretation‚
1447 3190 1542 3229 Lat.
1564 3190 1716 3230 Christ.
1736 3189 1778 3228 ii.
1802 3198 1837 3239 7.

295 3244 413 3296 place
432 3245 544 3283 since
564 3244 636 3283 the
655 3243 876 3296 departure
896 3243 942 3282 of
958 3243 1152 3282 Mellitus
1261 3242 1277 3265 ²
1304 3243 1374 3285 sic
1411 3244 1666 3298 Israelitico]
1705 3243 1919 3284 Leviticus
1954 3241 2057 3287 xvii.

268 3342 272 3347 ,
296 3298 383 3339 and
398 3299 462 3340 his
481 3299 595 3340 band
604 3314 616 3349 ;
634 3299 688 3341 cf.
704 3299 768 3339 his
786 3299 910 3339 letter
928 3301 972 3338 to
987 3298 1152 3338 AEthel-
1212 3309 1302 3352 1—9.
