2216 3554
435 165 661 214 Historia
684 162 1020 212 Ecclesiastica
1045 161 1211 211 Gentis
1235 160 1524 224 Anylorum.
1791 167 1855 212 83

106 297 297 363 proavis
334 314 431 346 non
466 297 623 345 solum
657 294 831 353 nobile,
857 293 942 342 sed
969 298 1018 341 et
1053 292 1335 357 religiosum
1370 293 1563 341 ducenS.
1634 291 1858 357 Denique

105 382 246 430 Felix
263 382 279 408 ¹
303 381 514 444 ejusdem
536 379 809 444 apostolicae
834 378 958 426 sedis
983 378 1226 441 quondam
1249 377 1516 440 episcopus,
1624 405 1707 440 Life
1721 407 1762 441 of

104 464 183 512 vir
217 480 402 528 magnae
437 463 605 526 gloriae
639 463 691 509 in
728 460 922 509 Christo
958 465 1007 508 et
1043 459 1252 519 ecclesia,
1291 461 1394 522 ejus
1421 460 1519 508 fuit
1582 454 1797 497 Gregorius.

105 552 291 595 atavus.
376 546 472 597 Sed
509 549 558 594 et
593 545 695 608 ipse
729 542 1036 591 nobilitatem
1070 541 1321 606 religionis
1361 559 1459 590 non
1494 543 1679 603 minore
1715 562 1862 609 quam

104 635 326 692 parentes
362 633 412 677 et
456 627 649 692 cognati
694 626 877 674 virtute
913 624 1184 672 devotionis
1219 624 1449 673 exercuit.
1540 626 1590 674 N
1593 627 1863 676 obilitatem

105 727 219 759 vero
243 711 377 758 illam
401 727 545 774 quam
577 709 639 757 ad
671 708 898 756 saeculum
921 706 1178 756 videbatur
1202 706 1392 767 habere,
1410 712 1564 756 totam
1589 709 1650 757 ad
1675 711 1863 759 nancis-

105 794 306 842 cendam
340 809 559 856 supernae
594 791 800 854 gloriam
828 790 1084 854 dignitatis
1112 789 1280 838 divina
1307 790 1466 852 gratia
1490 791 1726 855 largiente
1751 810 1864 840 con-

104 876 264 924 vertit.
360 875 490 923 Nam
536 879 723 922 mutato
770 877 968 936 repente
1015 872 1186 920 habitu
1233 873 1464 931 saeculari,
1515 875 1864 923 monasterium

104 957 264 1020 petiit,
286 957 338 1005 in
362 974 456 1021 quo
479 962 617 1005 tanta
640 956 949 1020 perfectionis
973 955 1132 1019 gratia
1157 955 1301 1019 coepit
1326 955 1711 1017 conversari‚.ut,
1740 957 1866 1006 sicut

103 1039 207 1103 ipse
229 1044 398 1104 postea
420 1039 577 1087 flendo
602 1040 786 1087 solebat
809 1038 1055 1098 adtestari,
1081 1038 1243 1087 animo
1267 1038 1403 1087 illius
1438 1039 1656 1088 labentia
1691 1046 1866 1089 cuncta

104 1124 441 1182 subteressent,
462 1126 518 1170 ut
542 1122 684 1170 rebus
709 1121 933 1170 omnibus
959 1138 1067 1186 quae
1092 1122 1362 1170 volvuntur
1386 1122 1631 1182 emineret,
1649 1127 1706 1171 ut
1730 1123 1866 1170 nulla

105 1204 198 1253 nisi
222 1204 429 1255 caelestia
452 1205 666 1269 cogitare
691 1204 880 1263 soleret,
906 1208 964 1252 ut
987 1204 1135 1252 etiam
1161 1210 1380 1253 retentus
1405 1221 1618 1269 corpore,
1639 1205 1744 1268 ipsa
1763 1205 1867 1269 jam

105 1286 262 1335 carnis
287 1286 496 1335 claustra
521 1286 925 1350 contemplatione
948 1285 1197 1346 transiret,
1224 1292 1281 1334 ut
1305 1292 1513 1335 mortem
1539 1304 1733 1351 quoque
1758 1305 1865 1352 quae

105 1385 226 1431 pene
251 1370 435 1418 cunctis
458 1386 599 1433 poena
623 1375 709 1428 est,
735 1368 962 1418 videlicet
991 1373 1048 1416 ut
1072 1368 1344 1431 ingressum
1368 1369 1484 1418 vitae
1510 1374 1560 1417 et
1584 1369 1764 1417 laboris
1789 1370 1867 1418 sui

104 1451 374 1514 praemium,
394 1457 590 1501 amaret.
646 1452 753 1500 Hoc
768 1457 932 1499 autem
950 1451 1052 1514 ipse
1077 1451 1137 1499 de
1156 1468 1221 1511 se,
1241 1468 1339 1499 non
1356 1452 1624 1515 profectum
1637 1454 1866 1515 jactando

105 1533 359 1594 virtutum,
397 1535 480 1583 sed
516 1534 734 1582 deflendo
774 1534 940 1597 potius
982 1534 1224 1582 defectum
1270 1551 1414 1598 quem
1450 1534 1543 1582 sibi
1578 1551 1666 1598 per
1701 1552 1866 1583 curam

105 1618 394 1680 pastoralem
429 1617 686 1666 incurrisse
734 1617 1003 1677 videbatur,
1043 1617 1222 1666 referre
1259 1623 1599 1667 consueverat..
1643 1617 1867 1681 Denique

105 1705 320 1762 tempore
368 1700 576 1762 quodam
624 1703 820 1758 secreto,
863 1716 971 1747 cum
1010 1699 1211 1748 diacono
1247 1717 1334 1748 suo
1372 1700 1524 1748 Petro
1561 1701 1866 1763 conloquens,

106 1782 401 1831 enumeratis
425 1782 577 1830 animi
602 1782 678 1830 sui
701 1782 969 1831 virtutibus
997 1782 1323 1845 priscis,.mox
1352 1783 1557 1831 dolendo
1584 1783 1865 1845 subjunxit:

106 1871 117 1892 ‘
137 1864 208 1914 At
243 1881 369 1913 nunc
410 1882 471 1913 ex
517 1864 759 1913 occasione
806 1881 934 1913 curae
981 1866 1235 1929 pastoralis
1277 1866 1595 1915 saecularium·
1615 1865 1869 1913 hominum

104 1946 297 2009 negotia
345 1947 546 2010 patitur,
584 1953 633 1995 et
685 1950 797 2010 post
844 1951 949 1995 tam
1000 1947 1219 2011 pulcram
1274 1947 1452 2012 quietis
1503 1965 1602 1996 suae
1646 1947 1867 2011 speciem,

105 2028 286 2078 terreni
320 2034 455 2078 actus
495 2029 694 2093 pulvere
735 2029 962 2079 foedatur.
1051 2030 1274 2094 Cumque
1322 2047 1373 2080 se
1423 2046 1511 2093 pro
1561 2030 1867 2078 descensione

106 2113 374 2161 multorum
409 2114 472 2161 ad
507 2113 747 2161 exteriora
781 2113 1024 2176 sparserit,
1062 2114 1208 2162 etiam
1251 2131 1360 2162 cum
1397 2113 1631 2162 interiora
1666 2113 1866 2177 appetit,

106 2201 165 2248 ad
192 2199 295 2246 haec
319 2196 488 2260 procul
512 2195 658 2243 dubio
683 2195 844 2244 minor
868 2195 1009 2245 redit.
1081 2197 1332 2261 Perpendo
1364 2196 1528 2260 itaque
1553 2197 1672 2261 quid
1697 2197 1866 2255 tolero,

105 2281 347 2346 perpendo
383 2278 502 2342 quid
543 2278 713 2327 amisi:
761 2278 976 2342 dumque
1017 2278 1210 2328 intueor
1243 2280 1364 2328 illud
1397 2280 1526 2344 quod
1566 2279 1772 2342 perdidi,
1810 2279 1877 2328 fit

107 2365 198 2414 hoc
221 2362 416 2428 gravius
449 2361 579 2425 quod
606 2360 775 2424 porto?
847 2361 971 2411 Haec
1009 2362 1207 2426 quidem
1243 2370 1437 2412 sanctus
1471 2363 1549 2412 vir
1584 2381 1644 2412 ex
1681 2380 1868 2426 magnae

107 2444 400 2494 humilitatis
423 2444 694 2493 intentione
729 2444 921 2493 dicebat
943 2463 952 2493 :
990 2446 1074 2494 sed
1098 2463 1187 2495 nos
1213 2447 1408 2495 credere
1432 2445 1731 2506 decet‚,nihil
1756 2463 1867 2493 eum

108 2527 400 2577 monachicae
449 2527 757 2591 perfectionis
810 2528 1078 2591 perdidisse
1129 2528 1374 2578 occasione
1427 2545 1553 2576 curae
1600 2528 1867 2592 pastoralis,

109 2611 257 2659 immo
280 2609 518 2673 potiorem
541 2615 660 2659 tunc
684 2611 943 2674 sumpsisse
978 2611 1248 2675 profectum
1273 2613 1332 2660 de
1356 2612 1519 2661 labore
1545 2612 1870 2660 conversionis

109 2694 388 2752 multorum,
436 2709 582 2756 quam
628 2693 688 2742 de
734 2693 944 2757 propriae
991 2694 1236 2758 quondam
1283 2695 1443 2758 quiete
1491 2694 1868 2744 conversationis

108 2776 373 2825 habuerat:
429 2774 638 2823 maxime
686 2775 801 2839 quia
849 2779 899 2824 et
948 2775 1212 2839 pontificali
1252 2777 1447 2826 functus
1484 2777 1637 2826 officio
1673 2777 1869 2826 domum

110 2875 247 2907 suam
282 2857 628 2905 monasterium
647 2858 664 2884 ²
704 2858 859 2906 facere
894 2859 1081 2908 curavit
1098 2876 1113 2919 3
1148 2865 1198 2908 et
1233 2859 1350 2907 dum
1386 2859 1546 2923 primo
1583 2861 1643 2908 de
1679 2875 1867 2907 monas-

110 2940 234 2989 terio
268 2939 553 2998 abstractus,
589 2940 653 2988 ad
687 2940 1012 2990 ministerium
1047 2941 1215 2991 altaris
1256 2941 1520 3002 ordinatus,
1559 2948 1707 3005 atque
1745 2940 1868 2989 Con-

166 3061 181 3086 ¹
211 3062 354 3115 Felix]
375 3063 464 3103 The
484 3062 598 3102 third
613 3075 662 3102 or
678 3062 818 3103 fourth
839 3063 886 3103 of
899 3063 972 3104 the
1029 3063 1212 3105 ‘atavus'
1235 3066 1381 3106 should
1400 3065 1565 3117 strictly
1580 3066 1630 3104 be
1650 3060 1871 3115 ‘proavus,’

113 3130 235 3157 name
254 3118 474 3170 according
491 3117 744 3157 todifferent
755 3125 972 3171 computa·
1027 3120 1101 3159 the
1133 3121 1272 3161 father
1299 3121 1347 3161 of
1371 3121 1443 3161 the
1474 3119 1752 3173 grandfather.
1809 3118 1870 3157 Cf.

114 3172 236 3213 tiens.
292 3173 525 3213 Succeeded
546 3183 631 3213 Aa).
650 3172 742 3223 526,
760 3173 855 3213 died
874 3184 962 3218 ΔΛ).
1019 3175 1214 3216 Milman.

118 3239 211 3280 530.
267 3227 477 3281 Probably
509 3226 715 3268 therefore
744 3227 818 3268 the
851 3229 965 3270 word
1075 3229 1090 3253 ²
1118 3230 1432 3283 monasterium]
1464 3228 1541 3269 See
1562 3241 1600 3280 p.
1622 3239 1688 3282 49,
1711 3230 1808 3268 note
1834 3239 1867 3268 2.

951 3298 984 3334 G
1012 3301 1036 3334 2
