2216 3554
83 193 204 243 CAP.
221 189 293 260 v.]
705 193 870 243 Gentis
903 192 944 240 A
952 193 1192 255 nqlo'rum.
1730 199 1752 242 1
1762 200 1790 243 Ο
1799 197 1823 241 t

81 331 218 395 regni
263 333 588 397 gubernacula
633 333 930 396 suscepisset,
965 348 1141 395 magno
1179 330 1367 379 tenellis
1413 329 1482 378 ibi
1577 349 1651 385 His
1665 360 1732 386 son

81 413 238 462 adhuc
261 416 467 463 ecclesiae
492 414 744 463 crementis
768 414 1059 462 detrimento
1082 413 1188 460 fuit.
1231 411 1481 475 Siquidem
1524 398 1780 490 Ὲίἓὲξζὲῗῃζῖ

81 512 179 544 non
216 498 368 546 solum
399 498 543 546 fidem
579 496 763 546 Christi
797 496 1007 560 recipere
1042 496 1277 555 noluerat,
1316 495 1399 543 sed
1434 499 1484 544 et
1570 498 1742 540 idolatry.

82 577 394 629 fornicatione
425 580 640 643 pollutus
673 584 745 628 est
776 579 877 638 tali,
906 579 1099 642 qualem
1131 595 1219 626 nec
1250 578 1379 626 int-er
1406 583 1574 640 gentes
1607 577 1826 626 auditam

81 662 328 723 apostolus
343 666 548 710 testatur
562 662 593 721 ¹,
612 662 681 714 ita
704 666 760 709 ut
783 677 983 709 uxorem
1001 660 1154 723 patris
1169 660 1186 686 ²
1210 660 1424 709 haberet.
1485 660 1599 721 Quo·
1617 664 1828 723 utroque

81 743 253 792 scelere
289 744 581 793 occasionem
615 744 752 814 dedit
793 743 854 791 ad
888 743 1098 806 priorem
1131 742 1373 791 vomitum
1407 743 1680 791 revertendi
1695 743 1726 802 ⁸,
1750 741 1826 789 his

81 826 166 889 qui
198 827 287 875 sub
318 826 519 890 imperio
553 826 628 875 sui
659 825 891 888 parentis,
919 825 998 873 vel
1029 825 1195 872 favore
1225 826 1303 873 vel
1339 826 1514 874 timore
1546 826 1691 889 regio,
1716 825 1826 872 fidei

81 913 132 956 et
162 909 453 957 castimoniae
475 908 590 971 jura
621 913 944 971 susceperant.
1015 907 1119 957 Nec
1156 924 1378 971 supernae
1417 908 1607 972 flagella
1635 908 1826 955 distric—
1904 977 1908 980 ἡ

79 990 229 1038 tionis
250 990 432 1054 perfido
456 991 560 1055 regi
584 990 865 1054 castigando
889 982 1246 1053 et'corrigendo
1265 990 1486 1040 defuere:
1523 1009 1637 1039 nam
1661 991 1827 1038 crebra

80 1073 256 1122 mentis
279 1074 484 1133 vesania,
510 1081 559 1122 et
583 1074 787 1137 spiritus
810 1073 1051 1121 immundi
1074 1072 1322 1122 invasione
1345 1074 1671 1137 premebatur.

147 1155 308 1203 Auxit
346 1160 510 1204 autem
547 1156 807 1219 procellam
847 1155 1048 1218 hujusce
1080 1156 1477 1219 perturbationis,
1512 1156 1658 1205 etiam
1693 1172 1823 1204 mors

80 1237 297 1287 Sabercti
319 1239 443 1302 regis
477 1238 802 1286 Orientalium
828 1238 1089 1297 Saxonum,
1116 1238 1200 1301 qui
1225 1238 1310 1286 ubi
1334 1256 1484 1302 regna
1589 1279 1650 1315 On
1663 1279 1731 1315 the

79 1320 310 1383 perennia
344 1327 527 1384 petenS,
562 1326 663 1369 tres
710 1337 819 1370 suos
855 1319 993 1379 filios,
1031 1320 1113 1383 qui
1160 1320 1336 1383 pagani
1375 1338 1483 1384 per·
1568 1323 1746 1407 ἓξθῗὲἳὲξ

78 1403 388 1463 duraverant,
444 1403 582 1466 regni
651 1402 928 1465 temporalis
997 1402 1196 1450 heredes
1265 1394 1479 1466 reliquit,
1546 1422 1639 1464 king
1653 1421 1694 1455 or
1703 1421 1773 1456 the

78 1491 328 1550 coeperunt
359 1486 433 1534 illi
466 1504 579 1535 mox
613 1487 864 1544 idolatriae,
899 1503 1043 1550 quam
1078 1486 1273 1534 vivente
1306 1503 1362 1534 eo
1397 1485 1482 1533 ali·
1526 1471 1786 1555 Effisssffiff’

78 1569 370 1632 quantulum
404 1568 718 1616 intermisisse
751 1568 1057 1626 videbantur,
1090 1568 1249 1631 palam
1285 1567 1481 1627 servire,
1534 1570 1774 1627 reyapseinto

78 1650 401 1714 subjectisque
452 1649 643 1713 populis
696 1649 826 1698 idola
883 1649 1071 1698 colendi
1117 1650 1321 1697 liberam
1370 1650 1484 1697 dare
1568 1620 1752 1662 1d01atry;

76 1732 333 1781 licentiam.
403 1732 626 1794 Cumque
660 1731 881 1780 viderent
912 1731 1225 1799 pontificem*
1256 1731 1508 1779 celebratis
1542 1730 1596 1778 in
1628 1729 1827 1778 ecclesia

76 1815 334 1863 missarum
379 1814 656 1874 sollemniis,
701 1813 1039 1862 eucharistiam
1084 1814 1265 1876 populo
1312 1814 1437 1873 dare,
1487 1813 1726 1871 dicebant,
1767 1817 1826 1859 ut

75 1898 222 1960 vulgo
257 1897 422 1955 fertur,
455 1897 517 1945 ad
557 1913 666 1945 cum
702 1896 906 1945 barbara
939 1896 1103 1961 inflati·
1133 1896 1373 1944 stultitia:
1419 1896 1608 1956 ‘Quare
1642 1911 1740 1942 non
1776 1901 1824 1942 et

76 1980 215 2029 nobis
251 1979 460 2043 porrigis
494 1996 668 2042 panem
715 1979 940 2038 nitidum,
977 1996 1123 2043 quem
1158 1983 1208 2027 et
1253 1978 1385 2042 patri
1425 1984 1589 2027 nostro
1638 1977 1764 2026 Saba
1778 1978 1828 2036 ⁵‚'

76 2062 144 2112 sic
175 2080 384 2126 namque
413 2079 522 2110 eum
550 2062 792 2126 appellare
824 2067 1129 2122 consuerant,
1165 2062 1352 2122 ‘dabas,
1379 2068 1428 2110 et
1460 2061 1638 2125 populo
1670 2060 1825 2109 adhuc

75 2145 191 2193 dare
224 2145 277 2192 in
311 2143 507 2193 ecclesia
540 2161 638 2192 non
673 2142 919 2191 desistisl'
992 2143 1182 2205 Quibus
1216 2144 1300 2192 1116
1339 2144 1690 2207 respondebat:
1743 2143 1825 2191 ‘Si

75 2227 224 2275 vultis
260 2226 390 2275 ablui
436 2227 569 2274 fonte
603 2226 687 2274 illo
723 2225 926 2274 salutari
973 2243 1068 2290 quo
1103 2232 1243 2290 pater
1288 2230 1449 2275 vester
1494 2226 1689 2274 ablutus
1736 2231 1821 2286 est,

75 2309 277 2374 potestis
301 2309 448 2357 etiam
472 2309 609 2373 panis
633 2308 800 2368 sancti,
825 2308 904 2357 cui
927 2309 1009 2357 ille
1040 2309 1380 2372 participabat,
1405 2326 1504 2358 esse
1531 2309 1789 2372 participes
1811 2328 1820 2357 :

76 2392 152 2441 sin
175 2398 335 2441 autem
368 2392 612 2440 lavacrum
644 2392 760 2440 vitae
795 2392 1119 2452 contemnitis,
1143 2392 1419 2440 nullatenus
1449 2392 1622 2441 valetis
1650 2408 1823 2455 panem

75 2474 192 2538 vitae
227 2473 501 2538 percipere.’
572 2473 649 2522 At
683 2474 770 2535 illi,
809 2475 887 2522 ‘N
890 2474 1111 2535 olumus,'
1153 2475 1396 2539 inquiunt,
1436 2474 1642 2523 ‘fontem
1682 2474 1823 2522 illum

130 2598 146 2622 ¹
176 2598 362 2651 testatur]
417 2609 435 2637 1
459 2599 549 2638 cor.
570 2612 609 2639 v.
634 2611 670 2639 1.
1030 2597 1046 2621 ⁴
1066 2598 1320 2651 pontificem]
1362 2599 1565 2639 Mellitus.

131 2652 148 2675 ²
173 2666 337 2694 uxorem
380 2653 535 2705 patris]
617 2651 922 2694 AEthelberht’s
1028 2653 1044 2677 ⁵
1069 2653 1201 2706 Saba]
1231 2654 1301 2694 i.e.
1322 2654 1520 2694 Saeberht.
1553 2655 1596 2694 A
1616 2654 1822 2707 tendency

75 2708 224 2750 second
260 2707 366 2756 wife,
407 2721 453 2747 as
493 2708 649 2748 Berhte
694 2708 779 2748 had
824 2709 921 2748 died
975 2712 1020 2747 to
1048 2709 1287 2749 abbreviate
1312 2709 1447 2749 Saxon
1477 2722 1621 2749 names
1644 2713 1688 2748 to
1712 2709 1824 2748 their

75 2765 214 2804 before
244 2763 343 2802 him.
404 2762 494 2801 The
526 2769 686 2803 custom
715 2776 845 2802 seems
876 2767 920 2803 to
974 2763 1066 2803 first
1093 2764 1266 2814 syllable
1292 2764 1328 2803 is
1356 2768 1430 2804 not
1458 2777 1712 2804 uncommon.
1769 2764 1822 2803 So

75 2819 184 2859 have
217 2818 323 2857 been
347 2817 514 2868 regular
539 2831 690 2869 among
717 2818 788 2857 the
815 2818 920 2857 Teu·
975 2818 1048 2857 the
1093 2819 1232 2859 Saxon
1278 2819 1507 2868 Chronicle,
1555 2819 1609 2859 ad
1645 2832 1681 2858 a.
1725 2817 1819 2865 611,

76 2874 190 2914 tonic
207 2873 336 2912 tribes
356 2872 449 2911 that
473 2885 499 2911 a.
524 2885 598 2911 son
616 2872 763 2911 should
782 2885 922 2925 marry
975 2873 1114 2913 writes
1135 2874 1273 2914 Cutha
1298 2874 1361 2913 for
1380 2874 1591 2921 Cuthwin‚
1615 2873 1740 2914 Ceola
1760 2873 1822 2910 for

75 2928 141 2968 his
178 2927 459 2980 step-mother.
533 2927 782 2978 Ermengils,
819 2927 921 2980 king
975 2927 1150 2969 Oeolric.
1197 2929 1354 2968 ‘These
1373 2929 1638 2974 nicknames,'
1658 2926 1822 2967 accord-

76 2983 125 3023 of
148 2983 220 3022 the
245 2981 391 3029 Varni,
423 2981 515 3035 bids
542 2981 607 3020 his
634 2995 708 3021 son
736 2981 922 3034 Radiger
974 2982 1046 3035 ing·
1082 2986 1126 3023 to
1162 2983 1352 3032 Kemble,
1393 2987 1485 3024 ‘are
1517 2983 1672 3034 merely
1702 2981 1820 3020 dimi-

77 3038 131 3078 do
156 3038 203 3086 it,
224 3035 402 3086 καθάπερ
429 3036 450 3074 ὁ
479 3034 639 3085 πάτριος
666 3034 760 3086 ἡμῖν
787 3036 919 3087 ἐφίησι
974 3038 1134 3087 nutive,
1164 3039 1247 3078 and
1275 3052 1436 3078 answer
1463 3040 1508 3078 in
1545 3038 1628 3077 fact
1665 3040 1709 3075 to
1746 3049 1821 3074 our

77 3091 208 3142 νόμος.
266 3091 503 3142 Procopius,
535 3090 638 3130 Bell.
668 3091 762 3132 Get.
779 3091 834 3131 iv.
857 3104 920 3132 20.
976 3093 1092 3139 Tom,
1128 3094 1230 3139 Bob,
1262 3093 1345 3133 and
1379 3092 1490 3133 Bill.’
1546 3090 1821 3140 Proceedings

77 3145 528 3241 Grfgaozrius'expressly
548 3145 702 3238 {prbids
721 3146 768 3191 it,
786 3160 824 3242 p.
850 3145 919 3255 {ej
973 3147 1020 3187 of
1043 3147 1117 3188 the
1143 3148 1469 3201 Archaeological
1498 3146 1672 3199 Society,
1699 3145 1816 3196 1845,

249 3214 428 3252 przorem
454 3213 562 3240 vomu
585 3213 648 3239 um
676 3214 785 3241 rever
803 3215 849 3241 en
880 3214 898 3241 ἰ
1005 3233 1014 3242 .
1090 3233 1100 3244 .

78 3256 202 3310 Prov.
225 3257 338 3297 xxvi.
364 3267 435 3302 11;
468 3267 488 3294 2
510 3256 603 3295 Pet.
622 3255 665 3296 ii.
688 3266 750 3296 22.
975 3217 1002 3256 p
1034 3214 1086 3257 97
