2216 3554
923 240 1151 289 Historia
1185 239 1520 288 Ecclesiascioa

346 245 408 290 92
1885 234 2017 305 [Lm
2034 252 2092 285 11.

345 375 356 394 ‘
374 370 500 431 Quia
532 371 585 418 in
625 370 794 418 multis
818 370 1012 433 quidem
1044 375 1221 420 nostrae
1253 368 1603 428 consuetudini,
1627 368 1775 415 immo
1810 367 2094 415 universalis

343 453 553 501 ecclesiae
577 451 817 501 contraria
839 453 1011 515 geritis
1030 470 1040 502 z
1078 457 1127 501 et
1150 457 1311 501 tamen
1337 452 1378 501 si
1401 452 1453 499 in
1476 451 1634 499 tribus
1666 450 1742 497 his
1767 449 1888 496 mihi
1912 450 2094 497 obtem-

342 553 510 599 perare
533 536 684 584 vultis
701 553 713 596 ;
751 541 808 583 ut
831 535 1009 599 pascha
1033 553 1118 584 suo
1142 540 1358 599 tempore
1394 533 1656 591 celebretis,
1680 536 1740 580 ut
1773 532 2095 579 ministerium

342 618 623 681 baptizandi
641 619 672 677 ¹,
700 634 795 681 quo
821 618 925 665 Deo
949 618 1258 676 renascimur,
1279 620 1422 680 juxta
1445 632 1629 663 morem
1662 618 1840 662 sanctae
1866 614 2095 661 Romanae

345 706 393 748 et
418 700 693 762 apostolicae
718 700 929 749 ecclesiae
955 700 1248 764 compleatis,
1273 704 1332 747 ut
1353 699 1489 762 genti
1513 696 1792 760 Anglorum
1815 713 1914 744 una
1936 695 2096 743 nobis-

345 798 456 828 cum
492 782 695 829 verbum
734 782 934 830 Domini
972 782 1259 845 praedicetis,
1304 788 1477 830 caetera
1523 797 1630 843 quae
1678 778 1836 842 agitis,
1877 777 2098 841 quamvis

347 865 563 913 moribus
585 865 768 913 nostris
789 850 1045 926 contraria,
1071 864 1406 928 aequanimiter
1430 868 1602 912 cuncta
1631 860 1968 910 tolerabimus!
2027 858 2098 907 At

345 947 420 994 illi
444 947 515 994 nil
543 947 718 995 horum
751 964 800 995 se
832 947 1057 1006 facturos,
1084 963 1240 1010 neque
1270 946 1412 994 illum
1446 962 1537 1008 pro
1573 943 1928 1006 archiepiscopo
1963 941 2099 988 habi-

344 1036 483 1079 turos
506 1047 608 1078 esse
631 1030 1015 1093 respondebant²
1035 1048 1045 1078 :
1085 1029 1382 1078 conferentes
1406 1029 1466 1076 ad
1484 1028 1703 1087 invicem,
1721 1026 1838 1089 quia
1863 1030 1873 1049 ‘
1890 1024 1932 1074 si
1956 1024 2099 1072 modo

346 1099 484 1160 nobis
508 1113 768 1175 adsurgere
791 1112 961 1172 noluit,
988 1117 1172 1174 quanto
1196 1111 1352 1175 magis
1376 1110 1417 1159 si
1442 1110 1487 1158 ei
1511 1109 1649 1158 subdi
1677 1108 1975 1172 coeperimus,
1996 1106 2098 1171 jam

345 1211 432 1242 nos
455 1212 543 1258 pro
567 1195 720 1242 nihilo
745 1193 1048 1242 contemnet.'

415 1277 603 1338 Quibus
638 1277 715 1325 vir
749 1275 951 1324 Domini
986 1274 1295 1339 Augustinus
1330 1275 1488 1323 fertur
1527 1274 1760 1322 minitans
1802 1271 2096 1336 praedixisse,

387 1378 465 1412 and
479 1378 643 1414 foretells
687 1358 804 1421 quia
829 1357 870 1405 si
892 1374 1059 1421 pacem
1083 1374 1193 1410 cum
1213 1357 1446 1405 fratribus
1465 1357 1679 1420 accipere
1697 1356 1898 1413 nollent,
1916 1353 2100 1401 bellum

396 1428 632 1512 desggtssffgon
687 1441 748 1488 ab
766 1441 986 1489 hostibus
1002 1441 1162 1488 forent
1180 1439 1451 1503 accepturi;
1489 1443 1538 1487 et
1556 1439 1598 1487 si
1622 1438 1808 1487 nationi
1827 1437 2100 1500 Anglorum

440 1526 597 1561 British.
687 1523 957 1572 noluissent
989 1523 1120 1571 viam
1154 1522 1269 1571 vitae
1303 1522 1578 1584 praedicare,
1611 1538 1699 1585 per
1721 1521 1895 1568 horum
1931 1534 2100 1566 manus

344 1605 580 1654 ultionem
617 1612 776 1654 essent
810 1605 982 1654 mortis
1017 1605 1220 1670 passuri.
1293 1605 1436 1667 Quod
1470 1605 1542 1652 ita
1576 1621 1664 1669 per
1688 1603 1862 1662 omnia,
1892 1606 1948 1650 ut
1975 1616 2099 1665 prae-

346 1688 550 1746 dixerat,
577 1688 743 1737 divino
767 1694 941 1752 agente
961 1688 1146 1751 judicio
1170 1691 1417 1751 patratum
1442 1691 1527 1736 est.

416 1770 666 1834 Siquidem
707 1778 818 1834 post
864 1771 999 1819 haec³
1038 1771 1142 1834 ipse
1179 1771 1239 1819 de
1280 1787 1376 1833 quo
1423 1770 1651 1830 diximus,
1692 1785 1778 1817 rex
1820 1766 2099 1833 Anglorum

344 1853 638 1902 fortissimus
673 1853 919 1913 AEdilfrid,
957 1853 1158 1902 collecto
1206 1852 1383 1917 grandi
1425 1852 1641 1901 exercitu
1656 1853 1688 1911 ⁴,
1729 1851 1790 1899 ad
1834 1850 2098 1898 Civitatem

401 1990 416 2014 ¹
443 1991 722 2031 ‘ministerium
741 1991 983 2042 baptizandi
1005 2022 1014 2031 .
1035 2021 1044 2030 .
1062 2021 1071 2031 .
1091 2003 1195 2031 com-

343 2045 513 2097 pleatis]
546 2049 557 2066 ‘
574 2046 648 2085 Dr.
670 2046 866 2098 Lingard‚
889 2046 991 2086 A.S.
1013 2045 1191 2095 Church,

345 2100 372 2140 i.
397 2099 463 2151 69,
486 2111 577 2149 322,
607 2101 688 2140 and
714 2101 798 2140 Mr.
820 2101 1062 2148 Stevenson,
1087 2101 1193 2152 Eng.

1249 2061 1395 2087 manae.
1452 2046 1617 2085 Notum
1645 2045 1700 2084 sit
1728 2050 1769 2084 et
1798 2044 1955 2096 absque
1981 2043 2100 2083 dubi-

1248 2102 1408 2142 tatione
1447 2101 1576 2146 vobis,
1614 2099 1726 2152 quod
1763 2103 1806 2138 et
1847 2112 1921 2138 nos
1959 2112 2100 2138 omnes

1248 1990 1789 2044 petentem·subjectionem
1817 1988 1996 2028 ecclesiae
2018 1988 2100 2027 Ro-
2176 2009 2179 2011 ·

346 2155 421 2195 Ch.
444 2155 692 2202 Historiam,
715 2156 742 2194 i.
765 2158 856 2206 358,
878 2156 1027 2195 render
1047 2159 1194 2194 “com-

346 2208 526 2262 pleatis'’
548 2210 604 2262 by
619 2211 848 2262 “perfect,”
861 2210 946 2250 and
965 2223 1140 2262 suppose
1158 2210 1194 2249 it

346 2269 391 2304 to
428 2264 535 2303 refer
566 2269 610 2304 to
647 2265 943 2311 confirmation,
977 2265 1113 2305 which
1150 2268 1195 2304 at

346 2319 479 2358 Rome
497 2332 583 2359 was
607 2320 903 2360 administered
922 2323 967 2359 at
984 2321 1057 2360 the
1075 2324 1195 2372 great

345 2374 532 2413 festivals
562 2375 840 2427 immediately
866 2375 973 2414 after
1001 2375 1192 2426 baptism.

347 2428 622 2469 Archdeacon
647 2430 848 2475 Churmu,
868 2430 998 2482 Early
1018 2430 1193 2482 English

346 2483 528 2530 Church,
550 2498 615 2537 44,
635 2485 717 2523 and
744 2485 827 2524 Mr.
851 2485 1103 2530 Martineau,
1125 2495 1190 2535 55,

346 2538 602 2578 understand
630 2540 664 2578 it
693 2543 736 2578 to
760 2540 891 2579 relate
913 2546 957 2579 to
983 2540 1056 2579 the
1075 2553 1193 2592 ques-

345 2594 436 2632 tion
451 2593 498 2632 of
504 2607 582 2633 one
596 2607 643 2633 or
656 2594 773 2633 three
787 2595 1056 2636 immersions.
1104 2594 1193 2633 The

347 2648 498 2687 second
516 2649 623 2688 view
652 2662 782 2688 seems
810 2653 855 2688 to
883 2663 951 2688 me
980 2650 1053 2689 the
1080 2662 1193 2688 more

344 2703 568 2756 probable!
637 2703 882 2752 Robertson‚
933 2705 1108 2758 History
1154 2703 1199 2744 of

348 2757 558 2798 Christian
577 2758 755 2804 Ohurch,
773 2759 817 2797 ii.
842 2771 904 2804 20,
923 2763 1036 2798 note.

402 2811 418 2834 ²
446 2813 754 2866 respondebant]
779 2814 1005 2853 Dunawd’s
1026 2814 1140 2865 reply
1157 2813 1193 2853 is

346 2866 470 2920 given
497 2867 542 2906 in
561 2868 706 2907 Welsh
733 2868 817 2907 and
845 2869 971 2908 Latin
999 2869 1056 2921 by
1079 2868 1194 2920 Spel-

346 2936 458 2970 man,
493 2922 646 2962 ConciL
677 2923 706 2962 i.
743 2937 811 2975 pp.
850 2924 937 2969 108,
971 2935 1061 2974 109,
1088 2923 1194 2962 from

349 2990 405 3016 an
433 2977 501 3017 old
521 2977 614 3017 MS.
638 2977 685 3016 of
709 2978 924 3016 uncertain
952 2978 1194 3030 authorship

346 3032 432 3072 and
469 3032 577 3071 date.
637 3031 771 3071 There
817 3032 892 3071 has
928 3032 1032 3071 been
1070 3033 1195 3071 much

348 3087 479 3126 doubt
507 3087 554 3126 of
576 3086 632 3126 its
659 3087 955 3139 genuineness:
996 3088 1074 3126 but
1099 3087 1196 3127 Stil-

346 3141 545 3194 lingfleet‚
586 3155 626 3194 p.
659 3141 760 3193 538,
788 3141 871 3180 and
909 3141 1195 3194 Lappenberg,

342 3196 378 3290 {5³
396 3207 471 3290 Ῑέἒ
478 3227 488 3243 ’
499 3209 747 3291 εὲὒῗζΐὲῗοῗ
762 3196 1191 3303 ὲῖεῗέηξῗέοὲζωᾶἕ

342 3306 511 3359 Bangor
536 3306 591 3347 ad
622 3306 908 3360 Augustinum
940 3306 1190 3346 monachum

1250 2171 1393 2197 sumus
1408 2160 1450 2196 et
1464 2155 1642 2207 quilibet
1656 2158 1843 2194 nostrum
1859 2153 2100 2193 obedientes

1249 2216 1294 2252 et
1340 2212 1495 2251 subditi
1535 2209 1727 2249 Ecclesiae
1766 2208 1847 2249 Dei
1893 2212 1935 2248 et
1984 2222 2099 2260 papae

1249 2268 1406 2313 Romae,
1425 2271 1468 2306 et
1497 2266 1719 2316 unicuique
1739 2277 1836 2303 vero
1862 2263 2099 2302 Christiano

1253 2321 1336 2375 [et]
1358 2322 1427 2374 pio
1445 2320 1505 2360 ad'
1519 2321 1745 2360 amandum
1760 2331 2100 2370 unumquemque

1248 2378 1294 2416 in
1313 2391 1387 2416 suo
1407 2376 1541 2428 gradu
1559 2375 1603 2414 in
1624 2375 1828 2414 charitate
1846 2373 2040 2425 perfecta,
2056 2377 2099 2413 et

1248 2432 1302 2472 ad
1324 2431 1558 2483 juvandum
1578 2441 1916 2480 unumquemque
1942 2441 2097 2476 eorum,

1248 2487 1375 2526 verbo
1413 2490 1455 2526 et
1490 2486 1601 2524 facto
1638 2483 1724 2523 fore
1761 2484 1867 2523 filios
1906 2483 2016 2523 Dei:
2057 2487 2099 2523 et

1246 2542 1373 2581 aliam
1401 2540 1681 2580 obedientiam
1710 2552 1833 2590 quam
1862 2538 1987 2577 istam
2014 2551 2099 2578 non

1247 2597 1332 2636 scio
1357 2596 1541 2635 debitam
1569 2595 1607 2634 ei
1629 2607 1755 2646 quem
1774 2607 1847 2633 vos
1871 2592 2100 2632 nominatis

1247 2665 1335 2691 esse
1353 2664 1516 2703 papam,
1534 2663 1610 2688 nec
1629 2662 1716 2688 esse
1736 2652 1897 2700 patrem
1911 2651 2098 2699 patrum:

1246 2707 1446 2746 vindicari
1475 2710 1517 2744 et
1545 2703 1758 2757 postulari,
1781 2707 1824 2742 et
1851 2703 1976 2742 istam
2005 2702 2100 2742 obe-

1248 2761 1450 2801 dientiam
1477 2773 1552 2799 nos
1584 2771 1725 2798 sumus
1753 2758 1889 2810 parati
1920 2758 2020 2797 dare
2054 2760 2099 2796 et

1249 2817 1408 2856 solvere
1437 2816 1475 2855 ei
1495 2819 1538 2854 et
1567 2815 1718 2865 cuique
1738 2812 1974 2853 Christiano
2002 2825 2097 2851 con-

1248 2872 1381 2911 tinuo.
1459 2870 1667 2909 Praeterea
1714 2881 1786 2907 nos
1833 2880 1975 2906 sumus
2021 2867 2098 2906 sub

1249 2926 1548 2978 gubernatione
1594 2923 1774 2975 episcopi
1819 2921 2098 2973 Caerlegionis

1250 2994 1373 3032 super
1384 2979 1593 3031 Osoa‚.qui
1606 2982 1668 3018 est
1681 2978 1734 3017 ad
1749 2976 2098 3028 supervidendum

1250 3036 1325 3075 sub
1354 3035 1446 3075 Deo
1473 3047 1596 3086 super
1621 3033 1752 3080 nobis,
1780 3031 1834 3071 ad
1862 3031 2097 3071 faciendum

1250 3103 1333 3130 nos
1344 3102 1506 3129 servare
1525 3088 1637 3128 viam
1655 3086 1910 3140 spiritalem?

1305 3145 1320 3168 ³
1345 3149 1436 3196 post
1469 3143 1568 3196 hoeo]
1602 3153 1689 3182 ΑΛ).
1725 3140 1818 3192 607,
1846 3140 1887 3190 S.
1919 3140 2098 3188 Chron.;

1245 3209 1336 3240 ΑΛ).
1366 3198 1459 3248 613,
1494 3200 1609 3237 Ann.
1648 3196 1826 3242 Cambr„
1865 3194 2095 3246 Tigernach

1246 3253 1331 3294 and
1350 3253 1508 3293 Ulster.

1298 3307 1314 3331 ¹
1341 3307 1499 3350 collecto
1521 3306 1680 3361 yrandi
1705 3303 1898 3357 exercitu]
1932 3302 2098 3344 AEthel-
