2216 3554
356 165 378 209 1
388 163 450 209 78
929 159 1156 209 Historia
1191 160 1532 209 Ecclesiastica
1866 156 2003 226 [LIB.
2019 173 2097 208 111.

348 293 593 341 virtutum
627 296 678 340 et
712 291 940 356 exemplis
977 293 1227 342 ostendere
1251 298 1301 341 et
1324 292 1586 355 praedicare
1621 292 1935 342 sermonibus.
2006 293 2096 343 Or-

347 375 510 423 dinem
552 377 711 423 autem
747 374 996 423 visionum
1041 393 1252 435 suarum,
1289 375 1388 423 illis
1435 374 1736 422 solummodo
1778 375 1862 438 qui
1897 381 2098 439 propter

347 457 642 506 desiderium
666 458 1050 521 compunctionis
1072 458 1452 522 interrogabant,
1478 474 1717 519 exponere
1741 458 1945 507 volebat.
2006 458 2099 506 Su-

345 547 508 603 perest
545 540 701 588 adhuc
734 540 884 589 frater
918 541 1116 604 quidam
1153 541 1310 589 senior
1350 540 1629 589 monasterii
1666 541 1821 588 nostri
1862 541 1947 604 qui
1987 557 2097 588 nar-

345 640 454 671 rare
485 623 620 681 solet,
647 622 827 671 dixisse
860 623 953 671 sibi
978 623 1216 688 quendam
1251 623 1461 671 multum
1483 639 1704 671 veracem
1732 640 1787 671 ac
1818 622 2098 687 religiosum

345 704 607 763 hominem,
647 706 778 768 quod
824 706 984 769 ipsum
1032 705 1269 755 Furseum
1310 705 1489 754 viderit
1534 705 1587 752 in
1633 705 1883 769 provincia
1929 705 2097 754 Orien-

343 787 518 835 talium
546 786 837 851 Anglorum‚
862 789 1066 853 illasque
1093 789 1304 838 visiones
1340 806 1399 837 ex
1435 788 1589 851 ipsius
1625 804 1710 835 ore
1738 787 1980 835 audierit:
2016 787 2098 834 ad·

339 869 512 933 jiciens
535 870 650 934 quia
681 876 873 934 tempus
901 872 1074 920 hiemis
1097 872 1245 920 fuerit
1281 871 1582 930 acerrimum,
1608 877 1658 918 et
1688 870 1842 934 glacie
1871 869 2099 918 constric-

347 956 466 1013 tum,
492 971 603 1001 cum
636 954 804 1002 sedens
838 953 891 1001 in
922 954 1059 1002 tenui
1083 959 1215 1002 veste
1238 953 1330 1012 vir,
1354 954 1425 1002 ita
1459 954 1589 1002 inter
1612 953 1867 1001 dicendum
1898 959 2101 1016 propter

346 1035 710 1083 multitudinem
745 1037 999 1084 memorati
1033 1035 1225 1085 timoris
1258 1036 1335 1084 vel
1371 1036 1640 1096 suavitatis,
1676 1035 1815 1100 quasi
1850 1036 1906 1083 in
1939 1036 2099 1084 media

346 1118 528 1165 aestatis
552 1123 768 1166 caumate
792 1119 1053 1167 sudaverit.

415 1199 540 1248 Cum
566 1218 695 1264 ergo,
721 1206 779 1249 ut
802 1201 864 1248 ad
887 1200 1137 1264 superiora
1160 1201 1424 1259 redeamus,
1451 1201 1620 1250 multis
1644 1201 1783 1249 annis
1806 1201 1858 1248 in
1883 1201 2067 1250 Scottia
2082 1203 2098 1228 ¹

344 1283 547 1331 verbum
566 1282 661 1331 Dei
680 1283 905 1331 omnibus
923 1284 1235 1342 adnuncians,
1256 1283 1499 1331 tumultus
1522 1283 1819 1331 inruentium
1844 1284 2097 1332 turbarum

346 1382 439 1413 non
466 1365 607 1413 facile
631 1365 794 1425 ferret,
820 1365 1001 1415 relictis
1029 1367 1252 1415 omnibus
1276 1382 1384 1430 quae
1414 1366 1591 1414 habere
1614 1365 1884 1424 videbatur,
1909 1367 1972 1415 ab
1994 1367 2100 1431 ipsa

344 1464 538 1511 quoque
583 1448 744 1497 insula
789 1450 950 1512 patria
996 1449 1248 1498 discessit:
1297 1457 1346 1498 et
1387 1449 1563 1513 paucis·
1593 1467 1702 1498 cum
1743 1450 1977 1498 fratribus
2012 1467 2102 1514 per

346 1531 602 1579 Brettones
637 1531 690 1579 in
725 1532 1028 1595 provinciam
1064 1532 1342 1596 Anglorum
1378 1532 1591 1591 devenit,
1627 1533 1792 1596 ibique
1833 1533 2100 1597 praedicans

344 1613 560 1674 verbum,
596 1619 654 1662 ut
691 1614 921 1674 diximus,
958 1615 1303 1664 monasterium
1349 1615 1513 1664 nobile
1550 1615 1838 1664 construxit.
1908 1616 2099 1677 Quibus

344 1696 437 1744 rite
461 1696 623 1759 gestis,
650 1698 848 1761 cupiens
877 1715 926 1746 se
951 1698 1012 1746 ab
1037 1699 1260 1746 omnibus
1285 1698 1449 1747 saeculi
1474 1697 1634 1761 hujus,
1657 1703 1707 1746 et
1730 1698 1882 1761 ipsius
1905 1715 2099 1762 quoque

345 1779 623 1827 monasterii
658 1780 869 1844 negotiis
906 1780 1130 1841 alienare,
1167 1781 1367 1844 reliquit
1406 1780 1689 1829 monasterii
1732 1787 1781 1828 et
1826 1780 2097 1828 animarum

345 1878 508 1910 curam
543 1861 682 1910 fratri
717 1879 803 1910 suo
840 1863 1048 1911 Fullano
1063 1865 1094 1922 ²,
1125 1868 1173 1912 et
1210 1863 1511 1928 Presbyteris
1543 1862 1776 1912 Gobbano
1807 1869 1856 1911 et
1888 1863 2097 1922 Dicullo,

345 1950 393 1992 et
418 1944 519 2007 ipse
545 1945 605 1992 ab
631 1945 855 1993 omnibus
880 1946 1050 1993 mundi
1083 1947 1226 1995 rebus
1251 1946 1386 2005 liber,
1412 1946 1464 1994 in
1488 1945 1823 1994 anachoretica
1845 1962 2097 1995 conversa-

348 2025 479 2074 tione
504 2026 655 2074 vitam
679 2028 819 2076 finire
843 2028 1099 2092 disposuit.
1172 2029 1363 2077 Habuit
1396 2029 1602 2078 alterum
1626 2028 1838 2086 fratrem,
1864 2028 2097 2077 vocabulo

345 2108 584 2157 Ultanum
599 2109 632 2170 ³,
668 2110 753 2174 qui
788 2111 847 2159 de
882 2111 1164 2160 monasterii
1198 2112 1487 2175 probatione
1519 2111 1762 2169 diuturna,
1800 2111 1863 2159 ad
1893 2111 2095 2159 heremi-

342 2191 487 2239 ticam
511 2199 796 2254 pervenerat
820 2193 987 2242 vitam.
1064 2195 1213 2243 Hunc
1237 2211 1353 2259 ergo
1377 2195 1504 2243 solus
1527 2199 1711 2258 petens,
1731 2210 1914 2242 annum
1936 2196 2109 2241 totum-

341 2289 453 2321 cum
487 2291 544 2322 eo
579 2275 632 2322 in
667 2275 967 2325 continentia
1000 2284 1050 2326 et
1085 2278 1406 2334 orationibus,
1439 2278 1492 2325 in
1529 2276 1829 2341 quotidianis
1863 2293 2096 2324 manuum

340 2356 468 2404 vixit
491 2357 751 2406 laboribus.

409 2439 536 2487 Dein
583 2440 828 2489 turbatam
874 2442 1149 2492 incursione
1184 2442 1447 2506 gentilium
1489 2442 1790 2506 provinciam
1826 2440 2008 2501 videns,
2047 2447 2096 2490 et

437 2539 534 2576 Goes
550 2543 590 2576 to
685 2524 988 2573 monasteriis
1034 2542 1225 2589 quoque
1284 2525 1558 2589 periculum
1608 2524 1861 2573 imminere
1921 2523 2095 2589 praevi-

405 2589 516 2628 Gaul,
541 2591 618 2626 and
682 2605 1050 2666 dens‚.dimissis
1078 2607 1299 2656 ordinate
1329 2607 1566 2667 omnibus,
1593 2606 1842 2672 navigavit
1867 2605 2092 2665 Galliam,

440 2641 520 2676 dies
541 2643 582 2676 at

440 2689 583 2733 Lagny.
681 2688 846 2752 ibique
885 2706 914 2737 a
954 2706 1065 2754 rege
1112 2690 1412 2739 Francorum
1461 2690 1678 2738 Hloduio
1693 2691 1725 2750 ⁴,
1761 2689 1840 2737 vel
1885 2688 2096 2752 patricio

394 2796 410 2819 ¹
438 2796 614 2849 Scottia]
637 2797 662 2836 i.
683 2811 723 2849 q.
744 2798 963 2839 Hibernia.
1295 2799 1312 2824 ⁸
1341 2798 1558 2852 Ultanum]
1616 2799 1762 2839 Abbot
1808 2798 1855 2839 of
1891 2799 2093 2843 Perenne,

395 2850 412 2874 ²
438 2852 638 2905 Fullano]
670 2853 851 2899 Foillan,
882 2855 1058 2895 Fiollan.
1116 2855 1186 2895 He
1241 2855 1339 2895 died
1365 2856 1472 2908 May
1495 2867 1529 2903 1,
1550 2865 1636 2894 Aa).
1657 2853 1749 2896 686.
1810 2854 1920 2896 Gall.
1939 2854 2093 2893 Christ.

339 2907 518 2947 founded
537 2921 563 2946 a
581 2912 817 2960 monastery
832 2913 877 2948 at
896 2909 1032 2958 Fosse,
1050 2910 1094 2949 in
1114 2910 1186 2949 the
1240 2910 1299 2951 iii.
1321 2922 1427 2964 9333
1461 2911 1518 2949 ix.
1552 2909 1670 2961 1036.
1726 2909 1804 2949 See
1830 2922 1856 2948 a
1883 2909 2020 2948 notice
2050 2908 2098 2947 of

340 2961 502 3002 diocese
530 2962 578 3001 of
601 2962 740 3014 Liege,
769 2962 814 3002 in
842 2974 929 3005 ΑΛ).
959 2963 1053 3015 648,
1081 2978 1135 3004 on
1162 2978 1188 3004 a
1241 2966 1331 3005 him
1357 2966 1404 3005 in
1431 2965 1672 3005 Mabillon’s
1691 2965 1791 3005 Act.
1809 2964 1882 3005 SS.
1904 2963 2092 3003 Benedd.

340 3018 419 3056 site
457 3017 584 3069 given
620 3017 678 3070 by
705 3018 766 3057 St.
794 3019 1012 3065 Gertrmie,
1041 3020 1188 3060 abbess
1243 3021 1284 3060 ii.
1309 3021 1399 3071 785.

341 3071 389 3110 of
412 3071 611 3118 Nivialla,
640 3070 838 3117 O’Gonor,
865 3073 910 3114 ii.
945 3082 1033 3125 197,
1061 3078 1186 3123 note;
1295 3073 1311 3098 ⁴
1337 3074 1547 3127 Hloduio]
1578 3074 1716 3114 Clovis
1745 3071 2008 3124 (Hloclowig)
2027 3072 2091 3118 II.

340 3126 562 3172 Mabillon‚
592 3127 675 3167 xiv.
698 3127 773 3176 16;
810 3128 919 3167 Gall.
948 3129 1100 3169 Christ.
1128 3130 1187 3170 iii.
1242 3130 1315 3170 the
1341 3144 1415 3170 son
1435 3130 1480 3170 of
1494 3129 1739 3183 Dagoberht
1759 3129 1795 3176 Ι,
1813 3127 1984 3181 reigned
2003 3137 2091 3167 AD.

340 3193 436 3232 932,
464 3182 547 3222 and
574 3195 659 3222 was
691 3182 965 3223 assassinated
999 3183 1090 3224 Oct.
1121 3196 1185 3234 31,
1243 3183 1446 3238 638-656.

337 3236 467 3276 about
487 3248 578 3278 Aa).
597 3235 690 3289 656.
