2216 3554
95 2190 100 2195 η
179 2127 370 2185 vallata,
406 2133 463 2175 ut
503 2128 675 2176 caelum
715 2132 920 2177 tantum.
953 2146 1014 2177 ex
1052 2146 1136 2188 ea,
1161 2130 1296 2190 cujus
1332 2126 1590 2174 introitum

198 177 319 226 CAP.
346 174 560 245 xxvnn]
834 176 1000 226 Gentis
1029 174 1319 237 Anylorum.
1845 174 1939 219 281

197 310 292 358 viri
317 310 411 359 Dei
434 308 712 358 habitabilis
735 325 822 372 per
845 307 1005 356 omnia
1032 307 1189 355 factus
1213 311 1299 364 est,
1325 303 1565 367 siquidem
1590 300 1651 352 ad
1679 304 1943 352 adventum

196 396 300 455 ejus
340 394 541 456 spiritus
576 408 807 440 recessere
841 390 1057 452 maligni.
1127 389 1251 438 Cum
1291 394 1455 436 autem
1492 387 1596 450 ipse
1634 386 1729 434 sibi
1764 387 1943 434 ibidem

196 476 411 538 expulsis
441 475 662 523 hostibus
694 474 988 522 mansionem
1018 478 1272 535 angustam
1301 470 1698 519 circumvallante
1730 485 1902 531 aggere
1912 470 1941 529 1,

196 562 245 605 et
290 559 458 606 domos
504 558 556 605 in
603 574 659 605 ea
699 556 1001 615 necessarias,
1046 557 1246 618 juvante
1292 553 1500 600 fratrum
1548 569 1707 610 manu,
1754 551 1807 598 id
1855 556 1940 611 est,

195 641 474 699 oratorium,
503 645 550 688 et
573 639 903 687 habitaculum
928 654 1180 686 commune
1205 635 1568 692 construxisset,
1588 634 1736 697 jussit
1767 634 1942 681 fratres

195 722 247 768 in
285 723 497 784 ejusdem
531 706 802 770 habitaculi-
829 721 1105 785 pavimento
1142 720 1329 767 foveam
1347 718 1364 744 ²
1405 717 1590 765 facere:
1636 722 1738 764 erat
1778 722 1941 764 autem

194 804 336 852 tellus
365 804 622 853 durissima
645 807 694 853 et
723 821 905 863 saxosa,
931 804 1010 853 cui
1042 803 1177 850 nulla
1204 801 1400 850 omnino
1434 817 1542 863 spes
1566 816 1700 847 venae
1725 800 1939 847 fontanae

194 887 441 947 videretur
463 887 630 935 inesse.
690 887 834 948 Quod
859 887 1223 945 dumfacerent,
1241 885 1303 933 ad
1327 883 1483 931 fidem:
1497 883 1558 930 ad
1582 899 1745 946 preces
1770 882 1940 930 famuli

192 969 302 1028 Dei,
331 970 426 1018 alio
458 971 538 1018 die
564 987 689 1034 aqua
723 971 865 1034 plena
896 971 1094 1018 inventa
1129 974 1215 1027 est,
1250 985 1359 1031 quae
1383 983 1536 1030 usque
1568 967 1630 1014 ad
1661 966 1785 1014 hanc
1811 966 1940 1014 diem

191 1053 506 1101 sufficientem
553 1053 738 1100 cunctis
793 1053 876 1100 illo
938 1050 1306 1101 advenientibus
1362 1049 1534 1112 gratiae
1589 1065 1689 1096 suae
1737 1049 1940 1097 caelestis

189 1136 376 1199 copiam
424 1136 686 1184 ministrat.
774 1136 871 1184 Sed
917 1140 966 1184 et
1012 1136 1302 1183 ferramenta
1343 1132 1438 1181 sibi
1473 1131 1658 1180 ruralia
1693 1148 1803 1179 cum
1837 1132 1938 1180 fru-

188 1216 387 1266 mento3
431 1218 609 1266 adferri
650 1220 853 1283 rogavit,
897 1220 1030 1283 quod
1070 1218 1184 1266 dum
1234 1220 1506 1280 praeparata
1547 1218 1680 1262 terra
1720 1220 1938 1278 tempore

188 1316 400 1364 congruo
426 1301 698 1357 seminaret,
725 1302 794 1349 nil
820 1302 1029 1360 omnino,
1048 1318 1147 1348 non
1171 1299 1280 1347 dico
1304 1299 1560 1361 spicarum,
1587 1297 1669 1345 sed
1692 1314 1752 1345 ne
1776 1298 1938 1347 herbae

188 1383 383 1446 quidem
425 1401 484 1431 ex
523 1401 579 1432 eo
620 1385 891 1447 germinare
931 1401 1083 1448 usque
1125 1383 1186 1431 ad
1227 1381 1411 1431 aestatis
1452 1374 1672 1443 tempora
1713 1380 1934 1444 contigit.

188 1465 333 1513 Unde
356 1466 684 1515 visitantibus·
702 1485 752 1516 se
782 1485 842 1516 ex
873 1485 1007 1516 more
1043 1467 1292 1523 fratribus,-
1316 1464 1553 1511 hordeum
1573 1463 1718 1526 jussit
1743 1463 1935 1523 adferri,

186 1548 229 1596 si
260 1549 385 1597 forte
415 1550 492 1596 vel
523 1555 698 1598 natura
734 1550 824 1599 soli
859 1551 1003 1609 illius,
1033 1550 1110 1598 vel
1142 1550 1368 1597 voluntas
1400 1550 1525 1595 esset
1558 1546 1755 1609 superni
1788 1546 1934 1609 largi-

183 1631 320 1691 toris,
346 1638 402 1679 ut
426 1632 559 1679 illius
583 1633 739 1696 frugis
772 1634 842 1681 ibi
876 1634 1044 1697 potius·
1074 1648 1207 1696 seges
1231 1629 1451 1679 oriretur.
1525 1629 1666 1690 Quod
1692 1630 1809 1676 dum
1840 1629 1933 1678 sibi

183 1714 412 1773 adlatum,
445 1714 577 1762 ultra
608 1732 749 1764 omne
779 1722 974 1779 tempus
1005 1714 1207 1774 serendi,
1231 1715 1362 1763 ultra
1388 1729 1577 1760 omnem
1608 1729 1743 1775 spem
1766 1711 1934 1760 fructi-

182 1797 372 1855 ficandi,
398 1797 563 1845 eodem
589 1797 641 1844 in
665 1815 779 1862 agro
810 1802 1144 1856 sereret,.mox
1167 1796 1361 1860 copiosa
1394 1811 1525 1857 seges
1558 1801 1726 1843 exorta
1749 1794 1933 1843 deside-

181 1884 338 1928 ratam
361 1879 548 1943 proprii
572 1880 751 1928 laboris
775 1880 883 1929 viro
910 1881 1004 1929 Dei
1029 1876 1341 1928 refectionem
1366 1879 1623 1941 praebebat.

249 1962 374 2010 Cum
398 1979 512 2026 ergo
546 1963 714 2011 multis
746 1963 931 2012 ibidem
965 1964 1116 2013 annis-1
1139 1963 1243 2010 Deo
1278 1961 1523 2009 solitarius
1552 1960 1769 2019 serviret,
1795 1965 1933 2008 tanta

180 2050 343 2092 autem
378 2051 482 2093 erat
515 2045 724 2094 altitudo
759 2047 948 2110 aggeris
990 2063 1086 2110 quo
1127 2044 1313 2093 mansio
1350 2046 1452 2106 ejus
1487 2048 1591 2090 erat
1657 2063 1848 2146 5313684,

1686 2138 1693 2146 .
1767 2114 1862 2152 ron.]

1671 2161 1695 2196 S
1724 2163 1798 2196 nod
1813 2164 1854 2196 at

180 2208 388 2268 sitiebat,
436 2210 647 2274 aspicere
701 2216 873 2274 posset,
923 2211 1130 2274 contigit
1186 2215 1244 2258 ut
1302 2214 1591 2272 congregata
1671 2173 1853 2255 T'iyvyford.

181 2292 365 2353 synodo
401 2309 499 2340 non
530 2310 680 2356 parva
717 2294 806 2342 sub
841 2294 1101 2357 praesentia
1137 2294 1264 2356 regis
1299 2292 1518 2354 Ecgfridi
1548 2291 1694 2354 juxta
1728 2292 1931 2340 fluvium

179 2374 326 2432 Alne,
346 2374 398 2421 in
415 2374 520 2423 loco
539 2375 622 2438 qui
647 2376 827 2425 dicitur
845 2375 1136 2440 Adtuifyrdi
1153 2378 1186 2436 4,
1206 2375 1335 2438 quod
1360 2374 1617 2439 significat,
1641 2379 1652 2400 ⁴
1666 2375 1728 2422 ad
1754 2376 1931 2439 duplex

235 2512 248 2535 ¹
277 2512 437 2565 aqyere]
487 2515 497 2533 ‘
514 2513 591 2552 Est
629 2517 770 2553 autem
805 2514 1026 2554 aedificium

177 2569 262 2608 situ
290 2581 397 2619 pene
423 2568 660 2616 rotundum,
691 2582 717 2608 a
749 2582 868 2608 muro
896 2583 1026 2620 usque

178 2623 233 2662 ad
260 2636 426 2662 murum
461 2635 656 2662 mensura
693 2627 870 2675 quatuor
884 2624 1026 2664 'ferme

178 2679 266 2717 sive
285 2678 470 2729 quinque
497 2678 747 2729 perticarum
775 2679 1025 2727 distentum3

178 2746 323 2771 murus
342 2733 429 2784 ipse
447 2732 596 2771 deforis
624 2733 750 2772 altior
767 2733 1027 2785 longitudine

178 2787 328 2827 stantis
377 2787 582 2827 hominis:
634 2801 731 2827 nam
777 2787 1026 2828 intrinsecus

177 2843 315 2882 vivam
347 2842 540 2881 caedendo
570 2855 714 2894 rupem
742 2843 873 2882 multo
910 2843 1025 2883 illam

176 2899 274 2936 fecit
293 2897 494 2944 altiorem,
517 2901 723 2948 quatenus
751 2898 805 2937 ad
833 2898 1026 2938 cohiben-

176 2952 273 2991 dam
302 2952 512 2991 oculorum
544 2953 667 2991 simul
695 2955 738 2991 et
766 2953 1025 3004 cogitatuum

177 3007 403 3053 lasciviam,
432 3006 486 3046 ad
515 3007 753 3058 erigendam
779 3008 823 3046 in
846 3021 1024 3060 superna

175 3062 379 3102 desideria
402 3066 534 3101 totam
561 3062 711 3101 mentis
736 3062 1020 3110 intentionem,

175 3118 270 3169 pius
293 3117 427 3156 incola
446 3117 507 3155 nil
526 3117 577 3155 de
597 3130 672 3156 sua
690 3118 902 3163 mansione
920 3131 1020 3169 prae-

177 3177 242 3212 ter
284 3173 428 3211 caelum
467 3175 605 3224 posset
642 3171 820 3212 intueri.’
896 3172 1023 3213 Prose

175 3226 281 3274 Life,
302 3240 336 3266 c.
362 3236 424 3277 17.

1134 2513 1506 2622 iff‘zzfflssbffi:
1522 2515 1645 2623 ἐξ.

1137 2623 1151 2646 ⁴
1178 2624 1450 2677 Adtuifyrdi]
1509 2625 1644 2665 There
1673 2625 1709 2664 is
1738 2638 1791 2664 no
1829 2624 1930 2663 such

1081 2678 1197 2731 place
1229 2693 1275 2719 as
1303 2679 1500 2731 Twyford
1536 2680 1690 2720 known
1718 2693 1827 2732 upon
1857 2680 1929 2718 the

1082 2735 1206 2773 Alne.
1254 2734 1342 2774 The
1362 2735 1531 2787 Legend
1550 2734 1598 2773 of
1612 2735 1673 2777 St.
1695 2733 1928 2775 Cuthberht

1081 2792 1210 2828 states
1237 2789 1330 2829 that
1355 2790 1390 2829 it
1409 2803 1494 2830 was
1513 2803 1623 2842 upon
1653 2790 1725 2830 the
1753 2789 1838 2834 Slu‚
1868 2788 1930 2826 for

1083 2843 1230 2890 which,
1268 2844 1406 2884 Smith
1442 2846 1642 2892 remarks,
1681 2846 1794 2884 Alne
1831 2857 1929 2894 may

1078 2899 1259 2951 possibly
1290 2900 1338 2940 be
1365 2913 1391 2939 a
1417 2901 1610 2946 mistake‚
1630 2900 1802 2949 reading
1831 2903 1840 2918 ‘
1856 2898 1898 2935 A
1916 2898 1925 2912 ’

1079 2954 1143 2993 for
1182 2953 1253 2994 ‘S’
1292 2955 1375 2995 and
1413 2954 1489 2994 ‘n’
1531 2956 1594 2994 for
1632 2956 1710 2995 ‘u.'
1767 2954 1854 2991 But
1892 2952 1927 2990 it

1078 3008 1114 3048 is
1158 3009 1271 3049 Alne
1308 3010 1354 3049 in
1390 3011 1464 3049 the
1508 3011 1671 3049 charter
1711 3009 1817 3047 from
1853 3007 1926 3045 the

1077 3063 1269 3103 Durham
1307 3065 1502 3117 Register
1529 3066 1653 3117 given
1690 3064 1743 3114 by
1774 3060 1924 3105 Smith,

1076 3119 1188 3171 App.
1236 3120 1320 3159 No.
1371 3120 1472 3159 xxii.
1557 3120 1646 3158 The
1706 3115 1836 3169 synod
1883 3115 1926 3153 of

1077 3173 1269 3224 Twyford
1297 3188 1383 3215 was
1420 3174 1517 3214 held
1570 3174 1615 3212 in
1634 3183 1720 3213 A.D.
1753 3171 1846 3222 684,
1883 3169 1924 3210 S.

1079 3228 1232 3269 Chron.
