2216 3554
316 173 344 218 3
351 174 379 218 7
384 172 414 217 2
941 169 1170 218 Historia
1206 169 1443 218 Abbatum

310 304 529 364 tempore
570 317 652 348 cor
692 317 865 364 gerens
905 302 1070 362 senile,
1105 308 1299 351 aetatem
1337 301 1517 366 quippe
1552 302 1773 351 moribus
1810 302 2069 360 transiens,

309 383 437 431 nulli
483 383 703 432 animum
744 384 989 448 voluptati
1031 384 1195 433 dedit?
1266 385 1437 433 Nobili
1474 384 1672 448 quidem
1718 385 1872 450 stirpe
1910 387 2071 452 gentis

307 465 587 530 Anglorum
632 466 933 530 progenitus,
982 468 1067 516 sed
1113 484 1212 515 non
1258 467 1437 515 minori
1483 466 1739 516 nobilitate
1784 469 1963 518 mentis
2008 470 2071 519 ad

306 548 627 612 promerenda
666 564 857 612 semper
893 550 1180 614 angelorum
1218 550 1462 598 consortia
1501 567 1774 614 suspensus.
1846 551 2070 616 Denique

308 647 418 679 cum
443 637 567 679 esset
590 630 816 679 minister
839 631 992 680 Osviu
1015 633 1144 696 regis
1168 638 1217 681 et
1239 633 1589 696 possessionem
1612 638 1757 682 terrae
1783 651 1871 683 suo
1893 635 2070 699 gradui

306 718 661 777 competentem
684 713 769 762 illo
793 714 1003 763 donante
1025 715 1308 779 perciperet,
1328 732 1480 764 annos
1504 719 1649 764 natus
1674 715 1869 765 circiter
1890 717 2069 782 viginti

306 801 357 846 et
381 796 597 860 quinque
620 797 861 847 fastidivit
892 797 1244 861 possessionem
1269 798 1513 857 caducam,
1539 804 1597 846 ut
1629 798 1884 862 adquirere
1907 805 2071 863 posset

306 883 569 928 aeternam:
619 880 842 943 despexit
885 880 1114 928 militiam
1155 898 1266 929 cum
1307 881 1617 945 corruptibili
1652 882 1885 931 donativo
1920 889 2070 932 terre-

306 966 472 1019 strem,
497 966 554 1009 ut
577 979 692 1010 vero
716 962 845 1025 Regi
874 962 1124 1020 militaret,
1150 979 1353 1026 regnum
1377 963 1429 1011 in
1464 980 1673 1027 superna
1696 963 1894 1014 civitate
1917 981 2069 1015 mere-

303 1047 440 1092 retur
456 1043 632 1093 habere
656 1044 707 1091 in
731 1049 1050 1108 perpetuum:
1084 1044 1287 1108 reliquit
1304 1044 1517 1105 domum,
1533 1050 1764 1110 cognatos
1788 1052 1837 1095 et
1860 1047 2068 1111 patriam

301 1132 504 1190 propter
540 1126 790 1175 Christum
829 1132 879 1175 et
919 1131 1120 1191 propter
1156 1127 1492 1192 Evangelium‚
1528 1134 1586 1178 ut
1624 1130 1904 1192 centuplum
1946 1131 2069 1179 acci-

301 1215 452 1272 peret,
497 1215 546 1258 et
585 1209 739 1257 vitam
786 1213 1021 1258 aeternam
1060 1210 1361 1275 possideret:
1424 1211 1613 1275 respuit
1657 1213 1842 1276 nuptiis
1888 1214 2069 1263 servire

302 1292 592 1352 carnalibus,
617 1297 674 1340 ut
709 1292 846 1356 sequi
869 1293 1052 1342 valeret
1077 1293 1276 1358 Agnum
1300 1294 1598 1358 virginitatis
1630 1295 1787 1359 gloria
1810 1297 2068 1346 candidum

299 1374 353 1422 in
389 1375 553 1438 regnis
588 1374 888 1424 caelestibus:
936 1376 1112 1425 abnuit
1146 1377 1325 1426 liberos
1360 1394 1505 1426 carne
1538 1395 1791 1442 procreare
1825 1379 2067 1439 mortales,

298 1457 676 1522 praedestinatus
724 1474 754 1506 a
793 1458 992 1507 Christo
1039 1459 1101 1508 ad
1140 1457 1412 1509 educandos
1459 1461 1506 1511 ei
1552 1461 1799 1526 spirituali
1846 1462 2067 1512 doctrina

298 1538 426 1588 filios
450 1539 629 1588 caelesti
652 1540 703 1588 in
727 1540 832 1590 vita
855 1558 1105 1605 perennes.

368 1625 412 1672 2'.
448 1623 664 1673 Dimissa
699 1641 815 1690 ergo
839 1625 1000 1689 patria
1026 1626 1237 1675 Romam
1261 1626 1384 1676 adiit
1398 1627 1430 1687 ¹,
1453 1627 1708 1677 beatorum
1732 1628 2063 1692 apostolorum

363 1720 462 1759 [Am.
478 1721 570 1761 653.]
638 1725 847 1772 quorum
871 1709 1113 1758 desiderio
1149 1727 1339 1775 semper
1366 1711 1537 1760 ardere
1563 1703 1891 1771 consueverat,
1916 1712 2063 1760 etiam

294 1789 398 1838 loca
433 1805 692 1854 corporum
734 1793 1053 1857 corporaliter
1087 1793 1243 1842 visere
1278 1800 1426 1858 atque
1461 1794 1664 1844 adorare
1699 1795 1902 1844 curavit.
1976 1794 2063 1844 Ad

293 1871 506 1936 patriam
530 1890 648 1922 mox
672 1891 910 1935 reversus,
936 1876 1200 1925 studiosius
1223 1893 1279 1925 ea
1304 1894 1412 1941 quae
1437 1877 1563 1926 vidit
1586 1877 1917 1927 ecclesiasticae
1947 1879 2060 1928 vitae

291 1955 533 2016 instituta,
582 1957 803 2022 diligere,
839 1959 1071 2018 venerari,
1121 1965 1171 2008 et
1218 1959 1397 2024 quibus
1443 1961 1607 2024 potuit
1652 1961 1917 2026 praedicare
1964 1979 2061 2010 non

292 2037 452 2088 desiit.
524 2039 635 2100 Quo
670 2046 890 2104 tempore
926 2040 1251 2090 Alchfridus²
1285 2041 1555 2106 supradicti
1590 2043 1719 2107 regis
1755 2043 1894 2094 Osvii
1930 2044 2062 2092 filius

291 2127 341 2170 et
387 2121 491 2185 ipse
537 2126 740 2186 propter
775 2123 1022 2172 adoranda
1058 2124 1389 2188 apostolorum
1430 2124 1600 2174 limina
1639 2126 1848 2175 Romam
1895 2127 2061 2176 venire

290 2203 565 2267 disponens,
595 2205 821 2254 comitem
858 2223 971 2255 eum
1006 2207 1223 2271 ejusdem
1258 2207 1447 2256 itineris
1481 2208 1679 2273 accepit.
1754 2209 1912 2271 Quem
1949 2227 2061 2259 cum

290 2290 431 2350 pater
467 2305 582 2336 suus
618 2289 679 2337 ab
716 2289 988 2338 intentione
1023 2289 1278 2338 memorati
1314 2290 1503 2339 itineris
1538 2287 1797 2349 revocaret,
1826 2298 1974 2357 atque
2008 2293 2059 2341 in

292 2369 451 2433 patria
485 2387 541 2419 ac
576 2388 726 2435 regno
763 2389 850 2420 suo
875 2372 1052 2421 faceret
1088 2372 1313 2432 residere,
1340 2373 1659 2423 nihilominus
1696 2375 1798 2439 ipse
1830 2382 1887 2425 ut
1921 2377 2060 2426 bonae

291 2451 469 2501 indolis
505 2454 794 2515 adolescens,
826 2460 1039 2519 coeptum
1074 2457 1330 2505 confestim
1366 2457 1565 2522 explens
1600 2458 1707 2518 iter,
1745 2475 1935 2507 summa
1969 2459 2060 2509 sub

356 2545 566 2588 [Am-6⁶5]
633 2537 941 2587 festinatione
978 2538 1186 2587 Romam
1222 2539 1370 2588 rediit
1384 2540 1416 2600 ³,
1453 2544 1673 2605 tempore
1708 2543 1846 2604 cujus
1881 2544 2059 2606 supra⁴

288 2618 443 2668 beatae
468 2619 714 2669 memmiae
734 2619 977 2671 Vitaliani
1002 2638 1173 2686 papae3
1210 2628 1262 2671 et
1285 2639 1381 2672 non
1406 2640 1562 2687 pauca
1587 2623 1801 2673 scientiae
1831 2624 2059 2674 salutaris

290 2701 700 2768 quemadmodum
737 2708 786 2752 et
820 2703 959 2768 prius
994 2704 1171 2754 hausta
1206 2706 1476 2767 dulcedine,
1500 2710 1614 2772 post
1647 2724 1836 2756 menses
1871 2707 2058 2773 aliquot

343 2866 358 2891 ²
385 2867 560 2910 Romam
596 2867 725 2922 adiit]
781 2869 853 2911 He
890 2876 955 2911 set
990 2876 1065 2912 out
1095 2873 1142 2914 in
1251 2873 1269 2897 ²
1294 2872 1560 2928 Alehftidus]
1584 2875 1699 2927 Seep
1731 2905 1740 2914 .
1759 2874 1851 2925 166,
1870 2875 2057 2925 181,188.

287 2922 612 2980 companypwi'th
631 2923 836 2973 Wilfrith,
863 2925 909 2965 in
932 2937 1020 2967 A.D.
1044 2927 1139 2980 653,
1251 2929 1268 2953 ³
1295 2928 1442 2982 rediit]
1471 2929 1527 2969 In
1547 2940 1638 2970 mn.
1659 2929 1685 2970 6
1716 2940 1754 2982 5,
1778 2930 1891 2970 Flor.

287 2991 328 3029 p.
347 2989 439 3031 334,
461 2979 540 3018 but
558 2978 724 3018 arrived
741 2979 860 3019 there
881 2982 1017 3022 before
1036 2983 1137 3022 him.
1254 2982 1271 3006 ⁴
1297 2984 1414 3036 cujm
1425 2986 1572 3038 supra]
1596 2985 1766 3038 Hussey
1776 2985 1924 3025 thinks
1941 2985 2056 3026 these

285 3033 335 3072 If
358 3033 412 3073 he
424 3047 531 3098 stas
561 3035 820 3087 twenty-five
851 3049 974 3088 years
1001 3037 1068 3076 old
1097 3042 1143 3078 at
1198 3039 1333 3079 words
1342 3039 1452 3079 have
1464 3041 1874 3092 creptinunawares,
1883 3040 2054 3080 written

285 3087 373 3128 this
401 3093 516 3138 tlme,
543 3088 598 3129 he
626 3093 739 3129 must
766 3089 876 3130 have
903 3091 1010 3135 been
1037 3092 1142 3132 born
1197 3093 1254 3147 by
1273 3107 1385 3134 some
1404 3095 1613 3147 marginal
1631 3099 1855 3136 annotator
1867 3096 1962 3136 who
1980 3094 2054 3135 did

285 3142 332 3182 in
357 3154 444 3184 AD.
463 3143 559 3185 628.
587 3195 590 3198 ἢ
620 3142 822 3184 Florence
850 3146 955 3186 adds
982 3150 1028 3186 to
1057 3147 1143 3188 this
1196 3152 1271 3189 not
1317 3149 1443 3190 know
1490 3149 1588 3190 that
1634 3150 1708 3191 the
1753 3150 1932 3204 History
1966 3162 2053 3190 was

284 3203 458 3238 account
478 3199 525 3238 of
547 3199 614 3239 his
631 3200 810 3254 journey
828 3203 874 3241 to
902 3201 1050 3253 Rome,
1072 3209 1082 3225 ⁴
1099 3207 1142 3243 et
1197 3203 1370 3244 written
1384 3205 1686 3260 subsequently
1700 3210 1745 3247 to
1763 3205 1849 3247 this
1866 3204 2049 3246 treatise.

283 3265 382 3293 mox
401 3253 560 3295 doctior
578 3254 728 3296 rediit!
1195 3259 1273 3300 See
1291 3271 1332 3312 p.
1352 3270 1444 3312 250,
1463 3265 1562 3301 note
1582 3272 1619 3312 3.
