2216 3554
267 169 363 214 302
836 161 1066 211 Historia
1101 160 1441 210 Ecclesiastica
1811 154 1949 225 [LIB.
1968 170 2020 204 v.

268 312 419 344 annos
441 295 551 359 plus
575 295 738 343 minus
760 293 980 358 triginta,
999 294 1270 357 imperante
1294 292 1470 341 domno
1495 291 1527 339 J
1531 289 1776 340 ustiniano
1800 290 2020 354 piissimo

268 377 510 442 Augusto,
546 394 672 425 anno
715 379 818 440 ejus
857 378 1136 426 consulatus
1177 378 1363 440 quarto,
1400 372 1716 438 pontificante
1756 372 2021 436 apostolico

269 460 376 509 viro
401 454 578 508 domno
606 459 774 522 Sergio
798 476 924 523 papa
948 476 1073 508 anno
1098 456 1338 507 secundo?

338 542 567 591 Abeunte
606 546 768 590 autem
805 543 1012 590 Romam
1049 541 1311 600 Caedualla,
1349 537 1578 587 successit
1617 537 1671 585 in
1703 555 1908 602 regnum
1944 538 2024 585 Ini

355 634 429 668 His
445 643 526 668 suc·
614 624 674 672 de
710 624 861 687 stirpe
894 624 1055 686 regia3
1094 623 1179 687 qui
1202 640 1311 671 cum
1336 622 1540 685 triginta
1562 624 1612 669 et
1644 627 1829 684 septem
1845 622 1859 647 ¹
1884 621 2024 670 annis

325 684 554 768 οξῖῗὲξᾶζιξ
614 705 873 769 imperium
918 705 1156 754 tenuisset
1202 705 1359 768 gentis
1404 704 1550 762 illius,
1600 707 1649 752 et
1706 703 1809 767 ipse
1855 704 2025 752 relicto

326 784 557 867 auggffjw
613 789 794 851 regno²
818 804 874 836 ac
917 787 1290 850 juvenioribus³
1339 787 1689 846 commendam,
1737 786 1799 835 ad
1856 786 2028 834 limina

355 889 437 916 m).
456 858 530 923 72}-
612 872 863 919 beatorum
882 870 1209 933 apostolorum
1223 869 1457 932 Gregorio
1475 868 1810 933 pontificatum
1830 874 2028 917 tenente

274 954 518 1017 profectus
553 958 639 1012 est,
666 953 865 1015 cupiens
900 952 953 999 in
983 952 1162 1001 vicinia
1196 957 1472 1000 sanctorum
1500 953 1715 1000 locorum
1750 951 1812 999 ad
1837 957 2027 1014 tempus

275 1035 576 1100 peregrinari
610 1035 662 1082 in
691 1034 846 1092 terris,
873 1050 969 1098 quo
994 1034 1284 1082 familiarius
1317 1050 1346 1082 a
1380 1034 1558 1082 sanctis
1581 1033 1731 1097 recipi
1762 1037 2028 1081 mereretur

276 1118 328 1165 in
373 1118 532 1167 caelis:
594 1117 725 1181 quod
770 1116 845 1163 his
891 1116 1189 1180 temporibus
1235 1116 1399 1179 plures
1445 1116 1506 1164 de
1552 1121 1695 1180 gente
1735 1114 2025 1180 Anglorum‚

276 1200 476 1259 nobiles,
513 1200 763 1263 ignobiles,
798 1198 922 1258 laici,
960 1199 1134 1258 clerici,
1162 1198 1259 1248 viri
1294 1215 1350 1248 ac
1384 1198 1577 1247 feminae
1617 1198 1839 1247 certatim
1874 1198 2028 1247 facere

277 1288 571 1333 consuerunt
585 1284 616 1331 ⁴.

994 1406 1138 1456 OAP.
1175 1407 1323 1456 VIII.

283 1520 334 1561 Ut
368 1518 573 1560 Theodoro
603 1519 793 1572 defuneto
827 1519 1204 1572 archiepiscopatus
1240 1520 1422 1572 yradum.
1460 1519 1685 1561 Berctuald
1713 1518 1954 1572 susceperit:
1995 1525 2031 1559 et

386 1590 494 1629 i‘nter
498 1589 704 1641 plurimos
718 1603 815 1642 quos
830 1589 1053 1640 ordinavit,
1071 1590 1193 1631 etiam
1206 1589 1377 1630 Tobiam
1391 1589 1527 1631 virum
1541 1589 1821 1631 doctissimum
1835 1589 1885 1629 H
1882 1589 2032 1643 rofensi

387 1659 557 1699 ecclesioe
568 1659 716 1710 fecerit
736 1658 973 1700 antistitem.

346 1746 501 1795 ANNO
537 1751 697 1794 autem
738 1750 849 1810 post
882 1747 1012 1795 hunc
1048 1764 1144 1810 quo
1180 1746 1429 1796 Caedualla
1463 1747 1635 1796 Romae
1670 1747 1925 1794 defunctus
1960 1751 2032 1794 est

362 1849 487 1884 Death
501 1849 544 1883 of
624 1828 865 1891 proximo,
903 1829 955 1876 id
1001 1834 1088 1888 est,
1133 1829 1476 1877 sexcentesimo
1523 1828 1831 1892 nonagesimo
1878 1829 2032 1876 incar-

329 1898 566 1988 ssffifflfflfg
623 1910 831 1959 nationis
893 1910 1176 1971 Dominicae,
1235 1911 1516 1960 Theodorus
1572 1911 1725 1959 beatae
1789 1911 2033 1959 memoriae

365 2006 446 2032 Ad)-
464 1999 537 2039 690·
626 1994 1011 2058 archiepiscopus
1070 2011 1216 2043 senex
1269 2000 1318 2043 et
1374 1994 1546 2058 plenus
1596 1994 1802 2054 dierum,
1850 1995 1902 2041 id
1948 1999 2032 2052 est,

281 2094 521 2125 annorum
563 2077 810 2139 octoginta
856 2083 980 2136 octo,
1022 2077 1280 2126 defunctus
1327 2081 1432 2138 est;
1491 2093 1636 2140 quem
1681 2093 1731 2125 se
1778 2092 2035 2125 numerum

281 2176 518 2209 annorum
554 2158 701 2206 fuisse
739 2158 1035 2219 habiturum,
1070 2159 1174 2222 ipse
1204 2159 1496 2223 jamdudum
1535 2159 1707 2208 somnii
1742 2158 2036 2207 revelatione

283 2243 481 2291 edoctus
519 2241 619 2290 suis
655 2241 918 2305 praedicere
955 2242 1153 2291 solebat.
1224 2241 1410 2290 Mansit
1455 2246 1619 2290 autem
1656 2242 1711 2290 in
1757 2242 2036 2306 episcopatu

283 2324 424 2373 annis
458 2323 638 2388 viginti
673 2324 877 2384 duobus,
913 2324 1231 2388 sepultusque
1267 2331 1340 2373 est
1373 2324 1428 2372 in
1462 2325 1661 2373 ecclesia
1696 2325 1852 2374 sancti
1888 2324 2034 2383 Petri,

283 2409 337 2456 in
384 2424 481 2470 qua
526 2407 742 2455 omnium
763 2407 781 2433 ⁵
821 2407 1154 2471 episcoporum
1196 2407 1642 2456 Doruvernensium
1681 2411 1798 2456 sunt
1836 2423 2038 2471 corpora

340 2509 355 2533 ¹
383 2508 559 2560 triqinta
578 2515 613 2549 et
632 2509 794 2562 septem]
825 2509 873 2548 If
888 2510 974 2550 this
992 2509 1028 2549 is
1048 2522 1133 2549 cor·
1193 2517 1264 2562 74¹
1276 2540 1285 2550 .
1341 2509 1382 2550 S.
1403 2509 1554 2550 Chron.

285 2568 386 2611 rect,
427 2564 505 2603 Ine
544 2568 655 2604 must
687 2565 796 2604 have
833 2565 1053 2604 abdicated
1089 2565 1134 2604 in
1243 2564 1259 2587 4
1287 2566 1549 2618 consuerunt]
1580 2564 1772 2604 wilfrith
1795 2567 1858 2604 set
1877 2564 1949 2604 the
1969 2578 2036 2604 ex-

286 2630 372 2661 A.D.
397 2626 472 2670 725
493 2632 503 2666 ;
531 2619 609 2659 but
628 2620 699 2658 the
721 2620 762 2659 S.
783 2620 947 2669 Chron„
972 2620 1135 2672 usually
1189 2619 1324 2672 ample
1346 2619 1539 2671 (Haedde‚
1557 2620 1616 2670 3),
1636 2619 1720 2659 and
1731 2620 1766 2658 it
1777 2633 1862 2659 was
1880 2620 2038 2672 largely

286 2688 313 2715 a
326 2674 600 2726 trustworthy
615 2674 828 2725 authority
842 2688 887 2714 as
899 2679 943 2714 to
951 2675 1135 2721 Wessex,
1192 2674 1399 2714 followed.
1456 2674 1534 2714 See
1579 2687 1706 2723 more,
1748 2674 1870 2721 infra,
1912 2675 2038 2714 Boni-

286 2729 404 2769 dates
423 2728 487 2767 his
507 2729 741 2768 abdication
759 2739 845 2768 A.D.
870 2730 960 2780 728.
1190 2727 1313 2770 face's
1331 2730 1477 2769 Letter
1487 2733 1531 2769 to
1550 2729 1799 2769 Guthberht.
1855 2729 1914 2770 H.

341 2782 358 2806 ²
386 2783 526 2824 relicto
557 2783 694 2835 rayno]
724 2784 801 2823 See
832 2784 1135 2837 Malmesbury,
1245 2784 1262 2808 ⁵
1289 2786 1336 2824 in
1369 2797 1451 2836 qua
1483 2784 1687 2836 omnium]
1718 2784 1795 2823 All
1822 2783 1895 2823 the
1923 2783 2039 2823 arch-

287 2839 316 2879 i.
339 2849 403 2890 35,
434 2839 496 2878 for
523 2851 549 2877 a
577 2838 741 2877 curious
774 2843 890 2890 story
916 2852 962 2878 as
991 2842 1034 2878 to
1063 2840 1136 2878 the
1190 2839 1359 2891 bishops
1378 2852 1486 2878 were
1514 2839 1659 2878 buried
1683 2839 1727 2878 in
1755 2839 1840 2877 this
1866 2838 2035 2886 church,

288 2906 462 2933 manner
489 2893 534 2932 in
562 2893 699 2932 which
726 2893 813 2932 this
841 2906 926 2932 was
954 2893 1136 2946 brought
1192 2894 1328 2934 either
1372 2893 1418 2932 in
1465 2894 1538 2933 the
1573 2894 1744 2932 interior
1792 2907 1838 2932 or
1884 2894 1930 2932 in
1966 2894 2039 2933 the

288 2947 429 2988 about.
468 2947 513 2988 It
531 2947 568 2987 is
586 2947 803 2999 appended
822 2947 867 2986 in
886 2961 912 2987 a
932 2947 1136 2988 foot·n0te
1190 2949 1388 2988 northern
1411 2949 1581 3000 portico,
1601 2948 1667 2988 till
1679 2948 1914 2988 Outhberht
1931 2947 2039 2987 built

287 3006 332 3042 to
365 3017 405 3055 p.
439 3015 493 3055 49
527 3002 573 3042 of
597 3003 671 3042 the
701 3001 876 3054 English
908 3003 1136 3043 Historical
1191 3004 1265 3043 the
1285 3003 1440 3042 church
1468 3003 1513 3043 of
1535 3003 1596 3043 St.
1616 3003 1734 3043 John
1754 3003 1920 3054 Baptist
1939 3014 2039 3042 near

288 3057 490 3109 Society's
505 3057 672 3107 edition,
689 3070 734 3097 as
753 3056 879 3109 being
898 3057 995 3110 only
1007 3058 1136 3097 found
1191 3058 1501 3104 Christchurch‚
1521 3057 1584 3097 for
1608 3057 1682 3097 the
1701 3057 1972 3109 burial-place
1997 3055 2043 3096 of

288 3113 334 3151 in
353 3126 465 3152 some
481 3111 604 3152 MSS.
1188 3112 1360 3153 himself
1373 3113 1456 3153 and
1469 3112 1535 3153 his
1549 3125 1784 3154 successore.
1823 3111 2038 3165 Twysden,

346 3166 360 3190 ³
381 3166 687 3218 juvenioribus]
754 3165 816 3206 Το
871 3165 1134 3214 AEthelhard,
1189 3181 1231 3220 p.
1257 3179 1374 3208 2210.

289 3221 356 3262 his
384 3222 591 3273 kinsman,
621 3222 715 3263 who
751 3221 923 3273 reigned
949 3221 1017 3261 till
1044 3231 1132 3264 ΑΔ).
