2216 3554
210 185 329 236 CAP.
355 184 464 253 xx]
841 184 1007 233 Gentis
1042 183 1322 245 Anylo‘rum.
1863 187 1957 231 341

209 319 261 367 in
295 316 511 384 primum
546 333 686 366 suum
710 313 1056 364 monasterium
1081 314 1211 379 quod
1234 316 1436 363 vocatur
1457 312 1745 375 Inhrypum,
1770 313 1956 377 positus

210 407 283 450 est
317 402 369 450 in
404 400 600 449 ecclesia
634 399 765 448 beati
796 398 1002 462 apostoli
1027 398 1172 456 Petri,
1193 399 1338 460 juxta
1370 397 1521 445 altare
1552 397 1614 444 ad
1639 402 1876 455 austrum,
1902 403 1959 444 ut

210 490 260 532 et
282 500 430 548 supra
453 482 730 543 docuimus;
767 485 816 529 et
839 481 930 529 hoc
953 481 1012 529 de
1036 480 1120 528 illo
1144 496 1292 543 supra
1315 479 1619 542 epitaphium
1645 477 1878 542 scriptum
1902 496 1911 526 :

417 605 428 628 ‘
447 599 684 648 Vilsridus
706 597 785 647 hic
807 614 1010 662 magnus
1033 597 1290 662 requiescit
1314 614 1510 661 corpore
1536 598 1725 660 praesul,

449 683 590 731 Hanc
613 681 825 729 Domino
849 681 934 744 qui
957 682 1118 730 aulam
1142 681 1317 729 ductus
1340 679 1539 744 pietatis
1563 697 1726 729 amore

449 765 582 814 Fecit
598 766 627 825 ¹,
653 771 701 813 et
725 764 904 813 eximio
930 764 1136 813 sacravit
1159 763 1353 811 nomine
1376 763 1530 822 Petri,

451 848 543 898 Oui
567 849 719 896 claves
744 848 847 895 caeli
872 847 1096 896 Christus
1120 846 1254 896 dedit
1278 846 1458 894 arbiter
1482 845 1640 906 orbis;

448 930 617 995 Atque
642 948 759 979 auro
784 947 838 979 ac
862 931 994 994 tyrio
1020 930 1222 979 devotus
1246 928 1413 977 vestiit
1435 934 1578 977 ostro.

451 1012 585 1073 Quin
609 1012 755 1061 etiam
781 1012 987 1060 sublime
1011 1012 1167 1061 crucis
1190 1011 1411 1060 radiante
1435 1010 1645 1070 metallo,

450 1094 551 1144 Hic
573 1095 739 1158 posuit
762 1094 1051 1158 trophaeum,
1078 1112 1263 1143 necnon
1290 1099 1339 1143 et
1364 1097 1597 1157 quattuor
1621 1110 1739 1142 auro

452 1176 610 1226 Scribi
633 1176 884 1240 Evangelii
908 1177 1137 1240 praecepit
1162 1177 1213 1224 in
1238 1177 1404 1225 ordine
1428 1176 1608 1236 libros;

451 1259 526 1308 Ac
550 1260 738 1308 thecam
762 1276 787 1307 e
811 1260 960 1308 rutilo
984 1259 1062 1307 hic
1087 1259 1374 1324 condignam
1399 1259 1613 1308 condidit
1637 1276 1753 1308 auro
1773 1278 1783 1308 :

454 1342 693 1390 Paschalis
717 1342 802 1405 qui
828 1342 972 1390 etiam
997 1342 1247 1390 sollemnia
1269 1347 1490 1405 tempora
1512 1359 1682 1390 cursus

454 1425 694 1474 Catholici
717 1425 778 1472 ad
797 1427 981 1488 justum
1005 1425 1214 1474 correxit
1238 1426 1414 1488 dogma
1438 1425 1648 1483 canonis,

455 1507 610 1568 Quem
635 1511 847 1556 statuere
870 1514 1045 1571 patres,
1071 1507 1315 1572 dubioque
1339 1524 1500 1556 errore
1522 1513 1708 1556 remoto

455 1591 601 1639 Certa
624 1608 724 1639 suae
746 1592 883 1655 genti
906 1592 1120 1640 ostendit
1143 1592 1472 1640 moderamina
1495 1592 1618 1640 ritus
1640 1610 1651 1640 ι

453 1673 613 1737 Inque
635 1674 751 1722 locis
775 1674 884 1723 istis
909 1675 1254 1723 monachorum
1281 1675 1506 1723 examina
1530 1676 1699 1724 crebra

456 1757 667 1819 Colligit,
694 1774 748 1805 ac
773 1757 973 1805 monitis
998 1757 1128 1805 cavit
1153 1774 1262 1820 quae
1286 1757 1455 1821 regula
1480 1761 1678 1820 patrum

457 1839 663 1887 Sedulus
688 1839 932 1890 instituit:
971 1840 1238 1903 multisque
1262 1840 1489 1904 domique
1513 1840 1724 1904 forisque

455 1922 681 1970 Jactatus
703 1921 909 1971 nimium
932 1939 1020 1986 per
1042 1927 1261 1987 tempora
1284 1924 1426 1987 longa
1449 1923 1655 1986 periclis,

456 2005 748 2066 Quindecies
775 2011 936 2054 ternos
959 2013 1216 2069 postquam
1241 2007 1343 2070 egit
1366 2007 1614 2070 episcopus
1638 2023 1803 2066 annos,

455 2088 681 2147 Transiit,
707 2093 756 2136 et
778 2088 992 2150 gaudens
1017 2089 1229 2137 caelestia
1253 2106 1402 2153 regna
1426 2089 1614 2152 petivit.

456 2169 612 2229 Dona,
638 2171 670 2218 J
673 2187 772 2230 esu,
799 2175 857 2219 ut
879 2188 999 2234 grex
1022 2171 1230 2235 pastoris
1255 2172 1378 2221 calle
1402 2170 1658 2235 sequatur!

947 2378 1088 2429 GAP.
1127 2380 1251 2430 XX.

305 2503 356 2544 Ut
375 2503 566 2556 rezi9ioso
586 2504 728 2545 abbati
747 2505 979 2546 Hadriano
1006 2503 1192 2555 Albinus,
1215 2504 1408 2558 Vilfrido
1428 2506 1477 2545 in
1495 2506 1772 2558 episcopatum
1797 2508 1900 2547 Acca

982 2574 1220 2615 successerit.

289 2677 449 2727 ANNO
495 2682 605 2742 post
650 2679 839 2727 obitum
883 2679 1074 2742 praefati
1119 2679 1273 2743 patris
1316 2680 1554 2743 proximo,
1591 2681 1644 2729 id
1682 2686 1766 2742 est,
1807 2683 1977 2747 quinto

223 2761 396 2810 Osredi
454 2761 594 2823 regis,
642 2761 1056 2810 reverentissimus
1114 2766 1255 2826 pater
1313 2763 1594 2812 Hadrianus
1612 2765 1630 2792 ²
1699 2785 1795 2824 [Am.
1821 2786 1908 2825 710·]

222 2844 383 2903 abbas
432 2848 714 2907 cooperator
757 2844 812 2892 in
857 2845 1005 2892 verbo
1052 2845 1146 2892 Dei
1192 2845 1435 2894 Theodori
1481 2847 1634 2895 beatae
1721 2833 1900 2917 Dfflsszssf

222 2926 466 2975 memoriae
500 2927 724 2990 episcopi,
758 2927 1014 2975 defunctus
1049 2934 1135 2987 est,
1172 2933 1220 2976 et
1255 2928 1306 2976 in
1342 2930 1634 2978 monasterio
1693 2932 1926 2967 Hadrianus.

225 3036 317 3088 day,
339 3035 454 3075 often
484 3035 851 3089 interchangeably
878 3037 957 3077 fair
989 3037 1073 3077 and
1128 3038 1338 3084 Hexham,
1358 3039 1576 3092 Twysden‚
1597 3054 1638 3092 p.
1664 3052 1755 3092 ‘²90-
1804 3038 1875 3077 He
1894 3037 1978 3076 had

225 3091 336 3136 foul:
381 3090 465 3129 and
503 3091 611 3130 after
656 3105 782 3144 many
819 3092 1072 3139 alterations,
1127 3093 1213 3133 also
1244 3093 1353 3133 built
1384 3108 1409 3133 a
1438 3095 1614 3134 minster
1642 3098 1687 3134 at
1713 3093 1861 3145 Ripon,
1894 3092 1976 3131 and

224 3147 277 3185 he
315 3149 379 3184 set
415 3145 497 3184 fair
534 3146 578 3185 in
615 3146 695 3185 full
726 3147 855 3187 lustre
888 3150 934 3187 at
965 3147 1071 3188 last!
1127 3148 1282 3188 rebuilt
1311 3149 1407 3189 that
1439 3154 1484 3189 at
1516 3149 1649 3189 York.
1706 3148 1880 3194 Haedde,
1915 3146 1975 3193 16,

223 3200 400 3241 Fuller’s
420 3200 494 3241 Ch.
517 3200 706 3254 History,
729 3201 772 3242 ii.
797 3214 863 3254 94.
887 3207 891 3211 '
1133 3210 1196 3255 17.

279 3254 292 3277 ¹
320 3255 452 3308 Fecit]
484 3255 657 3303 Haedde,
689 3267 752 3296 22.
812 3256 998 3297 Richard
1032 3257 1079 3297 of
1183 3257 1199 3280 ²
1225 3259 1494 3310 Hadrianus]
1525 3258 1601 3299 See
1618 3271 1661 3310 p.
1683 3269 1772 3309 213.
