2216 3554
89 178 208 229 CAP.
226 179 300 249 x.]
727 181 892 232 Gentis
912 181 1196 246 Anylorum.
1736 189 1825 234 111

87 315 350 376 adstruere,
385 316 514 380 quod
560 315 662 378 ipse
706 315 926 378 precibus
964 316 1066 364 suis
1103 316 1233 379 apud
1277 316 1419 364 illum
1455 315 1736 374 obtinuerit,
1772 322 1829 364 ut

88 398 254 461 regina
277 416 436 462 sospes
460 403 508 447 et
530 399 707 462 absque
730 398 891 446 dolore
914 399 1053 461 gravi
1086 399 1298 448 sobolem
1321 403 1606 462 procrearet.
1679 399 1831 462 Cujus

86 482 246 529 verbis
264 482 525 530 delectatus
548 498 646 539 rex,
666 479 888 543 promisit
912 497 962 528 se
985 481 1341 529 abrenunciatis
1358 481 1502 528 idolis
1521 480 1715 529 Christo
1734 497 1831 529 ser-

86 562 315 624 viturum,
345 564 388 613 si
415 565 566 613 vitam
602 563 697 612 sibi
729 566 779 611 et
811 561 1066 611 victoriam
1101 563 1304 611 donaret
1335 563 1576 627 pugnanti
1602 563 1832 612 adversus

85 661 261 708 regem,
295 663 324 694 a
352 663 446 710 quo
476 645 716 694 homicida
748 644 844 703 ille,
871 645 954 709 qui
989 662 1104 693 eum.
1133 645 1486 705 vulneraverat,
1521 645 1694 694 missus
1727 651 1829 694 est:

87 731 135 775 et
158 727 209 775 in
232 729 407 792 pignus
430 711 762 792 promissionis
785 726 1055 790 implendae,
1076 728 1275 776 eandem
1299 726 1449 775 filiam
1474 745 1612 777 suam
1638 728 1833 777 Christo

85 811 450 860 consecrandam
484 810 691 858 Paulino
725 809 946 873 episcopo
982 809 1291 874 adsignavit;
1335 827 1441 873 quae
1478 810 1725 874 baptizata
1761 816 1833 859 est

84 892 163 940 die
186 899 351 941 sancto
373 897 682 957 pentecostes,
707 892 866 956 prima
894 892 953 940 de
984 898 1129 957 gente
1162 892 1696 956 Nordanhymbrorum‚
1722 910 1833 942 cum

85 976 306 1023 undecim
322 975 337 1002 ¹
373 975 480 1023 aliis
503 975 563 1023 de
586 974 771 1022 familia
794 974 910 1038 ejus.

153 1058 260 1118 Quo
305 1061 517 1120 tempore
564 1061 758 1106 curatus
797 1073 827 1104 a
871 1057 1068 1105 vulnere
1110 1057 1203 1105 sibi
1243 1057 1432 1120 pridem
1486 1056 1688 1118 inflicto,
1737 1075 1827 1107 rex

84 1139 278 1188 collecto
317 1138 530 1187 exercitu
567 1139 696 1188 venit
743 1139 972 1187 adversus
1017 1145 1210 1203 gentem
1253 1139 1484 1188 Occiden-
1569 1156 1751 1193 Eadwine

83 1221 256 1269 talium
304 1221 561 1281 Saxonum,
600 1239 654 1270 ac
700 1222 824 1270 bello
871 1221 1007 1282 inito,
1050 1222 1299 1271 universos
1314 1223 1332 1249 ²
1369 1240 1489 1287 quos
1546 1206 1771 1293 mvssfftvssr

83 1304 134 1350 in
172 1321 335 1352 necem
371 1321 507 1352 suam
551 1304 846 1368 conspirasse
881 1303 1131 1364 didicerat,
1167 1311 1254 1353 aut
1300 1307 1492 1368 occidit,
1530 1304 1639 1340 West
1656 1305 1810 1342 Saxons.

82 1390 167 1434 aut
204 1387 253 1433 in
288 1386 580 1434 deditionem
617 1386 811 1449 recepit,
884 1385 1060 1450 Sicque
1084 1386 1239 1435 victor
1270 1387 1323 1434 in
1356 1390 1566 1452 patriam
1597 1408 1835 1451 reverSUS,

82 1485 179 1516 non
203 1469 370 1516 statim
403 1473 451 1517 et
482 1469 755 1518 inconsulte
790 1472 1087 1517 sacramenta
1119 1468 1235 1517 fidei
1271 1469 1559 1521 Christianae
1586 1474 1834 1538 percipere

81 1551 266 1599 voluit:
316 1551 535 1614 quamvis
576 1568 663 1599 nec
710 1551 853 1600 idolis
888 1551 1020 1599 ultra
1061 1551 1276 1611 servivit,
1315 1569 1376 1601 ex
1425 1571 1520 1618 quo
1556 1572 1605 1604 se
1641 1556 1834 1606 Christo

81 1633 377 1682 serviturum
412 1650 514 1682 esse
545 1634 846 1697 promiserat.
917 1634 1102 1683 Verum
1126 1634 1283 1697 primo
1313 1635 1598 1700 diligentius
1630 1655 1690 1686 ex
1714 1645 1834 1687 tem-

80 1733 196 1780 pore
210 1717 242 1776 3,
267 1719 317 1764 et
340 1716 401 1763 ab
425 1716 527 1779 ipso
551 1715 817 1763 venerabili
841 1716 944 1764 viro
967 1715 1176 1764 Paulino
1202 1717 1442 1765 rationem
1472 1719 1584 1768 fidei
1611 1721 1834 1781 ediscere,

79 1806 130 1847 et
164 1816 274 1847 cum
309 1800 408 1847 suis
441 1798 732 1861 primatibus
765 1815 884 1862 quos
921 1799 1236 1862 sapientiores
1269 1806 1483 1862 noverat,
1510 1785 1699 1853 curavit
1724 1821 1835 1853 con-

78 1882 218 1940 ferre,
255 1882 373 1945 quid
408 1881 468 1929 de
502 1880 578 1929 his
614 1881 855 1944 agendum
894 1881 1273 1931 arbitrarentur..
1354 1884 1450 1932 Sed
1493 1891 1541 1933 et
1578 1886 1682 1949 ipse
1723 1904 1835 1935 cum

79 1967 201 2013 esset
246 1963 324 2012 vir
368 1970 544 2011 natura
589 1963 939 2026 sagacissimus,
987 1981 1114 2027 saepe
1162 1965 1247 2012 diu
1295 1966 1426 2014 solus
1474 1968 1703 2029 residens,
1752 1987 1835 2018 ore

79 2047 274 2112 quidem
307 2047 471 2105 tacito,
509 2046 592 2094 sed
626 2046 680 2094 in
714 2047 903 2096 intimis
939 2048 1096 2096 cordis
1138 2049 1294 2097 multa
1330 2066 1490 2098 secum
1525 2052 1832 2117 conloquenS,

79 2129 198 2193 quid
220 2129 312 2178 sibi
337 2133 461 2178 esset
484 2129 771 2190 faciendum,
799 2147 906 2194 quae
931 2130 1100 2196 religio
1126 2132 1367 2181 servanda.
1385 2134 1638 2182 tractabat.

827 2307 970 2358 OAP.
1006 2309 1075 2359 X.

151 2430 202 2473 Ut
214 2445 334 2485 papa
353 2433 601 2486 Bonifatius
619 2433 801 2474 eumdem
819 2446 950 2485 reqem
968 2432 1104 2474 missis
1123 2432 1257 2474 literis
1276 2433 1331 2474 sit
1350 2433 1536 2475 hortatus
1555 2434 1614 2475 ad
1625 2434 1769 2486 fidem.

146 2540 261 2602 QUO
291 2546 509 2605 tempore
544 2541 899 2590 exhortatorias
931 2541 993 2589 ad
1023 2540 1170 2589 fidem
1206 2540 1373 2589 literas
1397 2558 1426 2589 a
1449 2542 1678 2605 pontifice
1710 2543 1836 2592 sedis

77 2623 349 2686 apostolicae
376 2624 617 2672 Bonifatio
641 2623 826 2688 accepit
841 2624 872 2683 ⁴,
900 2640 1106 2688 quarum
1130 2622 1226 2671 ista
1253 2628 1326 2672 est
1350 2623 1508 2672 forma
1528 2643 1538 2673 :

131 2742 145 2766 ¹
163 2746 373 2799 undecim]
422 2746 600 2787 Eanfled
647 2746 804 2786 herself
843 2759 928 2787 was
983 2746 1120 2787 Saxon
1150 2745 1367 2786 Chronicle
1390 2760 1485 2800 says
1512 2747 1608 2787 that
1633 2748 1834 2789 Eadwine

78 2798 151 2839 the
179 2802 355 2850 twelfth,
389 2802 429 2842 S.
454 2802 538 2850 V.;
579 2802 709 2841 hence
739 2814 850 2841 some
887 2801 935 2841 of
982 2801 1080 2841 slew
1103 2801 1186 2841 five
1210 2801 1332 2854 kings
1357 2803 1438 2842 and
1465 2816 1491 2842 a
1516 2807 1634 2855 great
1660 2804 1835 2843 number

77 2853 149 2893 the
168 2854 294 2895 MSS.
314 2862 324 2877 ‘
338 2856 557 2896 duodecim
576 2856 694 2895 aliis!
982 2857 1027 2896 of
1042 2856 1115 2895 the
1133 2857 1291 2909 people,
1312 2857 1366 2897 ad
1385 2870 1422 2897 a.
1443 2856 1537 2898 626.

133 2907 150 2932 ²
167 2910 392 2963 universos]
441 2911 666 2959 Cuichelm‚
706 2910 801 2950 who
833 2914 928 2952 sent
1035 2910 1051 2935 ³
1071 2924 1119 2952 ex
1150 2912 1341 2966 tempore]
1396 2912 1480 2952 ‘At
1515 2911 1692 2955 leisure.’
1768 2911 1831 2951 Of.

78 2963 151 3004 the
169 2965 359 3011 massin,
378 2965 474 3004 died
500 2979 526 3004 a
544 2965 756 3005 Christian
777 2965 820 3004 in
840 2976 926 3007 ΑΛ).
983 2979 1025 3018 p.
1053 2979 1087 3006 Ι.

80 3017 173 3070 636,
200 3019 240 3059 S.
260 3020 425 3067 Chron.5
452 3020 611 3071 though
634 3020 929 3059 Westminster
1036 3019 1052 3043 ⁴
1069 3021 1240 3075 accepit]
1263 3021 1463 3063 Boniface
1478 3022 1522 3061 V
1536 3021 1633 3061 died
1653 3020 1831 3060 October

79 3077 229 3113 asseres
248 3074 341 3114 that
361 3075 412 3114 he
432 3088 517 3114 was
535 3075 639 3114 elain
659 3075 714 3127 by
731 3075 928 3115 Eadwine
986 3083 1049 3126 25,
1073 3086 1160 3116 ΑΛ).
1186 3075 1264 3127 625
1282 3090 1291 3125 ;
1334 3090 1378 3116 so
1410 3078 1505 3117 that
1532 3077 1647 3116 these
1678 3075 1833 3119 letters,

80 3132 125 3167 at
180 3129 587 3177 Cuichelmesdawe3
653 3129 926 3170 ‘ewicelmes-
982 3129 1027 3169 in
1064 3130 1182 3182 point
1215 3132 1262 3171 of
1288 3131 1400 3178 date,
1433 3144 1547 3171 come
1586 3130 1723 3169 before
1758 3129 1831 3168 the

80 3181 222 3228 hlaew,’
257 3183 298 3224 S.
335 3184 487 3223 Chron.
523 3184 577 3223 ad
609 3197 645 3224 a.
683 3183 800 3234 1006,
834 3198 927 3225 now
981 3190 1125 3226 events
1144 3186 1192 3226 of
1205 3186 1277 3226 the
1295 3187 1377 3226 last
1395 3187 1575 3238 chapter.
1623 3185 1709 3224 But
1729 3183 1831 3236 they

80 3236 394 3292 Cuckhamslye,
443 3239 489 3279 in
525 3238 762 3281 Berkshire.
838 3239 927 3282 The
981 3253 1079 3295 may
1097 3240 1203 3282 have
1229 3241 1334 3282 been
1354 3239 1539 3281 received
1564 3239 1608 3279 in
1627 3249 1714 3281 Λα).
1735 3237 1829 3287 626,
