2216 3554
723 229 888 279 Gentis
921 228 1212 293 Aoquorum.
1778 232 1837 278 91

97 234 216 285 CAP.
232 231 313 301 11.]

96 383 146 414 se
180 381 319 428 posse
355 365 532 428 absque
579 367 777 412 suorum
814 377 1047 409 consensu
1092 377 1147 409 ac
1186 359 1384 408 licentia
1417 359 1588 423 priscis
1624 360 1843 409 abdicare

96 448 323 496 moribus.
395 447 540 495 Unde
563 445 873 510 postulabant
904 449 961 492 ut
993 443 1201 492 secundo
1224 442 1436 506 synodus
1459 442 1679 506 pluribus
1704 444 1845 491 adve-

96 529 342 577 nientibus
365 528 514 578 fieret.

166 611 308 672 Quod
345 628 455 659 cum
490 612 614 658 esset
648 613 897 667 statutum,
937 613 1188 667 venerunt,
1227 612 1284 656 ut
1318 607 1589 671 perhibent,
1627 605 1842 670 septem¹

97 693 382 742 Brettonum
406 691 616 755 episcopi
635 695 685 739 et
702 692 864 755 plures
881 690 973 738 viri
991 690 1271 750 doctissimi,
1292 690 1501 738 maxime
1544 714 1621 749 and
1641 724 1665 748 a
1683 712 1803 756 synod

94 775 155 823 de
201 774 494 823 nobilissimo
547 790 713 822 eorum
770 773 1074 834 monasterio,
1124 772 1254 837 quod
1300 778 1501 833 vocatur
1565 765 1606 798 ²²¹⁵
1619 763 1789 806 Bangor;

94 857 261 920 lingua
306 857 578 920 Anglorum
626 857 1004 920 Bancornaburg
1015 857 1049 916 ²,
1098 856 1177 905 cui
1235 861 1451 918 tempore
1496 854 1581 901 illo
1630 854 1813 901 Dinoot
1828 854 1844 878 3

95 940 241 987 abbas
263 939 510 1002 praefuisse
532 944 774 999 narratur,
796 939 879 1003 qui
904 939 964 987 ad
987 939 1242 1003 praefatum
1266 938 1386 986 ituri
1411 936 1681 995 concilium,
1702 953 1844 984 vene-

94 1027 210 1070 runt
232 1022 388 1085 primo
413 1021 475 1069 ad
500 1022 756 1084 quemdam
771 1021 935 1069 virum
959 1027 1179 1070 sanctum
1204 1038 1258 1070 ac
1281 1021 1585 1084 prudentem,
1603 1019 1687 1082 qui
1712 1019 1843 1082 apud

94 1119 174 1151 eos
198 1103 575 1151 anachoreticam
609 1104 782 1152 ducere
803 1104 957 1152 vitam
987 1105 1183 1163 solebat,
1209 1104 1525 1160 consulentes,
1550 1119 1612 1150 an
1637 1101 1697 1149 ad
1721 1118 1843 1164 prae-

93 1185 381 1234 dicationem
410 1185 679 1249 Augustini
714 1204 823 1235 suas
858 1188 1072 1236 deserere
1107 1186 1394 1236 traditiones
1429 1186 1674 1234 deberent.
1747 1183 1846 1244 Qui

93 1269 441 1332 respondebat:
482 1274 493 1294 ‘
514 1268 566 1318 Si
601 1269 744 1317 homo
782 1269 876 1317 Dei
907 1275 995 1329 est,
1032 1269 1292 1332 sequimini
1327 1269 1494 1316 illum!
1566 1267 1841 1315 Dixerunt:

96 1355 107 1375 ‘
124 1350 194 1398 Et
217 1351 345 1398 unde
374 1351 464 1399 hoc
492 1368 743 1414 possumus
774 1351 979 1415 probare
995 1352 1033 1399 'l’
1093 1351 1164 1400 At
1187 1352 1298 1410 ille;
1341 1356 1351 1376 ‘
1369 1350 1637 1409 Dominus,'
1664 1349 1842 1412 inquit,

98 1438 108 1458 ‘
124 1432 195 1481 ait
216 1450 226 1481 ε
268 1437 295 1458 “
312 1433 488 1481 Tollite
501 1433 675 1498 jugum
691 1450 856 1482 meum
875 1451 1022 1498 super
1042 1451 1137 1494 vos,
1159 1439 1208 1482 et
1226 1434 1394 1483 discite
1419 1451 1448 1481 a
1471 1450 1548 1481 me
1573 1432 1687 1496 quia
1710 1431 1845 1479 mitis

95 1529 202 1561 sum
238 1518 288 1562 et
322 1515 518 1563 humilis
555 1515 738 1564 corde.’'
808 1516 864 1565 Si
900 1533 1011 1580 ergo
1046 1514 1354 1580 Augustinus
1389 1516 1470 1563 ille
1513 1515 1646 1562 mitis
1682 1519 1755 1563 est
1796 1518 1847 1562 et

94 1596 292 1644 humilis
317 1598 471 1656 corde,
499 1598 727 1646 credibile
752 1605 824 1647 est
857 1599 971 1662 quia
990 1601 1162 1662 jugum
1188 1599 1372 1647 Christi
1398 1603 1448 1646 et
1471 1598 1571 1661 ipse
1595 1601 1770 1661 portet,
1797 1602 1846 1645 et

94 1679 231 1726 vobis
253 1681 544 1742 portandum
562 1681 731 1729 offerat
754 1699 763 1729 ε
803 1682 877 1730 sin
902 1686 1064 1730 autem
1085 1682 1272 1729 inmitis
1291 1699 1346 1730 ac
1369 1681 1603 1744 superbus
1628 1686 1714 1739 est,
1735 1696 1845 1728 con-

93 1761 191 1809 stat
233 1762 348 1824 quia
383 1779 479 1810 non
515 1769 588 1811 est
623 1764 681 1812 de
718 1764 836 1823 Deo,
863 1781 1018 1828 neque
1053 1764 1193 1812 nobis
1230 1764 1331 1827 ejus
1374 1780 1529 1812 sermo
1573 1761 1844 1811 curandus.’

94 1843 192 1904 Qui
206 1860 373 1891 rursus
390 1845 604 1893 aiebant:
646 1850 656 1870 ‘
673 1846 743 1894 Et
761 1847 888 1894 unde
904 1847 982 1895 vel
998 1847 1087 1894 hoc
1111 1847 1355 1894 dinoscere
1369 1846 1584 1894 valemus
1602 1844 1639 1893 2'
1701 1849 1711 1869 ‘
1730 1845 1843 1891 Pro-

94 1926 285 1984 curate,'
305 1927 474 1990 inquit,
495 1932 506 1952 ‘
521 1934 578 1976 ut
602 1928 717 1991 ipse,
728 1929 864 1992 prior
883 1946 992 1977 cum
1017 1929 1115 1978 suis
1140 1930 1201 1977 ad
1224 1930 1383 1977 locum
1410 1928 1580 1992 synodi
1605 1927 1845 1986 adveniat,

93 2014 143 2056 et
166 2008 207 2056 si
224 2009 360 2057 vobis
383 2009 886 2075 adpropinquantibus
909 2011 1252 2070 adsurrexerit,
1269 2011 1471 2059 scientes
1497 2010 1611 2073 quia
1634 2009 1846 2057 famulus

95 2089 278 2139 Christi
297 2098 383 2151 est,
405 2093 794 2157 obtemperanter
811 2094 950 2141 illum
971 2094 1135 2143 audite
1158 2112 1167 2141 :
1202 2094 1282 2142 sin
1300 2099 1464 2141 autem
1481 2110 1567 2142 vos
1593 2091 1845 2156 spreverit,

94 2188 180 2220 nec
204 2189 364 2222 coram
388 2174 524 2223 vobis
548 2176 805 2240 adsurgere
828 2177 1053 2236 voluerit,
1079 2194 1189 2224 cum
1225 2176 1331 2224 sitis
1361 2193 1561 2224 numero
1593 2175 1771 2238 plures,
1798 2179 1847 2222 et

94 2254 196 2318 ipse
228 2262 484 2320 spernatur
506 2275 535 2306 a
556 2257 719 2308 vobis?
790 2260 1031 2308 Fecerunt
1062 2265 1118 2308 ut
1150 2260 1353 2308 dixerat.
1425 2260 1722 2321 Factumque
1759 2262 1846 2317 est,

95 2343 150 2385 ut
195 2340 502 2390 venientibus
547 2343 644 2390 illis
690 2344 877 2392 sederet
923 2342 1235 2406 Augustinus
1282 2342 1334 2390 in
1382 2343 1513 2390 sella.
1583 2341 1728 2401 Quod
1775 2340 1848 2387 illi

94 2419 325 2481 videntes,
351 2439 463 2471 mox
487 2424 539 2471 in
563 2425 687 2472 iram
710 2425 925 2474 conversi
961 2431 1088 2484 sunt,
1116 2442 1320 2488 eumque
1344 2428 1569 2473 notantes
1593 2423 1846 2486 superbiae,

95 2504 279 2553 cunctis
304 2523 412 2569 quae
432 2506 621 2555 dicebat
646 2508 972 2557 contradicere
989 2508 1287 2556 laborabant.
1347 2507 1555 2555 Dicebat
1579 2512 1743 2554 autem
1762 2506 1846 2564 eis,

150 2612 164 2635 ¹
191 2616 354 2667 septem]
391 2616 523 2656 There
545 2631 650 2657 were
668 2618 750 2658 five
775 2618 942 2670 regular

96 2668 192 2709 Sees
205 2670 249 2708 in
263 2670 520 2711 Wales—St.
533 2671 718 2718 David’s,
732 2673 940 2722 Llandaff,

95 2723 375 2773 Llanbadarn,
399 2725 575 2778 Bangor,
596 2728 656 2767 St.
672 2727 832 2780 Asaph.
882 2728 942 2767 To

96 2778 212 2818 these
252 2779 421 2820 Messrs.
459 2781 661 2821 Freeman
698 2783 781 2821 and
814 2781 844 2821 J
846 2795 945 2821 ones

97 2833 346 2883 (Historical
357 2835 616 2887 Antiquities
629 2837 675 2876 of
683 2837 742 2877 St.
752 2836 944 2887 David’s)

98 2888 236 2927 would
267 2889 349 2928 add
379 2889 573 2942 Margam
605 2891 687 2930 and
722 2891 943 2930 Llanafan-

62 2970 67 2976 -
97 2942 211 2983 fawr.
267 2943 425 2983 Hook's
453 2945 738 2997 Archbishops
767 2946 815 2985 of
836 2946 941 2986 Can-

97 2998 279 3050 tor-bury,
297 2999 324 3038 i.
348 3010 411 3051 71.
883 3033 885 3036 .

153 3051 169 3074 ²
197 3053 542 3106 Bancornaburq]
626 3055 943 3108 Bangor-ys-y-

98 3107 212 3157 coed,
235 3121 283 3147 or
300 3109 345 3147 in
373 3109 444 3148 the
466 3109 594 3155 wood,
614 3114 685 3150 ten
704 3110 822 3149 miles
841 3110 943 3150 from

100 3162 283 3213 Chester,
307 3176 361 3203 on
389 3164 461 3203 the
491 3165 601 3203 river
620 3165 723 3211 Dee,
742 3165 944 3217 supposed

100 3220 144 3256 to
180 3217 232 3256 be
279 3218 349 3258 the
392 3218 570 3257 Bonium
609 3220 656 3259 of
688 3220 939 3260 Antoninus.

101 3270 261 3311 Leland
281 3286 373 3325 says
399 3273 493 3312 that
515 3274 586 3313 the
613 3274 748 3326 abbey
766 3274 881 3314 stood
899 3275 945 3314 in

101 3337 128 3365 a
144 3325 223 3366 fair
240 3328 389 3382 valley,
408 3328 501 3368 that
529 3328 602 3369 the
629 3342 813 3382 compass
841 3329 888 3369 of
907 3329 944 3369 it

997 2631 1080 2658 was
1100 2631 1145 2657 as
1169 2631 1194 2657 a
1212 2617 1360 2657 walled
1379 2622 1503 2663 town,
1524 2617 1618 2657 that
1637 2617 1711 2656 the
1731 2620 1848 2668 gates

997 2673 1085 2712 still
1113 2673 1216 2725 kept
1242 2673 1354 2712 their
1372 2674 1440 2712 old
1467 2686 1622 2720 names,
1647 2673 1730 2712 and
1753 2673 1848 2711 that

996 2728 1262 2767 foundations
1299 2728 1346 2767 of
1374 2728 1551 2780 squared
1589 2732 1726 2767 stones
1765 2727 1848 2766 and

1001 2783 1166 2822 Roman
1202 2796 1351 2834 money
1387 2796 1495 2823 were
1541 2782 1752 2834 ploughed
1790 2795 1847 2832 up

999 2837 1128 2876 there.
1187 2837 1385 2884 eamden,
1426 2838 1483 2877 iii.
1533 2838 1599 2889 48.
1660 2837 1848 2887 Stilling-

998 2892 1109 2942 fleet,
1132 2891 1159 2931 i.
1185 2904 1277 2945 304,
1298 2893 1442 2932 thinks
1462 2893 1497 2932 it
1517 2906 1601 2932 was
1630 2892 1770 2931 rather
1793 2904 1847 2930 an

999 2946 1229 2999 university
1246 2947 1350 2987 than
1369 2961 1396 2987 a
1414 2953 1663 2998 monastery.

1046 3002 1068 3025 ‘³
1095 3001 1270 3055 Dinoot]
1292 3003 1542 3054 ‘According
1557 3006 1601 3040 to
1616 3002 1687 3040 the
1703 2998 1847 3037 Welsh

999 3056 1257 3103 authorities,
1279 3058 1484 3101 Dunawd‚
1506 3070 1552 3095 or
1578 3054 1846 3103 Dunod-Fyr‚

999 3125 1084 3151 was
1111 3125 1137 3151 a
1164 3113 1318 3152 retired
1347 3112 1513 3151 warrior
1542 3111 1634 3149 who
1663 3108 1845 3147 founded

998 3165 1071 3206 the
1091 3166 1224 3219 abbey
1244 3167 1290 3206 of
1305 3167 1483 3218 Bangor,
1503 3165 1585 3204 and
1606 3165 1772 3202 became
1791 3163 1846 3200 its

998 3221 1088 3261 first
1113 3221 1252 3262 abbot.
1309 3222 1390 3260 His
1418 3221 1539 3259 sister
1558 3219 1638 3257 had
1668 3217 1847 3257 married

1000 3275 1216 3316 Brocmael
1235 3272 1502 3328 Ysygthrog.'
1542 3273 1655 3312 Stev.
