2216 3554
850 163 1080 213 Historia
1113 164 1162 212 E
1162 164 1453 214 eclesiastica

273 167 371 213 270
1795 163 1933 234 [Lm.
1950 181 2020 218 1v.

269 303 328 363 ei,
366 303 408 352 si
442 306 616 367 posset,
653 301 782 352 hunc
823 303 876 351 in
913 304 1292 353 modulationem
1330 304 1557 353 carminis
1591 305 1863 354 transferre.
1948 305 2024 355 At

268 386 350 435 ille
410 391 630 450 suscepto
680 386 874 450 negotio
930 387 1066 448 abiit,
1116 393 1166 436 et
1226 405 1368 436 mane
1415 387 1623 446 rediens,
1676 388 1860 450 optimo
1920 405 2023 437 car-

268 468 399 516 mine
457 468 587 531 quod
640 468 918 531 jubebatur,
978 469 1299 533 compositum
1356 470 1586 518 reddidit.
1692 470 1839 519 Unde
1911 486 2025 518 mox

268 552 513 600 abbatissa
557 552 831 615 amplexata
877 552 1085 615 gratiam
1141 553 1235 601 Dei
1287 553 1340 601 in
1387 552 1508 612 viro,
1557 552 1835 601 saecularem
1882 553 2025 599 illum

267 634 490 682 habitum
513 634 798 698 relinquere,
819 639 869 683 et
893 635 1228 683 monachicum
1249 635 1492 698 suscipere
1515 635 1821 698 propositum
1846 635 2021 693 docuit,

269 721 642 781 susceptumque
677 717 730 764 in
765 718 1114 766 monasterium
1150 735 1263 766 cum
1299 717 1524 766 omnibus
1566 717 1666 766 suis
1701 718 1909 765 fratrum
1945 734 2025 765 co-

267 799 401 848 horti
435 800 714 859 adsociavit,
745 799 988 864 jussitque
1024 800 1167 848 illum
1203 800 1374 848 seriem
1413 817 1557 849 sacrae
1597 800 1812 848 historiae
1849 800 2024 848 doceri.

268 882 339 930 At
384 882 489 946 ipse
537 888 710 930 cuncta
749 899 858 945 quae
903 882 1144 930 audiendo
1180 882 1361 931 discere
1407 887 1613 946 poterat,
1661 883 2025 930 rememorando

267 981 428 1013 secum
470 970 519 1013 et
565 964 703 1028 quasi
749 964 986 1012 mundum
1024 964 1221 1024 animal,
1257 965 1561 1023 ruminando,
1597 965 1651 1012 in
1691 981 1884 1013 carmen
1919 964 2025 1012 dul-

267 1046 516 1095 cissimum
563 1047 874 1095 convertebat
890 1064 902 1107 ;
963 1047 1257 1111 suaviusque
1307 1048 1591 1107 resonando,
1639 1048 1858 1096 doctores
1913 1063 2025 1095 suos

266 1129 479 1177 vicissim
521 1129 766 1177 auditores
802 1129 877 1177 sui
920 1129 1142 1178 faciebat.
1234 1129 1453 1178 Canebat
1488 1135 1652 1178 autem
1687 1130 1747 1177 de
1783 1129 2025 1177 creatione

268 1212 454 1271 mundi,
485 1218 533 1260 et
569 1212 755 1277 origine
790 1211 989 1260 humani
1022 1212 1225 1275 generis,
1261 1217 1311 1260 et
1343 1216 1451 1260 tota
1482 1211 1686 1262 Genesis
1721 1211 1939 1270 historia,
1965 1212 2026 1259 de

267 1312 462 1359 egressu
498 1295 649 1343 Israel
673 1312 733 1343 ex
767 1294 985 1359 AEgypto
1010 1301 1059 1343 et
1091 1295 1313 1358 ingressu
1341 1295 1393 1342 in
1417 1301 1600 1343 terram
1624 1293 2022 1357 repromissionis,

267 1380 327 1427 de
375 1379 484 1427 aliis
530 1378 754 1442 plurimis
801 1395 948 1427 sacrae
997 1378 1261 1442 Scripturae
1307 1378 1540 1436 historiis,
1589 1378 1648 1426 de
1694 1377 2025 1425 incarnatione

266 1461 535 1521 Dominica,
575 1461 810 1524 passione,
847 1461 1210 1521 resurrectione,
1249 1465 1298 1509 et
1338 1460 1612 1510 ascensione
1649 1460 1702 1507 in
1744 1459 1927 1519 caelum,
1965 1459 2025 1507 de

268 1544 481 1609 Spiritus
530 1543 698 1593 Sancti
738 1544 965 1603 adventu,
1008 1550 1057 1593 et
1103 1544 1433 1608 apostolorum
1475 1543 1712 1592 doctrina.
1801 1542 1929 1590 Item
1965 1542 2025 1590 de

266 1631 454 1676 terrore
485 1626 640 1675 futuri
660 1626 846 1690 judicii,
874 1630 924 1675 et
958 1627 1155 1675 horrore
1186 1643 1340 1690 poenae
1377 1626 1668 1690 gehennalis,
1694 1641 1750 1673 ac
1774 1625 2024 1673 dulcedine

267 1710 404 1774 regni
453 1709 655 1757 caelestis
702 1710 859 1757 multa
899 1709 1113 1757 carmina
1153 1709 1391 1769 faciebat,
1441 1709 1526 1757 sed
1567 1714 1615 1756 et
1662 1708 1756 1755 alia
1797 1707 2024 1771 perplura

267 1794 327 1841 de
364 1791 607 1841 beneficiis
643 1796 691 1840 et
720 1792 919 1854 judiciis
955 1792 1149 1851 divinis,
1187 1791 1239 1839 in
1276 1792 1452 1855 quibus
1490 1790 1675 1839 cunctis
1711 1789 1927 1837 homines
1962 1790 2023 1837 ab

267 1893 428 1925 amore
465 1875 696 1923 scelerum
731 1874 1023 1933 abstrahere,
1060 1875 1122 1922 ad
1158 1874 1467 1923 dilectionem
1510 1891 1623 1922 vero
1661 1878 1709 1921 et
1756 1872 2022 1921 sollertiam

266 1960 404 2008 bonae
440 1957 643 2005 actionis
679 1957 890 2005 excitare
926 1958 1125 2005 curabat
1141 1958 1173 2006 ¹.
1261 1957 1382 2005 Erat
1421 1957 1552 2005 enim
1587 1956 1664 2004 vir
1703 1956 1913 2003 multum
1950 1971 2023 2003 re-

267 2040 484 2103 ligiosus,
522 2046 571 2086 et
611 2038 915 2101 regularibus
957 2039 1224 2103 disciplinis
1265 2039 1518 2087 humiliter
1556 2038 1811 2098 subditus;
1853 2038 2024 2085 adver-

268 2140 376 2172 sum
411 2139 526 2170 vero
562 2121 670 2169 illos
706 2121 790 2184 qui
832 2121 977 2169 aliter
1011 2122 1163 2170 facere
1197 2123 1440 2181 volebant,
1477 2122 1579 2170 zelo
1619 2120 1786 2183 magni
1820 2119 2024 2168 fervoris

267 2220 520 2254 accensus:
559 2204 689 2251 unde
719 2209 767 2252 et
795 2204 999 2267 pulchro
1027 2205 1179 2254 vitam
1210 2222 1345 2254 suam
1374 2204 1471 2252 fine
1500 2203 1750 2252 conclusit.

335 2288 467 2335 Nam
502 2286 858 2350 propinquante
893 2287 1013 2335 hora
1052 2288 1127 2335 sui
1163 2287 1397 2346 decessuS,
1434 2285 1802 2350 quatuordecim
1837 2285 2021 2344 diebus,

325 2381 399 2416 His
422 2379 550 2415 death.
612 2370 936 2432 praeveniente
960 2386 1188 2433 corporea
1215 2369 1513 2429 infirmitate,
1537 2385 1732 2432 pressus
1760 2371 1862 2428 est;
1902 2368 2023 2416 adeo

266 2456 431 2499 tamen
455 2452 714 2512 moderate,
741 2457 800 2501 ut
832 2458 881 2501 et
915 2453 1047 2518 loqui
1081 2457 1187 2502 toto
1221 2470 1277 2501 eo
1309 2458 1524 2515 tempore
1549 2457 1710 2515 posset
1736 2455 1786 2499 et
1818 2450 2022 2514 ingredi.

268 2534 392 2582 Erat
426 2541 591 2583 autem
626 2535 677 2582 in
706 2536 928 2599 proximo
964 2553 1086 2595 casa,
1119 2536 1172 2584 in
1207 2553 1304 2599 qua
1338 2534 1632 2583 infirmiores
1666 2539 1715 2582 et
1750 2533 1835 2597 qui
1870 2549 2021 2596 prope

266 2616 492 2665 morituri
524 2634 624 2665 esse
647 2618 952 2678 videbantur,
978 2618 1145 2667 induci
1181 2618 1413 2667 solebant.
1485 2616 1698 2681 Rogavit
1730 2632 1844 2679 ergo
1879 2615 2022 2662 mini-

320 2784 336 2808 ²
365 2785 555 2838 curabat]
587 2786 629 2825 A
649 2785 765 2837 large
790 2785 999 2838 fragment
1022 2785 1069 2826 of
1091 2799 1118 2825 a
1171 2785 1354 2837 identity
1381 2784 1431 2825 of
1457 2783 1531 2824 the
1559 2787 1645 2823 two
1672 2783 1820 2829 works,
1846 2782 2021 2823 because

266 2841 404 2881 Saxon
433 2855 552 2893 poem
580 2841 820 2892 embracing
844 2854 957 2880 some
980 2841 1027 2879 of
1043 2841 1117 2880 the
1172 2840 1246 2880 the
1271 2841 1361 2879 first
1380 2839 1514 2879 words
1542 2839 1590 2878 of
1609 2838 1681 2878 the
1699 2851 1819 2892 poem
1845 2851 1940 2877 now
1958 2851 2021 2878 re-

267 2896 452 2948 subjects
466 2895 565 2936 here
579 2895 821 2934 mentioned
841 2898 875 2934 is
895 2895 1113 2947 preserved
1168 2895 1354 2946 maining
1379 2894 1432 2934 do
1459 2897 1534 2933 not
1554 2894 1797 2945 correspond
1817 2892 1921 2932 with
1946 2893 2020 2932 the

267 2952 312 2991 in
349 2965 374 2990 a
412 2951 506 2992 MS.
536 2950 583 2990 of
606 2950 679 2990 the
707 2951 829 2990 tenth
865 2954 1040 3003 century
1068 2955 1113 2990 at

268 3006 438 3052 Oxsord,
487 3006 570 3045 and
618 3005 693 3051 has
747 3005 959 3056 generally
1007 3006 1115 3045 been

264 3060 484 3101 identified
502 3061 605 3101 with
619 3059 863 3100 Caedmon's
873 3061 989 3099 work
1002 3074 1115 3099 men-

267 3117 410 3155 tioned
423 3116 479 3168 by
491 3116 619 3155 Beda.
661 3115 705 3154 It
725 3115 801 3153 has
819 3115 928 3153 been
947 3115 1113 3166 printed

267 3171 426 3210 several
446 3171 583 3219 times,
604 3171 660 3223 by
678 3171 709 3210 J
711 3170 832 3209 unius
852 3170 897 3208 in
922 3168 1036 3221 1655,
1056 3170 1115 3223 by

268 3226 433 3278 Thorpe
461 3227 507 3265 in
540 3227 656 3276 1832,
680 3225 751 3265 διο.
809 3224 930 3264 Some
964 3225 1115 3264 doubts

269 3281 376 3320 have
423 3281 529 3320 been
570 3280 706 3320 raised
749 3279 996 3332 concerning
1040 3279 1113 3319 the

1169 2963 1274 3002 song
1288 2949 1424 2989 which
1437 2949 1648 2988 Caedmon
1665 2948 1701 2987 is
1721 2947 1810 2987 said
1824 2948 1955 2987 above
1974 2951 2020 2986 to

1168 3006 1276 3045 have
1295 3005 1480 3052 dreamt;
1511 3003 1589 3043 but
1614 3003 1648 3042 it
1675 3016 1807 3042 seems
1835 3002 2020 3054 pressing

1169 3060 1243 3100 the
1273 3059 1388 3098 word
1416 3061 1428 3079 ‘
1443 3056 1664 3110 adjunxit'
1694 3062 1764 3097 too
1792 3057 1946 3108 closely
1973 3060 2018 3095 to

1169 3129 1245 3167 say
1277 3114 1374 3154 that
1406 3114 1481 3153 the
1519 3126 1639 3165 poem
1666 3126 1712 3152 as
1739 3111 1883 3163 finally
1910 3123 2017 3150 com—

1169 3169 1296 3221 posed
1314 3169 1369 3221 by
1391 3168 1600 3209 Gaedmon
1615 3167 1749 3207 would
1769 3164 2017 3216 necessarily

1170 3237 1407 3264 commence
1439 3222 1542 3264 with
1580 3222 1652 3262 the
1690 3221 1824 3262 words
1863 3219 1911 3259 of
1949 3218 2016 3258 his

1168 3279 1324 3319 dream.
