2216 3554
330 193 425 237 186
905 190 1133 239 Historia
1170 190 1507 239 Ecclesiastico,
1832 188 1966 259 [Lm.
1990 207 2070 239 111.

323 324 516 384 tempus
550 321 680 385 quod
711 321 936 383 instabat,
962 323 1241 372 facultatem
1274 340 1328 372 ac
1360 321 1607 370 licentiam
1638 320 1814 370 ibidem
1841 322 2072 370 orationis

326 420 467 451 causa
501 404 782 452 demorandi
823 405 1112 454 concederet.
1198 405 1387 466 Quibus
1422 405 1594 452 diebus
1636 404 1834 463 cunctis,
1872 411 2072 467 excepta

327 484 596 544 Dominica,
614 487 855 550 jejunium
888 488 950 536 ad
972 505 1221 552 vesperam
1246 504 1397 550 usque
1427 486 1570 549 juxta
1602 502 1783 533 morem
1814 486 2071 549 protelans,

326 584 386 615 ne
421 571 538 616 tunc
573 569 769 632 quidem
805 569 899 617 nisi
935 569 1073 633 panis
1108 569 1452 633 permodicum,
1483 571 1531 615 et
1566 585 1718 615 unum
1753 584 1899 615 ovum
1934 567 2072 630 galli-

325 666 525 697 naceum
550 667 658 699 cum
681 668 832 714 parvo
856 651 979 700 lacte
1002 669 1129 715 aqua
1153 651 1308 698 mixto
1332 649 1640 713 percipiebat.
1712 649 1920 697 Dicebat
1946 649 2074 697 enim

325 730 448 780 hanc
483 749 583 780 esse
619 734 1015 782 consuetudinem
1051 736 1231 791 eorum,
1269 750 1298 780 a
1334 732 1512 796 quibus
1553 748 1772 779 normam
1807 732 2074 794 disciplinae

326 813 561 877 regularis
590 815 839 875 didicerat,
872 823 928 864 ut
962 821 1159 877 accepta
1193 831 1347 877 nuper
1376 815 1480 861 loca
1507 814 1568 861 ad
1599 813 1874 861 faciendum
1909 830 2074 861 mona-

326 897 526 944 sterium
567 898 646 945 vel
692 898 954 957 ecclesiam,
997 898 1134 961 prius
1182 896 1483 944 orationibus
1523 913 1579 944 ac
1620 895 1818 958 jejuniis
1857 895 2076 943 Domino

326 983 615 1027 consecrent.
687 978 908 1042 Cumque
931 979 1094 1027 decem
1118 979 1220 1026 dies
1253 977 1632 1041 quadragesimae
1665 981 1917 1036 restarent,
1943 977 2077 1024 venit

327 1060 411 1122 qui
447 1060 678 1108 clamaret
713 1078 823 1108 eum
860 1062 923 1108 ad
958 1077 1134 1123 regem.
1204 1058 1277 1107 At
1310 1060 1406 1118 ille,
1441 1077 1502 1108 ne
1534 1076 1655 1123 opus
1687 1059 1968 1123 religiosum
1997 1076 2078 1107 ne-

325 1143 570 1205 gotiorum
622 1143 860 1206 regalium
901 1159 1043 1191 causa
1087 1143 1511 1201 intermitteretur,
1553 1142 1696 1205 petiit
1742 1142 2078 1205 presbyterum

326 1241 468 1273 suum
505 1224 817 1288 Cynibillum,
857 1225 942 1288 qui
977 1225 1125 1273 etiam
1167 1225 1319 1273 frater
1353 1242 1614 1289 germanus
1654 1230 1759 1273 erat
1794 1223 1960 1288 ipsius,
1998 1223 2079 1287 pia

326 1311 483 1369 coepta
518 1307 770 1371 complere.
855 1307 949 1356 Cui
990 1324 1098 1355 cum
1134 1306 1214 1355 ille
1254 1307 1464 1356 libenter
1505 1307 1849 1371 adquiesceret,
1887 1306 2078 1370 expleto

327 1389 488 1436 studio
506 1389 800 1452 jejuniorum
826 1394 875 1437 et
899 1389 1143 1449 orationis,
1167 1389 1282 1437 fecit
1314 1389 1383 1437 ibi
1408 1390 1771 1447 monasterium,
1797 1389 1927 1454 quod
1950 1405 2078 1436 nunc

326 1471 649 1535 Laestingaeu
665 1472 680 1497 ²
703 1477 917 1531 vocatur,
944 1475 993 1520 et
1025 1471 1262 1534 religiosis
1295 1471 1525 1531 moribus,
1554 1474 1696 1534 juxta
1724 1472 1852 1521 ritus
1887 1470 2079 1519 Lindis-

325 1553 617 1601 farnensium
642 1553 726 1601 ubi
752 1554 984 1602 educatus
1008 1558 1130 1613 erat,
1155 1554 1383 1602 instituit.

393 1636 489 1697 Qui
525 1653 634 1684 cum
669 1637 807 1684 annis
845 1635 1013 1684 multis
1050 1642 1098 1684 et
1139 1636 1193 1683 in
1226 1637 1427 1700 praefata
1464 1637 1712 1700 provincia
1746 1636 2079 1700 episcopatum

411 1751 536 1787 Death
550 1753 592 1787 of
668 1719 1044 1777 administraret,
1080 1723 1131 1766 et
1164 1719 1309 1781 hujus
1344 1736 1534 1782 quoque
1569 1719 1848 1768 monasterii
1883 1719 2080 1767 statutis

360 1802 502 1844 Bishop
517 1802 630 1838 Oedd.
664 1801 959 1864 propositis2
1006 1818 1171 1850 curam
1217 1804 1421 1864 gereret,
1479 1818 1592 1849 casu
1647 1801 1852 1865 contigit
1906 1804 1963 1849 ut
2016 1802 2077 1848 ad

324 1882 485 1945 ipsum
537 1885 881 1931 monasterium
930 1889 1149 1946 tempore
1202 1883 1547 1932 mortalitatis8
1595 1883 1871 1943 adveniens,
1921 1887 2078 1931 tactus

325 1964 506 2012 ibidem
542 1965 824 2014 infirmitate
865 1966 1092 2029 corporis,
1131 1965 1350 2014 obiret⁴z
1400 1966 1484 2029 qui
1525 1966 1686 2029 primo
1729 1964 1925 2029 quidem
1961 1965 2078 2014 foris

325 2047 542 2110 sepultus
578 2053 649 2095 est
664 2064 676 2107 3
713 2054 931 2111 tempore
966 2051 1129 2096 autem
1166 2048 1469 2110 procedente,
1500 2047 1553 2095 in
1586 2048 1752 2095 eodem
1785 2048 2078 2095 monasterio

325 2129 522 2177 ecclesia
557 2135 630 2178 est
665 2129 717 2176 in
751 2130 979 2178 honorem
1019 2131 1171 2178 beatae
1219 2129 1315 2178 Dei
1355 2129 1604 2193 genitricis
1639 2129 1699 2177 de
1736 2129 1897 2193 lapide
1935 2130 2077 2188 facta,

325 2218 374 2259 et
398 2212 450 2258 in
474 2212 560 2259 illa
584 2229 755 2276 corpus
780 2212 930 2276 ipsius
954 2213 1015 2260 ad
1039 2213 1290 2261 dexteram
1315 2211 1482 2260 altaris
1510 2212 1827 2260 reconditum.

393 2294 546 2342 Dedit
572 2301 735 2343 autem
760 2295 1010 2358 episcopus
1041 2295 1304 2358 regendum
1338 2299 1446 2358 post
1479 2311 1527 2343 se
1564 2294 1914 2343 monasterium
1937 2295 2079 2343 fratri

379 2420 392 2442 ¹
422 2418 714 2472 Laestinyaeu]
742 2419 952 2470 Laestinga
970 2432 1030 2465 ea,
1051 2418 1092 2458 S.
1115 2418 1170 2458 V.
1218 2421 1271 2458 .to
1287 2429 1373 2457 A.D.
1389 2416 1482 2469 667.
1531 2417 1647 2457 Beda
1665 2418 1873 2458 mentions
1891 2417 1991 2471 itas
2009 2418 2079 2457 be-

325 2474 612 2526 Lastingham,
633 2487 733 2513 near
752 2474 942 2526 Whitby.
999 2474 1115 2513 John
1134 2474 1179 2513 of
1228 2474 1404 2525 ginning
1431 2473 1476 2512 in
1505 2483 1592 2513 ΑΛ).
1622 2472 1715 2523 664,
1746 2473 1869 2522 infra,
1898 2487 1939 2526 p.
1975 2485 2080 2522 2023

326 2529 587 2582 Tynemouth
630 2532 770 2576 states,
811 2529 910 2568 xvii.
953 2539 1041 2580 153,
1081 2528 1174 2568 that
1230 2528 1309 2567 but
1356 2541 1422 2568 see
1460 2527 1650 2567 Historia
1687 2528 1920 2574 Abbatum,
1959 2527 2078 2574 infra,

326 2586 361 2625 it
397 2597 482 2623 was
518 2583 699 2623 founded
735 2584 781 2622 in
816 2594 907 2623 ΑΛ).
950 2584 1044 2631 648.
1100 2583 1174 2622 Ce-
1230 2583 1334 2622 with
1353 2586 1464 2623 note.
1520 2583 1610 2621 The
1630 2583 1796 2622 Annals
1814 2582 1863 2621 of
1875 2583 1946 2623 the
1965 2582 2079 2622 Four

326 2639 445 2685 adda,
481 2638 589 2678 after
625 2652 651 2677 a
695 2638 814 2678 three
852 2637 984 2690 years’
1023 2638 1176 2691 episco-
1231 2638 1415 2677 Masters
1470 2637 1551 2676 call
1596 2637 1632 2676 it
1683 2643 1692 2658 ‘
1707 2638 1841 2676 Flava
1894 2636 2078 2678 scabies?

326 2698 426 2747 pate
480 2696 526 2732 at
571 2693 706 2738 York‚
751 2693 787 2731 is
844 2693 931 2732 said
978 2698 1023 2732 to
1070 2693 1175 2732 have
1234 2696 1245 2714 ‘
1258 2692 1485 2731 Hibernice
1513 2691 1669 2731 buidhe
1696 2692 1859 2739 conaill,
1882 2705 2007 2744 quam
2036 2696 2079 2731 et

326 2748 525 2789 returned
562 2752 606 2787 to
638 2748 925 2800 Lastingham‚
957 2748 1041 2787 and
1080 2748 1176 2787 died
1230 2747 1399 2799 Physici
1445 2747 1591 2786 dicunt
1645 2746 1873 2786 ictericiam
1927 2748 2079 2799 passio-

326 2804 446 2843 there
478 2803 522 2844 in
554 2813 642 2843 AD.
673 2803 765 2854 674.
824 2802 1007 2843 Monast.
1042 2803 1170 2855 Angl.
1229 2800 1353 2879 ne14n.'
1408 2801 1606 2849 O’Conor,
1628 2801 1672 2841 ii.
1696 2813 1785 2853 204.

325 2872 353 2898 1.
378 2870 590 2953 {ffb-amis
628 2910 860 2963 propositis]
904 2918 914 2933 ‘
931 2911 1033 2950 And
1074 2911 1174 2951 here
1229 2856 1600 2961 haleg?zgizt]wlliil<1>li
1626 2856 1757 2950 3213?
1773 2855 2078 2962 vegssplriasldreist:

327 2967 472 3020 placed
486 2970 688 3020 aprovost
706 2967 912 3017 (prauast)
926 2967 1011 3006 and
1021 2967 1175 3006 ealdor-
1230 2979 1314 3005 was
1341 2967 1386 3005 in
1406 2976 1491 3007 ΑΔ).
1513 2965 1607 3017 664,
1627 2965 1734 3007 after
1753 2965 1888 3006 which
1915 2965 1968 3009 he
1994 2965 2077 3004 had

327 3021 451 3063 men.'
499 3022 541 3062 S.
562 3022 615 3060 V.
1232 3021 1333 3061 time
1371 3025 1414 3060 to
1451 3023 1597 3059 return
1633 3024 1678 3059 to
1719 3019 1994 3072 East·Anglia
2036 3024 2079 3058 to

383 3079 398 3102 3
426 3083 599 3128 tempore
645 3074 927 3127 mortalitatis]
986 3075 1061 3114 All
1103 3075 1176 3114 the
1232 3076 1479 3127 inaugurate
1525 3075 1598 3113 the
1634 3075 1881 3114 observance
1917 3074 1964 3113 of
2005 3074 2078 3113 the

326 3132 573 3172 chroniclers
601 3131 648 3170 of
669 3131 742 3171 the
760 3130 862 3169 time
881 3129 1068 3170 mention
1087 3130 1172 3169 this
1227 3131 1416 3170 Catholic
1449 3130 1612 3176 Easter,
1643 3143 1683 3181 p.
1716 3140 1806 3172 200,
1839 3128 1921 3169 and
1952 3132 1994 3167 to
2025 3141 2078 3179 go

326 3200 468 3226 severe
495 3186 658 3238 plague.
714 3184 952 3235 According
971 3188 1015 3223 to
1033 3184 1171 3235 Tiger-
1227 3185 1333 3224 back
1362 3189 1406 3225 to
1435 3183 1718 3237 Lastingham‚
1742 3183 1879 3224 where
1897 3182 1949 3223 he
1969 3182 2077 3223 died.

325 3242 444 3289 nach,
459 3242 492 3282 it
503 3240 684 3294 ravaged
699 3239 862 3282 Ireland
876 3240 981 3279 from
994 3249 1080 3279 AD.
1091 3238 1171 3291 664
1229 3239 1287 3280 H.
