2216 3554
166 225 286 274 CAP.
302 222 432 294 xvr]
803 226 968 276 Gentis
999 225 1293 289 Anylorum.
1816 233 1911 277 325

165 358 393 406 remissus
433 361 521 407 est.
609 357 686 406 De
727 359 863 421 cujus
905 358 1101 421 scriptis
1141 358 1303 422 aliqua
1340 358 1607 421 decerpere,
1647 376 1700 408 ac
1739 366 1913 409 nostrae

165 440 280 488 huic
303 441 539 489 Historiae
563 440 771 489 inserere
795 440 1100 488 commodum
1124 439 1225 488 fore
1248 440 1521 503 legentibus
1544 457 1668 491 reor.

856 741 1001 792 GAP.
1049 742 1193 791 XVI.

250 882 346 931 Quae
363 883 412 922 in
430 882 564 923 eodem
583 881 687 922 libro
706 881 756 922 de
775 881 859 922 loco
879 881 1112 922 Dominicae
1128 880 1379 932 nativitatis,
1396 883 1620 934 passionis,
1644 889 1681 923 et
1703 897 1835 924 resur-

760 951 954 992 rectionis
980 952 1314 991 commemoravit.

230 1078 463 1127 Scmrsm
494 1096 607 1142 ergo
631 1079 690 1127 de
713 1079 818 1127 1000
843 1078 1116 1127 Dominicae
1147 1074 1423 1126 nativitatis
1455 1077 1507 1125 in
1530 1079 1659 1127 hunc
1683 1080 1882 1128 modum
1902 1099 1914 1131 ε

165 1166 176 1186 ‘
191 1161 444 1210 Bethleem
459 1162 489 1220 ¹,
514 1161 683 1210 civitas
708 1161 884 1221 David,
903 1161 957 1208 in
981 1162 1124 1208 dorso
1150 1160 1243 1209 sita
1267 1164 1341 1208 est
1365 1165 1571 1222 angusto
1659 1173 1838 1210 Extracts

161 1261 222 1291 ex
263 1245 393 1292 omni
433 1248 572 1307 parte
613 1244 819 1292 vallibus
866 1243 1177 1303 circumdato,
1218 1243 1278 1290 ab
1324 1242 1568 1291 occidente
1625 1224 1858 1308 Adaiiliffizn’s

161 1327 214 1374 in
250 1327 483 1374 orientem
518 1326 652 1374 mille
683 1325 905 1389 passibus
938 1325 1096 1387 longa,
1122 1324 1298 1372 humili
1331 1323 1435 1372 sine
1466 1330 1570 1372 tur·
1690 1322 1799 1357 book.

162 1409 296 1457 ribus
342 1425 482 1457 muro
528 1425 615 1472 per
660 1412 874 1456 extrema
926 1407 1058 1471 plani
1112 1406 1306 1456 verticis
1358 1407 1598 1455 instructo
1612 1423 1626 1467 ς
1680 1406 1733 1454 111
1779 1408 1916 1471 cujus

157 1491 386 1539 'orientali
414 1491 592 1555 angulo
625 1491 762 1555 quasi
797 1491 1038 1554 quoddam
1067 1490 1290 1537 naturale
1327 1489 1643 1537 semiantrum
1666 1493 1752 1547 est,
1779 1491 1915 1554 cujus

160 1573 373 1620 exterior
418 1590 528 1636 pars
574 1573 848 1622 nativitatis
898 1571 1167 1620 Dominieae
1213 1571 1358 1619 fuisse
1405 1571 1587 1619 dicitur
1627 1571 1759 1619 100118
1776 1590 1791 1633 ;
1839 1572 1913 1619 in-

160 1655 309 1703 terior
332 1655 556 1719 Praesepe
580 1655 783 1704 Domini
808 1655 1103 1703 nominatur.
1174 1654 1298 1702 Haec
1330 1654 1558 1716 spelunca
1581 1658 1686 1702 tota
1709 1653 1916 1703 interius

160 1737 371 1800 pretioso
395 1755 635 1786 marmore
658 1744 797 1797 tecta,
825 1754 975 1800 supra
998 1737 1157 1784 locum
1182 1736 1267 1783 ubi
1292 1735 1537 1784 Dominus
1561 1740 1706 1784 natus
1732 1737 1913 1799 specia—

159 1820 255 1868 lius
278 1820 504 1880 traditur,
524 1827 699 1869 sanctae
724 1820 892 1868 Mariae
916 1819 1150 1883 grandem
1173 1822 1332 1882 gestat
1354 1817 1631 1866 ecclesiam.'
1704 1819 1914 1882 Scripsit

159 1902 278 1950 item
312 1902 403 1951 hoc
437 1903 580 1950 modo
609 1903 675 1951 'de
710 1903 813 1951 loco
848 1901 1085 1966 passionis
1117 1918 1172 1950 ac
1201 1901 1567 1950 resurrectionis
1598 1901 1760 1950 illius:
1802 1901 1913 1949 ‘In-

158 1985 333 2047 gressis
358 2001 386 2032 a
409 1985 791 2048 septemtrionali
820 1989 959 2048 parte
984 1984 1153 2032 urbem
1183 1983 1589 2047 Hierosolymam,
1613 1983 1828 2047 primum
1853 1984 1912 2031 de

159 2068 275 2116 locis
299 2067 477 2115 sanctis
500 2084 589 2130 pro
614 2067 889 2116 conditione
917 2067 1187 2130 platearum
1211 2066 1550 2114 divertendum
1576 2071 1647 2114 est
1679 2066 1741 2114 ad
1766 2066 1911 2114 60016-

160 2150 282 2198 siam
306 2149 773 2208 constantinianam,
800 2166 908 2213 quae
933 2148 1227 2218 Martyrium
1244 2151 1260 2175 ²
1284 2149 1569 2212 appellatur.
1625 2148 1767 2195 Hanc
1784 2146 1911 2195 Con-

161 2231 402 2280 stantinus
427 2231 703 2294 imperator,
729 2248 785 2279 60
818 2232 949 2295 quod
980 2231 1050 2279 ibi
1075 2248 1197 2279 crux
1222 2231 1424 2278 Domini
1450 2232 1510 2279 ab
1544 2230 1735 2278 Helena
1758 2235 1912 2278 matre

161 2317 353 2376 reperta
390 2313 469 2372 sit,
507 2313 762 2376 magnifico
803 2319 852 2362 et
898 2313 1030 2376 regio
1074 2314 1209 2362 cultu
1251 2313 1535 2361 construxit.
1623 2312 1813 2361 Dehinc
1850 2313 1911 2359 ab

162 2413 329 2444 occasu
355 2396 690 2458 Golgothana³
721 2395 917 2444 videtur
948 2395 1159 2455 ecclesia,
1183 2396 1236 2443 in
1260 2412 1356 2459 qua
1380 2397 1528 2444 etiam
1551 2396 1688 2460 rupis
1712 2401 1913 2460 apparet

161 2480 258 2538 illa,
280 2496 385 2542 quae
409 2478 651 2542 quondam
675 2478 833 2541 ipsam
855 2478 1015 2526 adfixo
1040 2478 1240 2526 Domini
1264 2495 1462 2541 corpore
1482 2495 1667 2526 crucem
1694 2478 1908 2542 pertulit,

160 2567 438 2626 argenteam
461 2561 603 2608 modo
627 2561 944 2624 pergrandem
968 2561 1211 2609 sustinens
1235 2577 1436 2620 crucem,
1462 2561 1705 2624 pendente
1735 2578 1910 2624 magna

162 2646 366 2708 desuper
400 2660 523 2692 aerea
558 2649 666 2691 rota
701 2660 811 2691 cum
846 2630 1163 2706 lampadibus.
1235 2643 1372 2691 Infra
1406 2643 1566 2707 ipsum
1600 2660 1715 2692 vero
1750 2644 1912 2692 locum

163 2725 430 2775 Dominicae
453 2725 622 2785 crucis,
648 2725 805 2773 excisa
833 2725 884 2772 in
907 2729 1049 2788 petra
1073 2731 1243 2788 crypta
1271 2730 1357 2785 est,
1382 2725 1435 2773 in
1460 2742 1555 2790 qua
1589 2742 1736 2788 super
1760 2726 1912 2774 altare

161 2826 249 2872 pro
281 2808 520 2856 defunctis
554 2808 803 2856 honoratis
838 2807 1126 2856 sacrificium
1161 2808 1282 2856 solet
1317 2807 1492 2867 offerri,
1517 2808 1689 2872 positis
1714 2808 1911 2856 interim

162 2892 214 2939 in
239 2891 399 2954 platea
422 2890 712 2954 corporibus.
785 2892 951 2952 Hujus
975 2907 1166 2953 quoque
1199 2890 1261 2939 ad
1290 2907 1511 2938 occasum
1535 2890 1756 2949 ecclesiae,
1781 2888 1912 2941 Anat

162 2974 318 3032 stasis,
351 2973 441 3021 hoc
472 2979 558 3033 est,
583 2973 946 3021 resurrectionis
979 2972 1248 3021 Dominicae
1275 2973 1484 3021 rotunda
1518 2973 1727 3031 ecclesia,
1752 2972 1911 3020 tribus

162 3057 319 3104 cincta
350 3055 629 3119 parietibus,
655 3055 910 3104 duodecim
944 3055 1182 3104 columnis
1216 3059 1532 3115 sustentatur,
1558 3057 1683 3103 inter
1705 3054 1912 3117 parietes

216 3178 230 3202 ¹
260 3179 484 3231 Bethleem]
531 3178 770 3224 Adamnan,
792 3179 857 3222 'ii.
899 3190 935 3225 1,
974 3191 1012 3225 2,
1123 3177 1139 3201 ²
1169 3179 1442 3232 Martyrium]
1466 3179 1531 3219 Ib.
1553 3178 1580 3219 i.
1605 3186 1640 3229 7.

163 3235 316 3329 11υὲἑώ
344 3235 399 3287 by
420 3234 640 3282 Mabillon,
663 3235 736 3274 loc.
760 3233 831 3274 cit.
860 3235 904 3274 in
932 3234 1015 3274 last
1123 3234 1139 3259 ⁸
1170 3235 1427 3288 Golyothana
1448 3265 1457 3275 .
1483 3266 1492 3276 .
1516 3266 1524 3274 .
1546 3232 1724 3285 ecclesia]
1749 3231 1812 3271 Ib.
1833 3231 1859 3270 i.
1876 3230 1913 3270 6.

164 3304 219 3330 no
267 3322 275 3330 .
