2216 3554
205 168 328 218 OAP.
346 164 515 236 XXIV]
859 167 1026 217 Gentis
1059 164 1343 230 Anqlorum.
1860 173 1956 218 367

203 299 431 349 aetatibus
466 298 627 348 saeculi
661 315 759 346 una
793 302 896 358 est;
930 298 990 345 de
1024 296 1355 344 mansionibus
1383 295 1597 344 filiorum
1629 297 1795 357 Israel,
1824 316 1955 360 una3

202 399 303 431 una
338 383 397 431 de
431 400 486 432 eo
521 382 652 446 quod
683 381 752 430 ait
781 379 964 429 Isaias:
1005 380 1116 428 “Et
1139 378 1426 427 claudentur
1456 379 1525 427 ibi
1556 380 1608 426 in
1632 397 1881 440 carcerem,
1908 387 1958 430 et

203 471 313 528 post
348 465 450 514 dies
485 466 665 513 multos
698 464 1027 512 visitabuntur
1043 478 1056 522 3
1074 461 1097 483 ''
1135 461 1194 510 de
1229 461 1417 510 ratione
1453 461 1683 523 Bissexti,
1719 479 1847 524 una3
1898 464 1957 512 de

203 547 528 611 AEquinoctio,
549 550 689 610 juxta
711 544 1009 604 Anatolium,
1036 561 1146 593 una.

275 631 446 688 ‘Item,
489 630 549 678 de
594 628 810 677 historiis
852 627 1145 676 Sanctorum
1161 642 1174 686 ;
1223 626 1430 674 Librum
1470 626 1584 676 vitae
1625 631 1677 676 et
1716 628 1956 692 passionis

203 713 357 761 sancti
394 712 569 761 Felicis
601 710 899 760 confessoris
930 710 990 758 de
1023 708 1223 758 metrico
1252 708 1453 757 Paulini
1482 709 1640 774 Opere
1675 710 1728 758 in
1762 728 1957 775 prosam

202 797 447 846 transtuli.

273 885 285 906 ‘
301 880 510 928 Librum
543 879 660 929 vitae
695 881 746 926 et
780 876 1014 942 passionis
1049 875 1204 925 sancti
1238 874 1500 937 Anastasii‚
1531 876 1657 925 male
1690 877 1750 926 de
1788 878 1957 928 Graeco

202 963 503 1022 translatum,
552 967 602 1010 et
647 963 785 1026 pejus
831 977 860 1008 a
907 960 1119 1024 quodam
1164 959 1391 1023 imperito
1438 960 1762 1022 emendatum,
1809 966 1959 1026 prout

202 1046 354 1110 potui,
391 1046 453 1093 ad
487 1061 681 1094 sensum
716 1043 916 1092 correxi.

273 1133 285 1154 ‘
301 1129 467 1177 Vitam
500 1127 653 1176 sancti
685 1126 856 1190 patris,
883 1124 1103 1173 monachi
1134 1124 1282 1172 simul
1318 1129 1368 1174 et
1398 1124 1649 1186 antistitis,
1676 1125 1954 1190 Oudbercti,

201 1216 252 1260 et
275 1211 412 1275 prius
435 1211 628 1259 heroico
653 1213 823 1269 metro,
847 1213 897 1257 et
919 1207 1227 1271 postmodum
1252 1207 1395 1271 plano
1420 1224 1638 1257 sermone
1661 1209 1910 1274 descripsi.

274 1299 285 1319 ‘
300 1294 576 1343 Historiam
599 1293 833 1342 abbatum
856 1290 1138 1339 monasterii
1161 1290 1319 1354 hujus,
1340 1290 1391 1338 in
1416 1308 1510 1355 quo
1534 1308 1758 1355 supernae
1781 1293 1958 1356 pietati

200 1377 443 1425 deservire
467 1377 666 1441 gaudeo,
693 1374 961 1435 Benedicti,
989 1373 1236 1434 ceolfridi,
1262 1377 1312 1422 et
1347 1374 1667 1424 Huaetbercti
1701 1375 1756 1423 in
1777 1376 1958 1425 libellis

201 1459 400 1507 duobus.

269 1545 281 1568 ‘
296 1542 571 1590 Historiam
595 1539 981 1590 Ecclesiasticam
1004 1542 1181 1588 nostrae
1206 1538 1377 1587 insulae
1401 1556 1455 1587 ac
1479 1538 1650 1602 gentis,
1676 1540 1731 1588 in
1755 1540 1889 1591 libris
1906 1560 1955 1591 v.

270 1629 283 1651 ‘
299 1623 705 1688 Martyrologium
730 1624 788 1671 de
812 1622 1049 1671 natalitiis
1074 1626 1352 1670 sanctorum
1377 1625 1646 1685 martyrum
1665 1623 1834 1672 diebus
1851 1642 1866 1685 3
1905 1625 1958 1672 in

200 1724 296 1772 quo
342 1724 509 1756 omnes
551 1723 673 1771 quos
714 1705 933 1754 invenire
979 1704 1133 1769 potui,
1175 1721 1275 1752 non
1316 1705 1473 1754 solum
1512 1722 1610 1769 qua
1651 1706 1745 1767 die,
1786 1724 1957 1755 verum

199 1790 348 1839 etiam
373 1807 467 1854 quo
490 1806 663 1853 genere
695 1788 987 1848 certaminis,
1011 1788 1088 1836 vel
1124 1789 1214 1836 sub
1246 1805 1342 1852 quo
1374 1788 1536 1851 judice
1567 1790 1806 1839 mundum
1829 1790 1958 1840 vice-

198 1874 314 1933 rint,
339 1874 602 1937 diligenter
624 1872 856 1919 adnotare
883 1870 1064 1919 studui.

270 1960 283 1983 ‘
298 1956 506 2004 Librum
529 1955 858 2018 Hymnorum,
884 1953 1075 2002 diverso
1100 1958 1271 2013 metro,
1297 1953 1399 2002 sive
1422 1954 1663 2018 rhythmo.

269 2044 281 2065 ‘
296 2039 504 2088 Librum
528 2038 954 2102 Epigrammatum
979 2036 1170 2085 heroico
1195 2042 1365 2095 metro,
1392 2036 1493 2085 sive
1518 2038 1742 2101 elegiaco.

270 2126 283 2148 ‘
299 2121 378 2169 De
403 2122 595 2169 Natura
617 2137 796 2179 rerum,
822 2123 872 2167 et
896 2120 956 2167 de
981 2118 1300 2182 Temporibus
1323 2118 1471 2168 libros
1495 2120 1726 2184 singulos.

268 2208 281 2230 ‘
298 2204 439 2263 Item,
466 2204 526 2252 de
551 2203 872 2267 Temporibus
895 2203 1076 2250 librum
1100 2220 1254 2251 unum
1278 2206 1521 2266 majorem.

270 2292 282 2313 ‘
298 2287 502 2335 Librum
525 2286 584 2334 de
609 2286 983 2350 Orthographia,
1008 2286 1255 2349 alphabeti
1279 2286 1449 2335 ordine
1473 2286 1772 2336 distinctum.

272 2370 441 2428 ‘Item‚
477 2369 658 2417 librum
695 2369 754 2417 de
790 2368 995 2417 Metrica
1030 2373 1162 2429 arte3
1199 2374 1247 2416 et
1283 2368 1394 2417 huic
1429 2369 1672 2433 adiectum
1706 2370 1860 2419 alium
1897 2373 1957 2422 de

200 2451 538 2502 Schematibus
574 2451 678 2500 sive
713 2449 887 2514 Tropis
916 2450 1149 2510 libellum,
1173 2450 1263 2498 hoc
1298 2456 1386 2511 est,
1412 2452 1472 2500 de
1504 2451 1675 2516 figuris
1707 2454 1956 2521 modisque

197 2535 513 2594 locutionum,
538 2533 716 2599 quibus
740 2533 991 2602 Scriptura
1014 2537 1178 2582 sancta
1202 2538 1424 2583 contexta
1449 2535 1551 2584 est?

267 2668 430 2730 Teque
464 2666 711 2729 deprecor,
752 2665 877 2713 bone
915 2665 947 2713 J
952 2681 1051 2725 eSU,
1087 2670 1145 2714 ut
1186 2666 1264 2714 cui
1304 2667 1545 2731 propitius
1581 2668 1773 2719 donasti
1808 2673 1957 2723 verba

196 2756 294 2801 tuae
331 2748 547 2798 scientiae
582 2748 788 2796 dulciter
818 2747 1025 2808 haurire,
1051 2747 1197 2797 dones
1233 2750 1379 2799 etiam
1414 2751 1667 2816 benignus,
1694 2753 1953 2818 aliquando

197 2834 259 2883 ad
284 2838 332 2881 te
365 2832 551 2880 fontem
584 2831 742 2880 omnis
777 2830 1028 2895 sapientiae
1062 2833 1328 2895 pervenire,
1354 2839 1403 2883 et
1425 2851 1598 2899 parere
1630 2853 1819 2901 semper
1841 2843 1955 2887 ante

197 2915 368 2966 faciem
391 2918 546 2964 tuam.

233 3046 455 3113 Eaeplicit
478 3046 691 3096 Domino
702 3045 907 3112 juvante
928 3044 1048 3094 liber
1078 3046 1280 3108 quintus
1302 3046 1538 3099 Historiae
1573 3049 1920 3099 Ecclesiasticae

839 3125 1004 3176 Gentis
1037 3123 1319 3189 Anqlorum.
