2216 3554
297 172 396 217 230
877 164 1104 213 Historia
1138 163 1479 212 Ecclesiastica
1500 171 1516 183 ⁴
1544 180 1549 183 ⁷
1821 159 1956 230 [Lm.
1977 178 2048 210 1v.

292 305 418 359 tura,
445 299 751 346 monstraret.
822 295 974 359 Cujus
998 296 1162 344 radius
1188 295 1309 344 lucis
1338 299 1503 342 tantus
1540 293 1745 352 exstitit,
1771 299 1827 342 ut
1850 294 2046 358 quidam

293 379 353 425 de
381 379 645 427 fratribus¹
670 378 830 426 senior
866 379 948 442 qui
985 378 1090 442 ipsa
1126 378 1244 426 hora
1280 378 1329 424 in
1366 376 1578 424 oratorio
1615 393 1781 423 eorum
1814 393 1924 423 cum
1952 377 2047 423 alio

294 461 482 524 juniore
516 461 706 523 positus
742 462 916 520 fuerat,
952 462 1155 509 referret
1192 477 1347 517 mane,
1377 459 1509 522 quod
1544 458 1748 521 ingressi
1785 475 1871 521 per
1903 460 2049 506 rimas

294 543 530 591 ostiorum
569 543 649 592 vel
696 544 1019 591 fenestrarum
1065 542 1193 590 radii
1234 541 1369 600 luciS,
1409 557 1600 589 omnem
1638 540 1802 590 diurni
1842 541 2049 595 ,luminis

294 625 578 674 viderentur
601 642 825 689 superare
849 625 1105 688 fulgorem.

1007 875 1156 926 CAP.
1194 876 1347 928 VIII.

299 1015 350 1057 Ut
379 1017 426 1056 in
454 1017 589 1056 eodem
617 1016 866 1056 ‘monasterio
894 1015 1092 1066 puerulus
1111 1016 1302 1066 moriens,
1325 1015 1529 1068 virginem
1549 1028 1635 1066 q-uae
1662 1028 1703 1055 se
1732 1020 1821 1055 erat
1847 1018 2050 1062 secutura,

381 1086 616 1127 clamaverit
630 1102 648 1132 ,·
680 1092 802 1138 utque
817 1085 909 1125 alia
925 1085 975 1125 de
994 1098 1158 1138 corpore
1176 1099 1394 1137 eyresswra,
1403 1086 1499 1138 jam
1510 1085 1759 1136 particulam
1771 1085 1932 1137 fataroe
1951 1085 2055 1125 lucis

380 1156 595 1207 aspexerit.

369 1282 518 1329 ERAT
544 1281 596 1328 in
621 1281 784 1329 eodem
815 1281 1109 1330 monasterio
1144 1298 1266 1344 puer
1297 1280 1448 1328 trium
1484 1279 1687 1338 circiter,
1713 1297 1810 1327 non
1834 1279 2055 1344 amplius,

344 1404 374 1428 2·
390 1393 539 1428 Visions
564 1394 605 1428 of
646 1381 883 1412 annorum
908 1363 1070 1411 AEsica
1100 1363 1310 1422 nomine,
1338 1363 1421 1426 qui
1444 1367 1643 1425 propter
1666 1362 1940 1409 infantilem
1976 1363 2057 1409 ad-

364 1444 432 1480 the
447 1444 578 1487 dying·
642 1446 739 1494 huc
773 1450 969 1495 aetatem
1009 1449 1062 1495 in
1094 1446 1339 1510 virginum
1371 1446 1474 1493 Deo
1506 1444 1837 1493 dedicatarum
1876 1444 2058 1493 solebat

299 1529 422 1578 cella
456 1529 651 1589 nutriri,
678 1529 844 1593 ibique
880 1530 1123 1579 medicari.
1204 1529 1301 1576 Hic
1335 1528 1541 1591 praefata
1576 1527 1851 1591 pestilentia
1884 1532 2058 1584 tactus,

298 1612 384 1659 ubi
420 1612 482 1659 ad
518 1618 736 1660 extrema
770 1613 1010 1675 pervenit,
1047 1611 1274 1661 clamavit
1307 1610 1455 1659 tertio
1491 1627 1638 1658 unam
1676 1610 1735 1658 de
1770 1611 2059 1658 consecratis

303 1694 501 1742 Christo
529 1694 817 1758 virginibus,
854 1695 1051 1759 proprio
1084 1712 1190 1743 eam
1220 1693 1414 1741 nomine
1450 1693 1588 1756 quasi
1620 1699 1908 1756 praesentem
1940 1693 2055 1740 allo-

302 1793 467 1840 quens,
493 1777 711 1840 Eadgyd,
739 1777 957 1840 Eadgyd‚
982 1777 1222 1841 Eadgyd3
1261 1782 1310 1824 et
1343 1776 1411 1823 sie
1442 1774 1709 1823 terminans
1740 1775 2057 1837 temporalem

300 1860 468 1918 vitam,
495 1859 700 1907 intravit
735 1865 981 1908 aeternam.
1053 1859 1129 1907 At
1153 1859 1291 1922 virgo
1321 1859 1406 1905 illa
1430 1875 1577 1921 quam
1608 1857 1818 1904 moriens
1842 1857 2058 1915 vocabat,

302 1959 418 1988 mox
443 1941 494 1988 in
519 1942 622 1989 loco
647 1959 744 2004 quo
770 1949 888 2002 erat,
909 1943 1077 1990 eadem
1102 1943 1295 1990 adtacta
1319 1941 1618 2000 infirmitate,
1638 1940 1743 2004 ipso
1769 1957 1865 2003 quo
1892 1946 2060 1988 vocata

303 2029 376 2071 est
401 2023 478 2070 die
503 2023 562 2070 de
586 2024 676 2072 hac
700 2024 806 2072 luce
833 2025 1092 2084 subtracta,
1121 2028 1169 2073 et
1203 2025 1343 2073 illum
1367 2024 1450 2088 qui
1484 2041 1533 2071 se
1557 2011 1748 2071 vocavit
1770 2022 1833 2070 ad
1857 2039 2059 2085 regnum

302 2105 491 2153 caeleste
528 2111 692 2153 secuta
727 2112 815 2155 est.

372 2188 503 2235 Item
551 2189 773 2251 quaedam
821 2206 878 2236 ex
932 2188 1113 2237 eisdem
1161 2188 1348 2237 ancillis
1396 2187 1490 2235 Dei
1532 2205 1639 2235 cum
1689 2186 1890 2250 praefato
1933 2190 2061 2235 tacta

304 2269 488 2328 morbo,
531 2275 677 2333 atque
718 2271 779 2318 ad
822 2276 1039 2319 extrema
1081 2275 1208 2319 esset
1247 2271 1495 2334 perducta,
1534 2270 1679 2333 coepit
1724 2269 1887 2317 subito
1935 2269 2060 2316 circa

304 2352 514 2399 mediam
552 2358 743 2399 noctem
780 2353 986 2401 clamare
1021 2353 1098 2401 his
1134 2371 1241 2418 quae
1277 2353 1370 2402 sibi
1412 2354 1763 2411 ministrabant,
1799 2358 1968 2416 petens
2004 2359 2061 2399 ut

305 2435 550 2483 lucernam
600 2451 705 2497 quae
754 2435 878 2482 inibi
925 2452 1121 2484 accensa
1169 2439 1285 2494 erat,
1326 2436 1718 2500 exstinguerent:
1775 2435 1904 2497 quod
1951 2451 2059 2482 cum

301 2517 548 2580 frequenti
572 2534 686 2564 voce
718 2522 971 2581 repeteret,
998 2536 1086 2567 nec
1117 2522 1283 2566 tamen
1318 2518 1363 2567 ei
1399 2519 1574 2582 aliquis
1605 2518 1974 2580 obtemperaret,
1998 2501 2087 2564 ad⁸

303 2604 577 2647 extremum
603 2599 800 2648 intulit:
841 2605 851 2626 ‘
875 2600 984 2649 ,Scio
1010 2602 1139 2664 quod
1164 2619 1240 2649 me
1264 2601 1364 2650 haec
1394 2601 1565 2649 insana
1588 2606 1748 2648 mente
1773 2599 1907 2663 loqui
1931 2599 2060 2647 arbi-

303 2681 502 2730 tramini
520 2698 532 2740 ;
572 2682 655 2729 sed
677 2682 783 2744 jam
808 2700 936 2731 nunc
972 2701 1070 2731 non
1102 2684 1174 2732 ita
1206 2701 1308 2732 esse
1343 2684 1643 2746 cognoscite:
1679 2699 1793 2730 nam
1817 2698 1928 2730 vere
1954 2681 2060 2729 dico

303 2763 455 2824 vobis,
481 2764 611 2826 quod
638 2764 837 2811 domum
862 2765 987 2812 hanc
1011 2770 1149 2814 tanta
1182 2767 1289 2814 luce
1325 2767 1577 2829 impletam
1602 2782 1701 2813 esse
1726 2763 1977 2828 perspicio,
2004 2767 2061 2810 ut

303 2849 467 2894 vestra
490 2845 575 2893 illa
602 2845 800 2894 lucerna
834 2847 955 2894 mihi
991 2848 1281 2896 omnimodis
1317 2865 1417 2896 esse
1440 2848 1664 2896 videatur
1692 2845 1920 2896 obscura!
1991 2845 2061 2893 Et

361 2997 375 3019 ¹
404 3001 575 3051 quidam
595 3001 645 3040 dc
663 3000 888 3055 fratribus]
917 3003 961 3042 It
990 3017 1074 3042 was
1101 3018 1157 3043 an
1210 3004 1256 3043 in
1284 3004 1478 3056 England
1510 3004 1554 3042 in
1581 3001 1732 3043 Beda's
1765 3005 1877 3043 time.
1941 3001 2061 3041 Some

305 3054 376 3093 old
391 3055 483 3094 rule
499 3055 592 3095 that
607 3056 755 3095 molnks
776 3057 860 3095 and
877 3070 986 3097 nuns
1005 3058 1154 3098 should
1211 3060 1313 3098 such
1360 3073 1469 3099 were
1514 3058 1719 3110 governed
1765 3059 1821 3111 by
1859 3057 2062 3102 abbesses‚

303 3109 390 3147 live
418 3110 463 3147 in
491 3111 563 3149 the
596 3124 709 3149 same
741 3111 888 3163 abbey,
921 3112 1079 3163 though
1112 3113 1157 3153 in
1213 3128 1290 3165 e.g.
1318 3114 1404 3153 this
1433 3127 1510 3152 one
1539 3118 1583 3152 at
1611 3113 1810 3164 Barking,
1834 3113 1917 3152 and
1946 3114 2061 3152 those

303 3164 500 3204 different
528 3169 668 3216 parts;
708 3166 790 3204 and
820 3166 939 3205 there
974 3180 1085 3206 seem
1113 3172 1157 3207 to
1211 3173 1256 3208 at
1303 3168 1596 3209 Streaneshalh
1641 3169 1725 3207 and
1774 3167 2061 3220 Coldingham,

301 3217 411 3258 have
449 3219 554 3259 been
594 3233 721 3273 many
753 3221 855 3260 such
887 3223 1156 3263 monasteries
1211 3237 1245 3262 c.
1270 3234 1332 3275 25.
1389 3224 1449 3263 H.
