2216 3554
184 175 309 224 CAP.
329 170 404 242 v.]
814 169 980 220 Gentis
1013 167 1300 232 Anylorum.
1836 171 1932 218 149

186 306 300 355 fidei
324 303 639 369 suscipiendae
664 306 1016 351 sacramentum
1045 300 1086 350 si
1117 299 1336 347 infideles
1360 303 1534 358 essent,
1559 296 1818 359 invitaret3
1854 299 1933 347 vel

186 387 229 434 si
278 387 457 446 fideles,
493 387 544 435 in
582 387 690 450 ipsa
729 402 809 434 eos
849 384 943 432 fide
984 382 1293 441 confortaret,
1330 386 1478 444 atque
1512 380 1574 428 ad
1610 381 1933 443 eleemosynas

187 486 484 534 operumque
506 470 743 518 bonorum
766 465 1113 523 executionem,
1139 467 1190 511 et
1211 462 1375 511 verbis
1398 462 1630 510 excitaret
1655 467 1704 510 et
1726 462 1882 511 factis.

257 553 318 600 In
352 557 544 601 tantum
578 554 743 600 autem
776 549 879 597 vita
912 547 1047 595 illius
1079 563 1108 594 a
1140 545 1296 594 nostri
1326 544 1562 608 temporis
1596 545 1804 608 segnitia
1838 545 1934 593 dis-

187 636 337 693 tabat,
362 641 421 684 ut
449 650 614 683 omnes
645 633 730 697 qui
762 648 873 680 cum
905 646 960 679 eo
992 629 1294 687 incedebant,
1320 627 1423 676 sive
1454 627 1663 686 adtonsi,
1689 644 1774 676 seu
1808 628 1936 687 laici,

188 706 415 765 meditari
429 718 446 744 1
469 700 727 775 deberent3
763 714 814 762 id
848 718 937 774 est,
962 716 1048 761 aut
1079 710 1295 775 legendis
1326 709 1604 772 Scripturis,
1629 714 1716 758 aut
1738 711 1936 774 psalmis

186 799 425 848 discendis
460 815 656 862 operam
691 797 822 845 dare.
893 796 1002 844 Hoc
1037 798 1144 843 erat
1179 793 1517 857 quotidianum
1552 809 1673 856 opus
1708 793 1855 854 illius,
1887 798 1937 842 et

187 882 404 930 omnium
427 881 515 945 qui
538 897 646 929 cum
671 896 728 928 eo
750 884 904 938 erant,
923 877 1218 940 ubicumque
1240 876 1454 924 locorum
1479 874 1798 925 devenissent.
1869 876 1938 923 Et

187 964 229 1012 si
253 965 378 1012 forte
400 962 649 1022 evenisset,
674 962 805 1025 quod
822 967 985 1010 tamen
1008 976 1119 1008 raro
1143 958 1320 1019 evenit,
1338 962 1397 1006 ut
1419 957 1482 1006 ad
1507 957 1634 1020 regis
1658 956 1937 1005 convivium

187 1051 451 1106 vocaretur,
466 1045 680 1093 intrabat
698 1061 808 1093 cum
826 1060 924 1092 uno
944 1043 1130 1102 clerico,
1150 1047 1235 1090 aut
1253 1041 1440 1089 duobus
1458 1058 1473 1102 3
1511 1044 1560 1088 et
1578 1039 1661 1088 ubi
1685 1039 1937 1103 paululum

186 1128 502 1187 reficiebatur,
539 1126 830 1175 adceleravit
865 1125 998 1174 ocius
1036 1125 1098 1173 ad
1138 1124 1397 1189 legendum
1432 1140 1542 1172 cum
1584 1122 1699 1182 suis,
1736 1122 1838 1171 sive
1874 1123 1937 1170 ad

186 1211 421 1260 orandum
444 1210 620 1273 egredi.
692 1209 841 1273 Cujus
861 1207 1094 1272 exemplis
1110 1206 1359 1255 informati
1378 1210 1597 1269 tempore
1615 1205 1702 1254 illo
1720 1204 1938 1268 religiosi

186 1293 366 1357 quique
383 1292 552 1340 viriae
576 1292 784 1351 feminae,
803 1289 1202 1339 consuetudinem
1219 1289 1439 1337 fecerunt
1454 1305 1542 1352 per
1562 1291 1721 1336 totum
1740 1304 1938 1348 annum,

185 1380 387 1439 excepta
430 1374 710 1423 remissione
746 1371 1159 1437 quinquagesimae
1200 1371 1452 1435 paschalis,
1489 1375 1665 1435 quarta
1706 1373 1755 1419 et
1801 1375 1938 1418 sexta

185 1458 373 1506 sabbati
388 1457 629 1521 jejunium
653 1457 714 1505 ad
742 1472 919 1504 nonam
943 1471 1097 1518 usque
1127 1454 1298 1502 horam
1321 1453 1562 1516 protelare
1578 1453 1610 1502 ².
1670 1453 1938 1517 Nunquam

184 1541 419 1589 divitibus
447 1540 642 1588 honoris
675 1539 775 1587 sive
798 1537 987 1586 timoris
1017 1537 1190 1601 gratia,
1215 1537 1256 1585 si
1281 1553 1378 1600 qua
1409 1536 1740 1602 deliquissent,
1766 1536 1938 1585 retice-

184 1622 294 1682 bat3
333 1623 416 1671 sed
449 1639 617 1685 aspera
647 1621 757 1668 illos
781 1620 1051 1669 invectione
1076 1619 1357 1683 corrigebat.
1430 1619 1634 1667 Nullam
1657 1619 1938 1682 potentibus

184 1704 346 1752 saeculi
369 1704 639 1767 pecuniam,
665 1708 865 1766 excepta
894 1701 1194 1751 solummodo
1226 1718 1332 1749 esca
1368 1698 1409 1748 si
1441 1718 1560 1764 quos
1591 1701 1803 1764 hospitio
1836 1717 1937 1751 sus—

183 1786 398 1848 cepisset,
418 1802 648 1850 umquam
666 1786 782 1833 dare
806 1785 1002 1843 solebat,
1024 1784 1107 1832 sed
1132 1800 1188 1831 ea
1211 1783 1374 1847 potius
1400 1799 1510 1846 quae
1534 1783 1626 1831 sibi
1650 1801 1679 1832 a
1702 1783 1938 1832 divitibus

182 1868 383 1916 donaria
408 1867 723 1930 pecuniarum
747 1866 1095 1930 largiebantur,
1114 1866 1192 1913 vel
1217 1865 1269 1912 in
1293 1881 1411 1913 usus
1428 1882 1710 1929 pauperum,
1732 1871 1790 1914 ut
1813 1867 1937 1914 dixi-

183 1967 303 2008 mus,
323 1950 644 2014 dispergebat,
663 1949 741 1998 vel
765 1949 828 1996 ad
846 1948 1229 2011 redemptionem
1253 1964 1420 1996 eorum
1440 1949 1524 2011 qui
1542 1948 1720 2011 injuste
1744 1949 1938 1997 fuerant

181 2032 382 2092 venditi,
419 2031 740 2095 dispensabat.
829 2031 1053 2094 Denique
1089 2031 1270 2079 multos
1305 2047 1423 2093 quos
1460 2031 1619 2094 pretio
1655 2031 1769 2078 dato
1805 2031 1939 2078 rede-

182 2122 351 2174 merat,
388 2116 662 2179 redemptos
702 2114 1014 2178 postmodum
1056 2130 1167 2163 suos
1209 2113 1474 2178 discipulos
1512 2113 1640 2174 fecit,
1684 2119 1829 2177 atque
1876 2115 1938 2161 ad

182 2199 520 2247 sacerdotalem
583 2214 735 2262 usque
808 2197 1013 2262 gradum
1086 2196 1350 2245 erudiendo
1416 2190 1563 2260 atque
1637 2196 1937 2245 instituendo

183 2281 422 2344 provexit.

251 2363 436 2411 Ferunt
467 2368 630 2410 autem
662 2361 778 2425 quia
809 2377 919 2409 cum
951 2361 1011 2410 de
1038 2359 1291 2425 provincia
1327 2360 1608 2410 Scottorum
1643 2378 1730 2410 rex
1756 2359 1938 2409 Osuald

184 2444 471 2508 postulasset
495 2443 779 2502 antistitem,
805 2443 888 2506 qui
915 2442 1008 2490 sibi
1042 2459 1236 2506 suaeque
1259 2442 1395 2506 genti
1418 2442 1621 2491 verbum
1656 2441 1770 2490 fidei
1796 2442 1937 2489 mini-

184 2530 375 2585 straret,
400 2526 575 2574 missus
597 2526 746 2575 fuerit
769 2526 928 2588 primo
952 2524 1102 2573 alius³
1122 2524 1399 2572 austerioris
1423 2524 1574 2572 animi
1599 2524 1688 2584 vir,
1715 2524 1802 2588 qui
1826 2542 1936 2573 cum

183 2608 469 2672 aliquandiu
520 2608 656 2673 genti
702 2606 982 2672 Anglorum
1034 2607 1303 2670 praedicans
1354 2607 1478 2655 nihil
1525 2607 1801 2671 proficeret,
1850 2624 1937 2655 nec

184 2689 394 2738 libenter
417 2707 447 2737 a
469 2690 648 2753 populo
671 2689 938 2747 audiretur,
964 2688 1167 2736 redierit
1190 2688 1416 2752 patriam,
1442 2694 1588 2753 atque
1620 2689 1671 2736 in
1697 2693 1936 2737 conventu

184 2772 429 2820 seniorum
464 2771 700 2830 retulerit,
737 2772 852 2835 quia
891 2771 962 2818 nil
997 2772 1224 2834 prodesse
1264 2771 1478 2819 docendo
1520 2771 1656 2834 genti
1692 2772 1754 2819 ad
1789 2787 1936 2834 quam

185 2855 359 2903 missus
392 2859 507 2913 erat,
536 2853 786 2917 potuisset,
819 2870 873 2902 eo
910 2853 1039 2917 quod
1073 2860 1233 2903 essent
1266 2854 1487 2903 homines
1522 2854 1853 2911 indomabiles,
1885 2857 1934 2900 et

238 2999 251 3022 ¹
274 2997 489 3050 meditari]
507 2998 584 3037 ‘To
599 2997 748 3051 study?
794 2997 1027 3050 Stev.Eng.
1081 2997 1150 3039 vel
1196 2997 1247 3039 de
1292 2998 1504 3052 aliquibus
1548 2999 1700 3038 divinae
1745 2996 1936 3037 lectionis

183 3054 260 3095 Ch.
283 3054 531 3099 Histoi-lans,
562 3057 670 3101 note,
700 3066 740 3105 p.
761 3063 854 3105 395,
882 3057 1028 3104 quotes
1082 3054 1376 3106 quaestionibus
1396 3052 1632 3107 disputare)

183 3109 255 3148 the
284 3108 394 3148 Rule
423 3108 468 3147 of
490 3108 550 3148 St.
577 3107 747 3156 Isidore,
767 3120 802 3147 c.
823 3106 872 3147 6:
904 3107 1030 3148 ‘Post
1138 3107 1154 3130 ²
1175 3108 1403 3161 protelare]
1427 3109 1510 3148 ‘To
1530 3104 1738 3161 protract.'

185 3163 465 3215 vespertinum
494 3166 647 3209 autem,
677 3162 933 3214 congregatis
960 3175 1028 3214 pa·
1137 3162 1153 3187 ³
1178 3165 1315 3215 primo
1354 3163 1483 3215 alias]
1517 3161 1660 3202 Called
1689 3161 1743 3214 by
1771 3160 1932 3199 Hector

184 3217 332 3265 tribus,
352 3221 515 3270 oportet
544 3217 610 3257 vel
638 3216 797 3270 aliquid
824 3217 1028 3264 meditari.
1087 3218 1284 3259 Boethius
1304 3224 1313 3240 ⁴
1327 3216 1530 3265 Corman,’
1551 3217 1619 3256 bk.
1640 3216 1694 3255 ix.
