2216 3554
347 216 412 263 66
927 209 1156 261 Historia
1187 210 1531 259 Ecclesiastica
1910 206 2046 278 [Lm.
2067 223 2104 257 1.

345 348 510 391 tamen
546 339 788 390 Dominus
830 340 948 390 dicit
963 341 1008 391 ¹:
1058 347 1086 368 “
1102 342 1217 391 Non
1255 343 1385 406 quod
1425 342 1578 389 intrat
1618 340 1671 388 in
1713 357 1780 399 os,
1822 340 2105 404 coinquinat

343 423 624 485 hominem3
673 424 756 473 sed
793 441 900 488 quae
937 429 1119 473 exeunt
1152 425 1211 473 de
1246 442 1342 484 ore,
1379 425 1463 472 illa
1498 429 1612 472 sunt
1647 440 1756 486 quae
1791 422 2105 487 coinquinant

345 507 635 555 hominem.''
707 507 877 570 Atque
912 508 1058 570 paulo
1090 511 1201 571 post
1229 507 1464 570 subjecit2
1500 521 1774 569 exponens:
1813 506 1932 552 “Ex
1961 505 2104 553 corde

345 593 528 637 exeunt
562 588 879 653 cogitationes
914 589 1095 638 malae.”
1167 589 1270 638 Ubi
1307 589 1521 637 ubeitim
1562 588 1829 635 indicatum
1864 591 1950 647 est,
1991 587 2106 651 quia

346 672 467 719 illud
503 672 565 719 ab
601 671 935 734 omnipotente
974 672 1080 720 Deo
1121 672 1363 735 pollutum
1405 688 1507 720 esse
1545 671 1598 718 in
1634 687 1777 733 opere
1814 670 2104 728 ostenditur,

348 754 479 818 quod
514 771 575 802 ex
615 755 816 818 pollutae
853 754 1160 818 cogitationis
1195 754 1354 802 radice
1391 757 1666 816 generatur.
1736 752 1882 801 Unde
1919 751 2107 800 Paulus

349 854 543 901 quoque
584 838 833 902 apostolus
870 838 1054 887 dicit³2
1105 837 1329 886 “Omnia
1364 836 1546 884 munda
1581 834 1791 893 mundis,
1825 834 2107 898 coinquina-

347 920 413 968 tis
461 925 624 968 autem
671 924 720 968 et
766 920 1042 968 infidelibus
1101 919 1227 967 nihil
1278 925 1351 967 est
1405 917 1682 966 mundum.”
1774 917 1945 981 Atque
1991 934 2108 966 mox

348 1002 562 1067 ejusdem
597 1019 790 1051 causam
815 1001 1222 1066 coinquinationis
1255 1001 1553 1048 adnuntians
1585 1000 1865 1064 subjungit:
1915 1005 1943 1026 “
1963 999 2108 1050 Coin-

350 1085 554 1148 quinata
586 1091 701 1133 sunt
734 1085 864 1133 enim
888 1091 936 1133 et
961 1102 1095 1132 mens
1131 1101 1298 1132 eorum
1334 1089 1383 1131 et
1419 1081 1756 1131 conscientia.’'·
1823 1083 1877 1131 Si
1913 1099 2028 1146 ergo
2064 1083 2110 1132 ei

350 1168 485 1216 cibus
520 1167 803 1216 immundus
840 1184 937 1215 non
973 1171 1046 1215 est
1081 1166 1160 1214 cui
1194 1182 1332 1214 mens
1373 1165 1626 1212 immunda
1666 1182 1761 1213 non
1796 1164 1972 1214 fuerit:
2022 1183 2111 1213 cur

350 1251 481 1314 quod
504 1251 686 1299 munda
709 1256 870 1298 mente
894 1249 1073 1298 mulier
1091 1266 1153 1297 ex
1176 1253 1354 1296 natura
1377 1248 1579 1311 patitur,
1599 1254 1648 1296 et
1672 1248 1724 1295 in
1747 1247 2110 1298 immunditiam

350 1334 638 1396 reputetur?

422 1416 542 1463 ‘Vir
564 1418 755 1464 autem*
787 1433 897 1465 cum
930 1415 1126 1480 propria
1162 1416 1365 1478 conjuge
1399 1413 1655 1472 dormiens,
1680 1412 1775 1461 nisi
1810 1413 1938 1462 lotus
1970 1431 2108 1479 aqua,

351 1499 533 1547 intrare
571 1499 818 1548 ecclesiam
860 1516 956 1547 non
997 1498 1173 1558 debet;
1224 1497 1307 1546 sed
1349 1513 1507 1560 neque
1550 1495 1678 1543 lotus
1720 1495 1903 1544 intrare
1944 1498 2111 1547 statim

351 1583 506 1630 debet.
582 1582 686 1630 Lex
731 1587 896 1631 autem
936 1582 1093 1631 veteri
1141 1581 1321 1645 populo
1376 1578 1608 1643 praecepit
1623 1579 1654 1638 ⁵,
1703 1583 1759 1627 ut
1804 1579 1989 1628 mixtus
2036 1580 2113 1629 vir

352 1664 561 1725 mulieri,
587 1669 636 1714 et
670 1665 826 1714 lavari
862 1682 988 1729 aqua
1022 1665 1207 1723 debeat,
1235 1669 1286 1712 et
1321 1667 1434 1710 ante
1463 1661 1579 1710 solis
1611 1678 1830 1710 occasum
1864 1663 2113 1712 ecclesiam

351 1765 447 1796 non
494 1748 708 1796 intrare:
739 1749 890 1811 ,quod
935 1754 1100 1796 tamen
1141 1746 1351 1809 intelligi
1394 1744 1683 1809 spiritaliter
1723 1750 1899 1808 potest.
1985 1746 2113 1808 Quia

353 1830 547 1878 mulieri
570 1830 647 1879 vir
672 1830 912 1889 miscetur,
939 1830 1134 1894 quando
1166 1829 1366 1877 inlicitae
1398 1827 1802 1891 concupiscentiae
1836 1827 2027 1878 animus
2059 1830 2113 1878 in

353 1913 645 1976 cogitatione
669 1930 757 1976 per
782 1913 1152 1962 delectationem
1188 1912 1527 1976 conjungitur;
1566 1910 1682 1975 quia
1706 1911 1800 1959 nisi
1824 1911 1961 1976 prius
1984 1912 2113 1977 ignis

353 1995 751 2058 concupiscentiae
797 2013 826 2043 a
872 2002 1032 2044 mente
1079 1996 1339 2056 deferveat,
1387 1995 1591 2060 dignum
1645 2012 1695 2043 se
1751 1995 2114 2059 congregationi

354 2079 561 2126 fratrum
610 2078 847 2127 aestimare
893 2095 989 2126 non
1037 2078 1195 2134 debet,
1245 2079 1332 2143 qui
1380 2095 1430 2127 se
1478 2078 1671 2141 gravari
1718 2095 1804 2141 per
1845 2077 2113 2141 nequitiam

353 2178 514 2224 pravae
537 2161 805 2208 voluntatis
829 2160 978 2209 videt.
1051 2162 1286 2223 Quamvis
1323 2161 1382 2210 de
1418 2161 1509 2210 hac
1542 2178 1593 2209 re
1621 2160 1827 2209 diversae
1861 2159 2113 2209 hominum

354 2243 574 2291 nationes
599 2243 788 2291 diversa
813 2244 1037 2304 sentiant,
1054 2249 1201 2309 atque
1225 2245 1320 2294 alia
1344 2245 1588 2293 custodire
1605 2244 1893 2303 videantur;
1932 2243 2114 2292 Roma·

354 2327 559 2374 norum⁶
595 2331 760 2374 tamen
790 2343 978 2390 semper
1007 2328 1068 2375 ab
1104 2327 1464 2391 antiquioribus
1499 2344 1615 2375 usus
1648 2327 1757 2386 fuit,
1783 2330 1892 2390 post
1926 2326 2113 2374 admix-

354 2409 539 2458 tionem
575 2409 785 2471 propriae
820 2410 1051 2472 conjugis,
1083 2416 1132 2458 et
1165 2409 1347 2458 lavacri
1381 2409 1770 2473 purificationem
1806 2425 2035 2472 quaerere,
2065 2414 2115 2458 et

356 2492 419 2540 ab
454 2490 674 2554 ingressu
709 2491 918 2539 ecclesiae
954 2492 1206 2555 paululum
1242 2497 1518 2541 reverenter
1546 2491 1802 2540 abstinere.
1873 2492 1977 2540 Nec
2011 2491 2116 2540 haec

356 2574 586 2633 dicentes,
628 2573 818 2636 culpam
865 2574 1154 2638 deputamus
1196 2592 1298 2623 esse
1347 2573 1655 2638 conjugium;
1715 2574 1799 2622 sed
1845 2573 1960 2638 quia
2005 2574 2116 2637 ipsa

355 2655 490 2704 licita
513 2655 750 2704 admixtio
775 2657 994 2719 conjugis
1030 2658 1131 2706 sine
1155 2658 1407 2721 voluptate
1440 2658 1598 2706 carnis
1620 2657 1725 2705 fieri
1762 2674 1858 2705 non
1886 2664 2059 2719 potest,
2085 2674 2115 2705 a

358 2739 482 2788 sacri
504 2738 597 2786 loci
622 2738 842 2801 ingressu
868 2740 1212 2788 abstinendum
1235 2746 1308 2788 est
1322 2757 1335 2801 3
1373 2741 1487 2804 quia
1511 2740 1735 2803 voluptas
1759 2739 1864 2802 ipsa
1886 2756 1987 2787 esse
2011 2739 2115 2788 sine

358 2822 501 2885 culpa
541 2821 815 2869 nullatenus
854 2827 1026 2884 potest.
1095 2822 1211 2871 Non
1252 2823 1382 2871 enim
1424 2823 1484 2871 de
1525 2822 1778 2881 adulterio,
1822 2821 1923 2870 sive
1962 2821 2113 2870 forni-

359 2905 561 2963 catione,
599 2902 681 2951 sed
717 2902 777 2950 de
811 2902 1030 2966 legitimo
1073 2904 1297 2968 conjugio
1338 2911 1484 2953 natus
1524 2905 1682 2953 fuerat
1729 2904 1813 2967 qui
1861 2903 2111 2953 dicebat⁷t

361 2993 388 3014 “
405 2987 528 3035 Ecce
573 2984 703 3033 enim
749 2984 801 3031 in
842 2985 1185 3049 iniquitatibus
1232 2992 1492 3052 conceptus
1538 3004 1658 3046 sum,
1709 2993 1758 3035 et
1804 2986 1856 3034 in
1902 2986 2113 3050 peccatis

414 3088 429 3112 ¹
456 3088 577 3141 dicit]
596 3088 724 3129 Matt.
744 3101 812 3128 xv.
836 3099 900 3129 11.
1317 3090 1335 3114 ⁵
1355 3089 1566 3142 praecepit]
1589 3089 1726 3128 Levit.
1746 3102 1814 3128 xv.
1838 3086 1901 3127 16.

415 3144 431 3166 ²
457 3143 639 3194 subjecit]
663 3143 728 3184 Ib.
749 3157 789 3183 v.
813 3154 876 3196 19.
1319 3143 1336 3167 ⁶
1362 3145 1661 3197 Romanorum]
1722 3145 1804 3184 For
1837 3143 1910 3182 the
1947 3143 2113 3185 Roman

413 3199 429 3223 ⁸
457 3200 578 3252 dicit]
601 3199 684 3238 Tit.
706 3199 733 3237 i.
757 3209 820 3250 15.
1263 3204 1434 3245 custom,
1457 3213 1524 3240 see
1549 3200 1702 3240 Euseb.
1722 3213 1761 3238 x.
1781 3211 1820 3249 4,
1842 3197 1926 3237 and
1945 3199 2112 3250 Augus-

413 3253 429 3277 ¹
457 3253 537 3293 Vir
555 3252 709 3305 autem]
757 3253 877 3293 Grat.
897 3265 993 3304 pars
1012 3253 1075 3293 ΙΙ.
1096 3267 1207 3295 caus.
1263 3254 1341 3294 tin.
1362 3255 1468 3306 Epp.
1494 3266 1582 3308 119,
1602 3254 1657 3294 ad
1675 3254 1707 3293 J
1709 3253 1942 3300 aunarium,
1961 3266 1996 3293 c.
2021 3263 2084 3306 19.

360 3309 507 3350 xxxiii.
526 3323 566 3362 q.
587 3322 627 3362 4,
652 3314 671 3359 5
696 3317 733 3361 7,
751 3322 793 3362 p.
817 3308 937 3352 1128.
1318 3307 1335 3332 '¹
1363 3310 1541 3364 dicebat]
1562 3310 1632 3350 Pa.
1652 3309 1697 3349 li.
1717 3319 1757 3361 5.
