2216 3554
322 177 418 223 216
902 167 1130 224 Historia
1164 175 1507 225 Ecclesiastica
1850 175 1984 246 [Lm.
2000 194 2071 226 rv.

321 306 589 370 sponsionis
626 309 742 370 ejuS‚
773 306 915 367 dixit,
948 325 1046 356 non
1082 326 1192 357 eum
1228 308 1559 372 episcopatum
1589 307 1835 359 dimittere
1866 311 2040 359 debere
2060 329 2073 371 ;

321 391 406 438 sed
451 391 556 453 ipse
599 390 956 439 ordinationem
996 393 1100 453 ejus
1147 392 1305 439 denuo
1347 391 1584 439 catholica
1625 392 1813 440 ratione
1855 412 2075 443 consum-

320 472 489 520 mavit.
558 472 630 519 Eo
667 478 829 520 autem
863 476 1079 536 tempore
1117 490 1211 536 quo
1249 474 1476 521 defuncto
1510 473 1792 535 Deusdedit‚
1830 476 2075 525 Doruver-

320 554 457 601 nensi
498 554 708 602 ecclesiae
749 555 998 618 episcopus
1040 556 1359 618 quaerebatur,
1401 555 1735 615 ordinabatur,
1764 557 2076 617 vmittebatur,

320 636 501 683 Vilfrid
543 653 734 700 quoque
775 638 835 684 de
880 637 1130 685 Brittania
1170 637 1379 686 Galliam
1422 638 1716 686 ordinandus
1758 645 1831 686 est
1872 640 2074 687 missus:

319 724 370 767 et
403 719 634 782 quoniam
670 725 782 767 ante
814 719 1128 767 Theodorum
1159 721 1320 780 rediit,
1346 721 1448 784 ipse
1484 721 1632 769 etiam
1664 721 1717 768 in
1746 721 1920 770 Cantia
1947 739 2077 785 pres-

319 801 514 862 byteros
549 807 599 849 et
634 802 876 861 diaconos,
913 802 1188 865 usquedum
1223 803 1613 866 archiepiscopus
1646 804 1708 850 ad
1745 804 1906 852 sedem
1943 822 2078 852 suam

318 884 607 946 perveniret,
634 885 902 932 ordinabat.
974 884 1044 931 At
1081 884 1185 947 ipse
1201 885 1218 911 1
1246 885 1442 932 veniens
1471 902 1584 932 mox
1616 885 1668 932 in
1697 885 1894 934 civitate
1919 886 2079 945 Hrofi,

451 985 525 1020 and
664 967 749 1015 ubi
787 967 1013 1014 defuncto
1062 966 1300 1015 Damiano
1344 968 1648 1031 episcopatus
1681 969 1786 1030 jam
1828 969 1948 1017 diu2
1984 986 2080 1016 ces—
2127 960 2137 963 ”

377 1035 613 1119 θῗιιῗξξζῗῡὲθε
668 1053 871 1108 saverat,
911 1049 1159 1097 ordinavit
1198 1050 1357 1098 virum
1403 1051 1558 1113 magis
1603 1051 1936 1100 ecclesiasticis
1982 1052 2081 1100 dis-

382 1132 599 1168 Roehester.
664 1131 855 1194 ciplinis
886 1131 1174 1180 institutum
1209 1137 1259 1181 et
1289 1134 1405 1181 vitae
1434 1133 1746 1197 simplicitate
1779 1138 2079 1193 contentum,

320 1229 467 1276 quam
492 1212 551 1273 in
569 1213 734 1261 saeculi
757 1214 900 1262 rebus
927 1217 1196 1274 strenuum,
1222 1215 1303 1263 cui
1327 1233 1502 1264 nomen
1526 1220 1629 1265 erat
1655 1217 1835 1278 Putta3
1871 1217 2080 1265 maxime

320 1301 484 1342 autem
522 1295 803 1343 modulandi
840 1296 894 1343 in
934 1297 1133 1345 ecclesia
1180 1315 1314 1346 more
1355 1298 1704 1359 Romanorum,
1740 1316 1887 1363 quem
1921 1316 1951 1348 a
1986 1299 2081 1347 dis·
2136 1319 2138 1321 ·

321 1377 494 1440 cipulis
531 1377 663 1425 beati
699 1395 839 1442 papae
873 1377 1101 1444 Gregorii
1137 1379 1386 1441 didicerat,
1421 1381 1647 1444 peritum.

1054 1573 1203 1624 GAP.
1253 1575 1355 1624 ΙΙΙ.

376 1697 428 1738 Ut
453 1697 626 1748 aeacida,
648 1698 697 1738 de
716 1712 794 1751 quo
813 1712 943 1751 supra
961 1700 1120 1740 dictum
1139 1706 1209 1747 est,
1224 1701 1451 1753 provinciae
1472 1677 1725 1744 Mei-cierunt
1743 1705 1797 1745 sit
1815 1704 2027 1757 episcopus

666 1769 813 1814 datum
847 1775 885 1810 et
903 1770 954 1810 de
973 1769 1063 1810 vita
1081 1773 1119 1810 et
1139 1770 1189 1812 de
1207 1771 1321 1812 obitu
1340 1775 1377 1812 et
1397 1772 1611 1824 sepultura
1631 1773 1731 1825 ejus.

390 1880 469 1928 ΕΟ
501 1884 720 1945 tempore
750 1881 1012 1945 provinciae
1044 1881 1338 1930 Merciorum
1372 1901 1460 1932 rex
1496 1885 1726 1933 Vulfheri
1758 1884 1971 1948 praefuit,
1996 1885 2082 1950 qui

407 1990 594 2031 [A.1).669.
667 1980 777 2011 cum
792 1969 988 2012 mortuo
1007 1964 1045 2012 J
1046 1981 1324 2025 ammanuo,
1342 1966 1436 2014 sibi
1451 1984 1644 2031 quoque
1663 1967 1860 2031 suisque
1878 1985 1906 2015 a
1925 1968 2082 2016 Theo-

434 2037 548 2078 mon]
668 2047 785 2094 doro
811 2046 1091 2109 episcopum
1115 2047 1223 2095 dari
1251 2052 1453 2112 peteret,
1487 2066 1586 2097 non
1603 2049 1687 2097 'eis
1720 2067 1900 2098 novum
1925 2050 2084 2098 voluit

323 2131 546 2180 ordinare
564 2129 842 2193 episcopum
858 2145 871 2189 3
905 2129 986 2177 sed
1003 2130 1271 2192 postulavit
1288 2149 1318 2179 a
1335 2148 1447 2195 rege
1462 2131 1628 2190 Osuio,
1642 2135 1699 2179 ut
1718 2132 1816 2180 illis
1833 2132 2083 2197 episcopus

420 2231 570 2267 Oeadda
668 2211 862 2282 Oeadda
896 2212 1108 2272 daretur,
1134 2213 1219 2276 qui
1253 2217 1370 2262 tunc
1405 2214 1458 2261 in
1493 2214 1784 2262 monasterio
1818 2232 1918 2274 suo,
1953 2216 2084 2279 quod

365 2281 619 2364 Wfflffi‘grfflo
670 2299 744 2343 est
777 2296 828 2342 in
865 2295 1154 2358 Laestingae,
1187 2296 1402 2359 quietam
1433 2297 1590 2345 vitam
1622 2297 1796 2360 agebat
1810 2297 1844 2357 ⁸,
1868 2298 2083 2347 Vilfrido

393 2379 444 2415 be
464 2379 610 2422 bishop.
673 2377 1042 2426 administrante
1096 2379 1428 2442 episcopatum
1486 2379 1804 2428 Eboracensis
1859 2381 2082 2441 ecelesiae,

325 2476 512 2508 necnon
536 2466 585 2508 et
619 2460 834 2508 omnium
858 2460 908 2508 N
911 2461 1392 2524 ordanhymbrorum,
1419 2463 1503 2510 sed
1534 2468 1584 2510 et
1618 2461 1882 2522 Pictorum,
1909 2480 2084 2526 quous-

326 2559 421 2606 que
436 2544 454 2569 4
488 2560 575 2590 rex
613 2543 769 2592 Osuiu
803 2542 1064 2606 imperium
1099 2545 1390 2607 protendere
1421 2550 1628 2608 poterat.
1698 2545 1763 2593 Et
1797 2546 1913 2608 quia
1936 2547 2085 2595 moris

327 2629 434 2672 erat
457 2624 613 2673 eidem
636 2625 1024 2674 reverentissimo
1054 2626 1279 2686 antistiti,
1305 2645 1426 2691 opus
1458 2626 1698 2690 evangelii
1730 2627 1883 2691 magis
1915 2628 2085 2676 ambu-
2127 2622 2130 2626 ’

326 2707 471 2755 lando
487 2707 504 2733 ⁵
538 2724 627 2771 per
660 2707 780 2768 loca,
817 2725 963 2772 quam
999 2708 1260 2773 equitando
1302 2708 1532 2772 perficere
1547 2725 1560 2769 ;
1597 2709 1744 2773 jussit
1782 2726 1894 2757 eum
1931 2709 2082 2759 Theo-

383 2845 399 2870 ²
427 2845 534 2898 ipse]
555 2845 819 2899 Apparently
830 2845 1080 2892 Theodorus,
1093 2846 1177 2885 and
1231 2846 1338 2886 have
1364 2845 1501 2885 lasted
1517 2845 1623 2885 from
1643 2846 1715 2885 the
1734 2846 1894 2886 middle
1922 2846 1969 2886 of
1990 2856 2081 2886 A.D.

328 2905 404 2942 not
422 2901 624 2941 wilfrith.
681 2901 744 2940 Cf.
767 2901 942 2947 Haedde‚
964 2913 1026 2952 14,
1039 2902 1177 2941 where
1232 2900 1315 2953 664
1333 2906 1376 2941 to
1395 2901 1490 2940 that
1509 2901 1555 2940 of
1569 2911 1657 2941 ΑΛ).
1679 2900 1773 2953 669.

329 2958 383 2997 he
410 2957 617 2995 mentions
638 2956 770 2994 Putta
798 2957 898 3007 only
925 2969 1076 3008 among
1102 2956 1177 2995 the
1286 2957 1302 2980 ³
1330 2957 1508 3008 quietam
1545 2956 1676 2995 vitam
1709 2955 1870 3009 ayebat]
1907 2955 1974 2995 On
2011 2956 2084 2995 the

329 3012 478 3064 priests
489 3011 627 3051 whom
639 3009 831 3050 Wilfrith
850 3010 1058 3050 ordained.
1099 3011 1176 3051 See
1230 3024 1378 3051 reason
1414 3010 1463 3050 of
1487 3008 1689 3050 Oeadda‘s
1726 3011 1982 3060 retirement,
2017 3024 2084 3050 see

332 3066 544 3114 Ernulfus,
567 3066 633 3105 De
662 3064 806 3104 Rebus
826 3065 937 3104 Eccl.
956 3065 1174 3115 Roffensis‚
1232 3080 1274 3107 V.
1299 3078 1363 3119 19.
1716 3103 1718 3106 ,

330 3122 458 3173 Angl.
480 3122 590 3160 Sacr.
611 3120 639 3160 i.
664 3131 756 3170 330.
1286 3119 1302 3143 4
1330 3120 1546 3173 quousque]
1605 3120 1688 3160 For
1729 3120 1803 3159 the
1850 3123 1995 3159 extent
2042 3120 2088 3158 of

388 3175 404 3198 ²
423 3176 518 3227 jam
537 3174 632 3227 diu]
660 3175 881 3224 Wharton,
901 3174 1030 3225 Angl.
1051 3174 1176 3224 Saor,
1235 3175 1405 3216 Oswio's
1423 3175 1636 3226 kingdom,
1657 3188 1724 3214 see
1742 3189 1782 3227 p.
1811 3185 1900 3214 100.

331 3233 406 3271 loc.
422 3231 506 3278 cit„
526 3243 722 3284 supposes
740 3230 812 3270 the
829 3230 1116 3282 interregnum
1134 3234 1181 3270 to
1289 3232 1305 3255 ⁵
1331 3230 1599 3281 ambulando]
1619 3230 1681 3270 Of.
1700 3243 1741 3283 p.
1764 3228 1856 3270 206.
