2216 3554
132 171 252 221 CAP.
269 168 403 240 XXI]
751 168 922 218 Gentis
956 167 1246 230 Anylorum.
1786 172 1882 218 353

132 303 229 363 ille,
255 303 335 352 cui
368 301 578 367 gratiam
613 299 769 350 sancti
804 298 1017 361 Spiritus
1053 281 1330 363 comparas-e
1353 297 1537 359 volenti
1566 297 1685 346 dicit
1702 298 1719 324 ¹
1754 297 1883 347 idem

132 386 335 434 Petrus:
370 383 614 433 “Pecunia
636 386 723 433 tua
745 385 906 429 tecum
930 382 994 430 sit
1018 383 1071 430 in
1094 382 1431 447 perditionem,
1450 380 1677 444 quoniam
1702 381 1884 428 donum

133 469 228 517 Dei
252 467 539 516 existimasti
562 482 650 530 per
671 463 925 528 pecuniam
948 466 1217 528 possideri:
1255 482 1354 513 non
1377 469 1449 512 est
1473 463 1566 512 tibi
1589 479 1701 526 pars
1730 479 1886 526 neque

134 568 237 599 sors
272 551 325 598 in
360 565 574 608 sermone
607 545 740 595 hoc.''
811 546 982 610 Neque
1006 565 1123 597 vero
1159 549 1222 598 ob
1257 548 1308 596 id
1342 551 1536 600 tantum
1571 546 1624 593 in
1659 562 1885 594 coronam

134 634 464 692 adtondemur,
491 631 605 695 quia
629 630 805 677 Petrus
841 629 912 678 ita
947 634 1168 679 attonsus
1204 635 1304 691 est-;
1353 629 1438 679 sed
1472 628 1589 692 quia
1624 629 1799 677 Petrus
1833 628 1886 676 in

133 716 416 764 memoriam
451 712 715 762 Dominicae
749 712 988 775 passionis
1024 713 1094 762 ita
1129 718 1350 762 attonsus
1385 717 1473 771 est,
1498 711 1679 760 idcirco
1715 714 1764 759 et
1798 727 1888 758 nos

134 799 220 860 qui
243 815 330 861 per
352 797 552 848 eandem
578 793 848 858 passionem
885 795 1060 843 salvari
1094 795 1436 854 desideramus,
1461 793 1615 857 ipsius
1650 793 1888 856 passionis

134 881 330 944 signum
377 896 485 927 cum
531 878 617 926 illo
658 877 710 924 in
750 878 945 938 vertice,
983 896 1173 928 summa
1207 878 1434 927 videlicet
1473 877 1684 940 corporis
1732 877 1889 925 nostri

134 969 287 1026 parte,
312 965 569 1026 gestamus.
644 960 782 1010 Sicut
818 961 947 1009 enim
983 962 1140 1010 omnis
1175 960 1385 1019 ecclesia,
1411 959 1525 1023 quia
1560 976 1647 1023 per
1683 965 1889 1008 mortem

135 1045 211 1094 sui
234 1043 545 1094 vivificatoris
570 1043 769 1092 ecclesia
792 1044 919 1092 facta
954 1051 1042 1104 est,
1065 1044 1261 1109 signum
1296 1046 1472 1092 sanctae
1507 1042 1663 1091 crucis
1698 1044 1800 1104 ejus
1835 1040 1888 1088 in

134 1128 291 1176 fronte
330 1130 526 1190 portare
565 1125 826 1185 consuevit,
863 1132 919 1175 ut
955 1127 1122 1175 crebro
1157 1125 1324 1175 vexilli
1364 1125 1510 1189 hujus
1549 1124 1818 1172 munimine
1859 1140 1888 1172 a

133 1210 460 1273 malignorum
517 1208 778 1272 spirituum
834 1209 1119 1258 defendatur
1166 1208 1471 1268 incursibus;
1532 1208 1698 1256 crebra
1743 1207 1888 1269 hujus

133 1291 459 1339 admonitione
500 1290 752 1350 doceatur,
784 1308 834 1340 se
871 1308 1062 1355 quoque
1108 1308 1302 1340 carnem
1343 1307 1477 1339 suam
1516 1307 1626 1338 cum
1662 1289 1799 1338 vitiis
1840 1295 1890 1338 et

135 1374 537 1438 concupiscentiis
580 1374 858 1438 crucifigere
893 1375 1098 1423 debere:
1149 1375 1220 1430 ita
1261 1374 1408 1422 etiam
1444 1377 1637 1437 oportet
1671 1389 1780 1433 eos,
1804 1372 1889 1436 qui

133 1456 211 1505 vel
245 1457 467 1505 monachi
490 1461 674 1516 votum,
699 1458 776 1505 vel
812 1457 1019 1520 gradum
1055 1457 1306 1505 clericatus
1341 1456 1572 1504 habentes
1601 1454 1890 1503 arctioribus

136 1555 186 1587 se
235 1557 426 1588 necesse
466 1539 648 1587 habent
693 1556 780 1603 pro
818 1539 1030 1588 Domino
1071 1539 1380 1588 continentiae
1413 1539 1564 1587 frenis
1610 1538 1889 1600 astringere.

135 1621 364 1671 Formam
389 1639 580 1687 quoque
612 1640 800 1671 coronae
824 1641 967 1686 quam
992 1624 1095 1687 ipse
1119 1623 1170 1670 in
1193 1622 1413 1686 passione
1437 1622 1652 1684 spineam
1675 1619 1890 1684 portavit

134 1705 186 1753 111
211 1706 383 1769 capite,
407 1711 465 1753 ut
499 1704 662 1768 spinas
694 1722 750 1753 ac
772 1705 979 1754 tribulos
1013 1711 1320 1769 peccatorum
1345 1708 1622 1752 nostrorum
1656 1706 1892 1766 portaret,

134 1789 186 1836 id
210 1792 295 1848 est,
321 1792 600 1851 exportaret
624 1792 673 1835 et
697 1788 910 1835 auferret
937 1805 966 1835 a
992 1787 1145 1848 nobis,
1170 1804 1257 1836 suo
1281 1803 1520 1851 quemque
1544 1786 1598 1833 in
1622 1786 1779 1849 capite
1802 1803 1891 1850 per

133 1877 386 1920 tonsuram
419 1869 657 1933 praeferre,
683 1875 740 1918 ut
776 1887 825 1918 se
865 1870 1011 1918 etiam
1035 1870 1290 1919 inrisiones
1326 1875 1375 1918 et
1399 1868 1657 1932 opprobria
1692 1885 1781 1932 pro
1805 1868 1892 1916 illo

135 1953 344 2002 libenter
378 1969 433 2001 ac
467 1955 659 2015 promte
702 1952 863 2001 omnia
899 1953 1099 2001 sufferre
1134 1953 1240 2016 ipso
1277 1952 1424 2000 etiam
1467 1951 1772 2015 frontispicio
1808 1951 1893 1999 do-

136 2040 304 2084 ceant:
352 2037 410 2082 ut
448 2050 675 2082 coronam
710 2034 825 2083 vitae
866 2040 1070 2094 aeternae,
1108 2051 1254 2098 quam
1297 2033 1574 2097 repromisit
1609 2034 1742 2081 Deus
1780 2032 1890 2080 dili-

135 2117 363 2182 gentibus
398 2133 462 2172 se,
489 2134 540 2165 se
575 2134 765 2181 semper
788 2122 1080 2181 exspectare,
1104 2134 1288 2182 proque
1323 2117 1468 2180 hujus
1504 2116 1808 2180 perceptione
1842 2119 1892 2164 et

137 2200 335 2248 adversa
359 2215 409 2247 se
436 2199 607 2247 mundi
632 2205 681 2248 et
705 2216 938 2264 prospera
972 2205 1278 2249 contemnere
1309 2199 1578 2264 designent.
1650 2198 1892 2248 Caeterum

136 2286 388 2328 tonsuram
430 2298 536 2329 eam
574 2298 721 2343 quam
758 2299 958 2347 magum
996 2283 1163 2330 ferunt
1202 2282 1426 2331 habuisse
1466 2282 1725 2342 Simonem,
1768 2281 1893 2346 quis,

137 2381 269 2428 rogo,
294 2363 513 2412 fidelium
542 2381 641 2411 non
677 2364 842 2412 statim
876 2382 986 2413 cum
1022 2365 1129 2429 ipsa
1163 2364 1323 2429 magia
1356 2365 1514 2429 primo
1539 2365 1816 2425 detestetur,
1845 2369 1895 2414 et

57 2490 67 2501 ,
137 2446 311 2494 merito
348 2446 567 2494 exsufflet
613 2446 880 2509 adspectu?
941 2447 1065 2509 Quae
1104 2448 1156 2496 in
1196 2447 1371 2496 frontis
1410 2447 1617 2512 quidem
1644 2447 1894 2512 superficie

137 2545 326 2578 coronae
362 2528 556 2578 videtur
591 2528 801 2592 speciem
835 2530 1091 2592 praeferre;
1142 2531 1227 2580 sed.
1250 2531 1334 2579 ubi
1370 2531 1432 2579 ad
1468 2530 1703 2579 cervicem
1739 2530 1892 2580 consi—

137 2611 350 2659 derando
387 2611 676 2674 perveneris,
714 2598 1015 2682 decurtatam
1062 2630 1167 2662 eam
1210 2630 1356 2677 quam
1394 2617 1443 2662 te
1480 2613 1644 2662 videre
1684 2613 1892 2677 putabas

137 2692 356 2742 invenies
396 2708 656 2754 coronam3
704 2696 763 2741 ut
794 2693 969 2743 merito
1004 2695 1152 2743 talem
1185 2695 1472 2752 Simoniacis
1509 2700 1558 2744 et
1593 2712 1692 2744 non
1719 2695 1896 2744 Chris.-

138 2774 286 2824 tianis
317 2774 541 2823 habitum
575 2775 831 2824 convenire
866 2792 1154 2841 cognoscas:
1204 2779 1290 2843 qui
1331 2778 1384 2826 in
1423 2778 1655 2842 praesenti
1696 2778 1891 2842 quidem

137 2858 243 2907 vita
289 2874 318 2905 a
358 2857 572 2921 deceptis
613 2857 891 2907 hominibus
937 2861 1235 2923 putabantur
1272 2861 1407 2926 digni
1449 2865 1697 2926 perpetuae
1738 2860 1894 2925 gloria

140 2956 357 3000 coronae;
407 2939 490 2987 sed
526 2939 579 2987 in
615 2956 670 2988 ea
705 2957 814 3004 quae
849 2941 973 2991 hanc
1008 2943 1228 3007 sequitur
1250 2943 1416 3006 vitam,
1441 2961 1540 2993 non
1576 2944 1732 2993 solum
1762 2943 1894 2991 omni

139 3039 224 3086 spe
272 3038 461 3070 coronae
507 3021 700 3085 privati,
739 3023 822 3072 sed
870 3029 1050 3073 aeterna
1086 3026 1286 3091 insuper
1323 3031 1439 3076 sunt
1476 3043 1619 3091 poena
1657 3024 1888 3074 damnati.

139 3105 312 3170 Neque
335 3121 449 3155 vero
474 3121 550 3155 me
573 3104 674 3156 haec
702 3104 774 3155 ita
808 3113 1118 3172 prosecutum
1152 3109 1372 3172 aestimes,
1399 3109 1536 3176 quasi
1560 3125 1638 3159 eos
1663 3107 1748 3173 qui
1772 3106 1894 3157 hanc

723 3265 737 3290 ¹
766 3266 889 3322 dicit]
919 3267 1026 3308 Acts
1044 3267 1132 3310 viii.
1155 3280 1219 3320 20,
1243 3281 1307 3312 21.

970 3351 1007 3388 A
1037 3354 1067 3387 a
