<?xml version="1.0" encoding="UTF-8"?>
<!DOCTYPE html PUBLIC "-//W3C//DTD XHTML 1.0 Transitional//EN"
    "http://www.w3.org/TR/xhtml1/DTD/xhtml1-transitional.dtd">
<html xmlns="http://www.w3.org/1999/xhtml" xml:lang="en" lang="en">
 <head>
  <title>
</title>
<meta http-equiv="Content-Type" content="text/html;charset=utf-8" />
  <meta name='ocr-system' content='tesseract 3.04.00' />
  <meta name='ocr-capabilities' content='ocr_page ocr_carea ocr_par ocr_line ocrx_word'/>
</head>
<body>
  <div class='ocr_page' id='page_1' title='image "./historiaecclesia00bedeuoft_0351.png"; bbox 0 0 2216 3554; ppageno 0'>
   <div class='ocr_carea' id='block_1_1' title="bbox 234 222 1980 293">
    <p class='ocr_par' dir='ltr' id='par_1_1' title="bbox 234 222 1980 293">
     <span class='ocr_line' id='line_1_1' title="bbox 234 222 1980 293; baseline 0.001 -20"><span class='ocrx_word' id='word_1_1' title='bbox 234 224 353 274; x_wconf 80' lang='lat' dir='ltr'><strong>CAP.</strong></span> <span class='ocrx_word' id='word_1_2' title='bbox 373 222 507 293; x_wconf 67' lang='lat' dir='ltr'><strong>xm]</strong></span> <span class='ocrx_word' id='word_1_3' title='bbox 887 225 1050 275; x_wconf 71' lang='lat' dir='ltr'><strong>Gentis</strong></span> <span class='ocrx_word' id='word_1_4' title='bbox 1081 224 1367 289; x_wconf 74' lang='lat' dir='ltr'><strong>Anqlorwm.</strong></span> <span class='ocrx_word' id='word_1_5' title='bbox 1881 229 1980 274; x_wconf 83' lang='lat'><strong>319</strong></span> 
     </span>
    </p>
   </div>
   <div class='ocr_carea' id='block_1_2' title="bbox 932 526 1263 578">
    <p class='ocr_par' dir='ltr' id='par_1_2' title="bbox 932 526 1263 578">
     <span class='ocr_line' id='line_1_2' title="bbox 932 526 1263 578; baseline -0.003 -2"><span class='ocrx_word' id='word_1_6' title='bbox 932 526 1078 578; x_wconf 83' lang='lat' dir='ltr'><strong>OAP.</strong></span> <span class='ocrx_word' id='word_1_7' title='bbox 1113 527 1263 576; x_wconf 91' lang='lat' dir='ltr'>XIII.</span> 
     </span>
    </p>
   </div>
   <div class='ocr_carea' id='block_1_3' title="bbox 289 664 1921 788">
    <p class='ocr_par' dir='ltr' id='par_1_3' title="bbox 289 664 1921 788">
     <span class='ocr_line' id='line_1_3' title="bbox 289 664 1921 718; baseline 0 -12"><span class='ocrx_word' id='word_1_8' title='bbox 289 665 340 706; x_wconf 79' lang='lat' dir='ltr'><strong>Ut</strong></span> <span class='ocrx_word' id='word_1_9' title='bbox 359 680 378 707; x_wconf 90' lang='lat' dir='ltr'><strong>e</strong></span> <span class='ocrx_word' id='word_1_10' title='bbox 397 673 538 708; x_wconf 70' lang='lat' dir='ltr'><strong>contra</strong></span> <span class='ocrx_word' id='word_1_11' title='bbox 556 666 662 708; x_wconf 83' lang='lat' dir='ltr'><strong>alter</strong></span> <span class='ocrx_word' id='word_1_12' title='bbox 680 666 739 718; x_wconf 73' lang='lat' dir='ltr'><strong>ad</strong></span> <span class='ocrx_word' id='word_1_13' title='bbox 755 671 921 707; x_wconf 83' lang='lat' dir='ltr'><strong>morte-m</strong></span> <span class='ocrx_word' id='word_1_14' title='bbox 939 665 1112 712; x_wconf 77' lang='lat' dir='ltr'><strong>veniens,</strong></span> <span class='ocrx_word' id='word_1_15' title='bbox 1132 665 1311 706; x_wconf 79' lang='lat' dir='ltr'><strong>oblatum</strong></span> <span class='ocrx_word' id='word_1_16' title='bbox 1328 665 1410 706; x_wconf 73' lang='lat' dir='ltr'><strong>sibi</strong></span> <span class='ocrx_word' id='word_1_17' title='bbox 1429 678 1456 706; x_wconf 83' lang='lat' dir='ltr'><strong>a</strong></span> <span class='ocrx_word' id='word_1_18' title='bbox 1474 664 1724 706; x_wconf 68' lang='lat' dir='ltr'><strong>doemonibus</strong></span> <span class='ocrx_word' id='word_1_19' title='bbox 1744 664 1921 706; x_wconf 70' lang='lat' dir='ltr'><strong>codicem</strong></span> 
     </span>
     <span class='ocr_line' id='line_1_4' title="bbox 793 737 1406 788; baseline 0.002 -12"><span class='ocrx_word' id='word_1_20' title='bbox 793 750 955 776; x_wconf 79' lang='lat' dir='ltr'><strong>suorum</strong></span> <span class='ocrx_word' id='word_1_21' title='bbox 972 737 1123 777; x_wconf 78' lang='lat' dir='ltr'><strong>viderit</strong></span> <span class='ocrx_word' id='word_1_22' title='bbox 1134 742 1406 788; x_wconf 77' lang='lat' dir='ltr'><strong>peccatorum.</strong></span> 
     </span>
    </p>
   </div>
   <div class='ocr_carea' id='block_1_4' title="bbox 214 860 1975 2822">
    <p class='ocr_par' dir='ltr' id='par_1_4' title="bbox 216 860 1975 2491">
     <span class='ocr_line' id='line_1_5' title="bbox 297 860 1975 927; baseline 0 -15"><span class='ocrx_word' id='word_1_23' title='bbox 297 863 378 912; x_wconf 72' lang='lat' dir='ltr'><strong>AT</strong></span> <span class='ocrx_word' id='word_1_24' title='bbox 401 868 580 923; x_wconf 88' lang='lat' dir='ltr'><strong>contra,</strong></span> <span class='ocrx_word' id='word_1_25' title='bbox 604 863 699 911; x_wconf 90' lang='lat' dir='ltr'><strong>fuit</strong></span> <span class='ocrx_word' id='word_1_26' title='bbox 722 863 920 927; x_wconf 88' lang='lat' dir='ltr'><strong>quidam</strong></span> <span class='ocrx_word' id='word_1_27' title='bbox 944 863 996 910; x_wconf 93' lang='lat' dir='ltr'><strong>in</strong></span> <span class='ocrx_word' id='word_1_28' title='bbox 1018 862 1270 926; x_wconf 90' lang='lat' dir='ltr'><strong>provincia</strong></span> <span class='ocrx_word' id='word_1_29' title='bbox 1293 860 1586 910; x_wconf 90' lang='lat' dir='ltr'><strong>Merciorum</strong></span> <span class='ocrx_word' id='word_1_30' title='bbox 1610 861 1745 926; x_wconf 88' lang='lat' dir='ltr'><strong>cujus</strong></span> <span class='ocrx_word' id='word_1_31' title='bbox 1770 862 1975 912; x_wconf 83' lang='lat' dir='ltr'>visiones</span> 
     </span>
     <span class='ocr_line' id='line_1_6' title="bbox 228 944 1882 1027; baseline -0.001 -34"><span class='ocrx_word' id='word_1_32' title='bbox 228 961 284 993; x_wconf 89' lang='lat' dir='ltr'><strong>ac</strong></span> <span class='ocrx_word' id='word_1_33' title='bbox 319 946 477 1005; x_wconf 87' lang='lat' dir='ltr'><strong>verba,</strong></span> <span class='ocrx_word' id='word_1_34' title='bbox 512 962 609 993; x_wconf 92' lang='lat' dir='ltr'><strong>non</strong></span> <span class='ocrx_word' id='word_1_35' title='bbox 644 950 805 995; x_wconf 89' lang='lat' dir='ltr'><strong>autem</strong></span> <span class='ocrx_word' id='word_1_36' title='bbox 840 954 890 995; x_wconf 90' lang='lat' dir='ltr'><strong>et</strong></span> <span class='ocrx_word' id='word_1_37' title='bbox 930 945 1238 1004; x_wconf 85' lang='lat' dir='ltr'><strong>conversatio,</strong></span> <span class='ocrx_word' id='word_1_38' title='bbox 1273 944 1512 1008; x_wconf 83' lang='lat' dir='ltr'><strong>plurimis,</strong></span> <span class='ocrx_word' id='word_1_39' title='bbox 1548 944 1632 992; x_wconf 86' lang='lat' dir='ltr'><strong>sed</strong></span> <span class='ocrx_word' id='word_1_40' title='bbox 1697 991 1827 1027; x_wconf 87' lang='lat' dir='ltr'><strong>Vis·on</strong></span> <span class='ocrx_word' id='word_1_41' title='bbox 1864 992 1882 1026; x_wconf 62' lang='lat' dir='ltr'><strong>f</strong></span> 
     </span>
     <span class='ocr_line' id='line_1_7' title="bbox 228 1002 1916 1099; baseline 0.001 -24"><span class='ocrx_word' id='word_1_42' title='bbox 228 1045 326 1076; x_wconf 93' lang='lat' dir='ltr'><strong>non</strong></span> <span class='ocrx_word' id='word_1_43' title='bbox 359 1027 648 1091; x_wconf 81' lang='lat' dir='ltr'><strong>sibimetipsi</strong></span> <span class='ocrx_word' id='word_1_44' title='bbox 687 1029 884 1092; x_wconf 79' lang='lat' dir='ltr'><strong>profuit.</strong></span> <span class='ocrx_word' id='word_1_45' title='bbox 970 1028 1088 1076; x_wconf 87' lang='lat' dir='ltr'><strong>Fuit</strong></span> <span class='ocrx_word' id='word_1_46' title='bbox 1127 1031 1289 1076; x_wconf 91' lang='lat' dir='ltr'><strong>autem</strong></span> <span class='ocrx_word' id='word_1_47' title='bbox 1335 1026 1633 1090; x_wconf 77' lang='lat' dir='ltr'><strong>temporibus</strong></span> <span class='ocrx_word' id='word_1_48' title='bbox 1742 1002 1863 1099; x_wconf 59' lang='lat' dir='ltr'><strong>dlyiqg</strong></span> <span class='ocrx_word' id='word_1_49' title='bbox 1892 1002 1916 1027; x_wconf 79' lang='lat' dir='ltr'><strong>a</strong></span> 
     </span>
     <span class='ocr_line' id='line_1_8' title="bbox 229 1091 1896 1175; baseline -0.001 -16"><span class='ocrx_word' id='word_1_50' title='bbox 229 1110 467 1159; x_wconf 87' lang='lat' dir='ltr'><strong>Coenredi</strong></span> <span class='ocrx_word' id='word_1_51' title='bbox 482 1111 498 1137; x_wconf 85' lang='lat'>¹</span> <span class='ocrx_word' id='word_1_52' title='bbox 540 1111 625 1174; x_wconf 91' lang='lat' dir='ltr'><strong>qui</strong></span> <span class='ocrx_word' id='word_1_53' title='bbox 670 1117 781 1175; x_wconf 92' lang='lat' dir='ltr'><strong>post</strong></span> <span class='ocrx_word' id='word_1_54' title='bbox 822 1110 1126 1159; x_wconf 86' lang='lat' dir='ltr'><strong>AEdilredum</strong></span> <span class='ocrx_word' id='word_1_55' title='bbox 1140 1111 1158 1138; x_wconf 82' lang='lat'>²</span> <span class='ocrx_word' id='word_1_56' title='bbox 1193 1109 1428 1172; x_wconf 82' lang='lat' dir='ltr'><strong>regnavit,</strong></span> <span class='ocrx_word' id='word_1_57' title='bbox 1464 1109 1539 1157; x_wconf 86' lang='lat' dir='ltr'><strong>vir</strong></span> <span class='ocrx_word' id='word_1_58' title='bbox 1580 1109 1633 1157; x_wconf 91' lang='lat' dir='ltr'><strong>in</strong></span> <span class='ocrx_word' id='word_1_59' title='bbox 1716 1091 1800 1127; x_wconf 84' lang='lat' dir='ltr'><strong>Mer</strong></span> <span class='ocrx_word' id='word_1_60' title='bbox 1800 1102 1896 1128; x_wconf 52' lang='grc' dir='ltr'><strong>ΜΠ·</strong></span> 
     </span>
     <span class='ocr_line' id='line_1_9' title="bbox 226 1190 1972 1258; baseline 0.001 -19"><span class='ocrx_word' id='word_1_61' title='bbox 226 1192 350 1240; x_wconf 93' lang='lat' dir='ltr'><strong>laico</strong></span> <span class='ocrx_word' id='word_1_62' title='bbox 384 1192 554 1241; x_wconf 89' lang='lat' dir='ltr'><strong>habitu</strong></span> <span class='ocrx_word' id='word_1_63' title='bbox 591 1198 737 1257; x_wconf 90' lang='lat' dir='ltr'><strong>atque</strong></span> <span class='ocrx_word' id='word_1_64' title='bbox 774 1193 926 1242; x_wconf 89' lang='lat' dir='ltr'><strong>officio</strong></span> <span class='ocrx_word' id='word_1_65' title='bbox 974 1191 1179 1240; x_wconf 87' lang='lat' dir='ltr'><strong>militari</strong></span> <span class='ocrx_word' id='word_1_66' title='bbox 1219 1190 1434 1255; x_wconf 86' lang='lat' dir='ltr'><strong>positus;</strong></span> <span class='ocrx_word' id='word_1_67' title='bbox 1483 1191 1568 1240; x_wconf 90' lang='lat' dir='ltr'><strong>sed</strong></span> <span class='ocrx_word' id='word_1_68' title='bbox 1604 1198 1840 1255; x_wconf 89' lang='lat' dir='ltr'><strong>quantum</strong></span> <span class='ocrx_word' id='word_1_69' title='bbox 1880 1211 1972 1258; x_wconf 88' lang='lat' dir='ltr'><strong>pro</strong></span> 
     </span>
     <span class='ocr_line' id='line_1_10' title="bbox 225 1272 1972 1339; baseline 0.002 -18"><span class='ocrx_word' id='word_1_70' title='bbox 225 1274 468 1324; x_wconf 88' lang='lat' dir='ltr'><strong>industria</strong></span> <span class='ocrx_word' id='word_1_71' title='bbox 513 1276 743 1324; x_wconf 77' lang='lat' dir='ltr'><strong>exteriori</strong></span> <span class='ocrx_word' id='word_1_72' title='bbox 787 1276 892 1339; x_wconf 87' lang='lat' dir='ltr'><strong>regi</strong></span> <span class='ocrx_word' id='word_1_73' title='bbox 938 1275 1146 1339; x_wconf 88' lang='lat' dir='ltr'><strong>placens,</strong></span> <span class='ocrx_word' id='word_1_74' title='bbox 1188 1277 1380 1322; x_wconf 90' lang='lat' dir='ltr'><strong>tantum</strong></span> <span class='ocrx_word' id='word_1_75' title='bbox 1426 1290 1516 1337; x_wconf 91' lang='lat' dir='ltr'><strong>pro</strong></span> <span class='ocrx_word' id='word_1_76' title='bbox 1556 1272 1749 1322; x_wconf 87' lang='lat' dir='ltr'><strong>interna</strong></span> <span class='ocrx_word' id='word_1_77' title='bbox 1795 1275 1972 1324; x_wconf 89' lang='lat' dir='ltr'><strong>suimet</strong></span> 
     </span>
     <span class='ocr_line' id='line_1_11' title="bbox 224 1355 1972 1421; baseline 0.002 -18"><span class='ocrx_word' id='word_1_78' title='bbox 224 1357 521 1420; x_wconf 81' lang='lat' dir='ltr'><strong>negligentia</strong></span> <span class='ocrx_word' id='word_1_79' title='bbox 580 1358 851 1421; x_wconf 83' lang='lat' dir='ltr'><strong>displicens.</strong></span> <span class='ocrx_word' id='word_1_80' title='bbox 946 1355 1254 1405; x_wconf 89' lang='lat' dir='ltr'><strong>Admonebat</strong></span> <span class='ocrx_word' id='word_1_81' title='bbox 1314 1372 1429 1419; x_wconf 85' lang='lat' dir='ltr'><strong>ergo</strong></span> <span class='ocrx_word' id='word_1_82' title='bbox 1487 1355 1630 1403; x_wconf 84' lang='lat' dir='ltr'><strong>illum</strong></span> <span class='ocrx_word' id='word_1_83' title='bbox 1690 1357 1856 1406; x_wconf 84' lang='lat' dir='ltr'><strong>sedulo</strong></span> <span class='ocrx_word' id='word_1_84' title='bbox 1915 1364 1972 1407; x_wconf 90' lang='lat' dir='ltr'><strong>ut</strong></span> 
     </span>
     <span class='ocr_line' id='line_1_12' title="bbox 226 1437 1972 1503; baseline 0.001 -17"><span class='ocrx_word' id='word_1_85' title='bbox 226 1438 550 1498; x_wconf 87' lang='lat' dir='ltr'><strong>confiteretur,</strong></span> <span class='ocrx_word' id='word_1_86' title='bbox 576 1444 626 1487; x_wconf 92' lang='lat' dir='ltr'><strong>et</strong></span> <span class='ocrx_word' id='word_1_87' title='bbox 649 1440 924 1487; x_wconf 83' lang='lat' dir='ltr'><strong>emendaret</strong></span> <span class='ocrx_word' id='word_1_88' title='bbox 954 1455 1009 1486; x_wconf 86' lang='lat' dir='ltr'><strong>ac</strong></span> <span class='ocrx_word' id='word_1_89' title='bbox 1032 1437 1326 1501; x_wconf 89' lang='lat' dir='ltr'><strong>relinqueret</strong></span> <span class='ocrx_word' id='word_1_90' title='bbox 1359 1437 1534 1485; x_wconf 89' lang='lat' dir='ltr'><strong>scelera</strong></span> <span class='ocrx_word' id='word_1_91' title='bbox 1563 1454 1663 1493; x_wconf 92' lang='lat' dir='ltr'><strong>sua,</strong></span> <span class='ocrx_word' id='word_1_92' title='bbox 1688 1438 1972 1503; x_wconf 83' lang='lat' dir='ltr'><strong>priusquam</strong></span> 
     </span>
     <span class='ocr_line' id='line_1_13' title="bbox 224 1519 1972 1585; baseline 0.001 -16"><span class='ocrx_word' id='word_1_93' title='bbox 224 1522 387 1569; x_wconf 87' lang='lat' dir='ltr'><strong>subito</strong></span> <span class='ocrx_word' id='word_1_94' title='bbox 411 1522 581 1569; x_wconf 87' lang='lat' dir='ltr'><strong>mortis</strong></span> <span class='ocrx_word' id='word_1_95' title='bbox 606 1527 899 1585; x_wconf 87' lang='lat' dir='ltr'><strong>superventu</strong></span> <span class='ocrx_word' id='word_1_96' title='bbox 923 1527 1114 1584; x_wconf 90' lang='lat' dir='ltr'><strong>tempus</strong></span> <span class='ocrx_word' id='word_1_97' title='bbox 1143 1536 1281 1568; x_wconf 91' lang='lat' dir='ltr'><strong>omne</strong></span> <span class='ocrx_word' id='word_1_98' title='bbox 1313 1519 1581 1582; x_wconf 89' lang='lat' dir='ltr'><strong>poenitendi</strong></span> <span class='ocrx_word' id='word_1_99' title='bbox 1605 1526 1654 1567; x_wconf 90' lang='lat' dir='ltr'><strong>et</strong></span> <span class='ocrx_word' id='word_1_100' title='bbox 1686 1523 1972 1571; x_wconf 88' lang='lat' dir='ltr'><strong>emendandi</strong></span> 
     </span>
     <span class='ocr_line' id='line_1_14' title="bbox 222 1601 1971 1666; baseline 0.001 -16"><span class='ocrx_word' id='word_1_101' title='bbox 222 1604 458 1666; x_wconf 85' lang='lat' dir='ltr'><strong>perderet.</strong></span> <span class='ocrx_word' id='word_1_102' title='bbox 552 1603 740 1653; x_wconf 90' lang='lat' dir='ltr'><strong>Verum</strong></span> <span class='ocrx_word' id='word_1_103' title='bbox 779 1604 877 1663; x_wconf 90' lang='lat' dir='ltr'><strong>ille,</strong></span> <span class='ocrx_word' id='word_1_104' title='bbox 919 1603 1194 1666; x_wconf 85' lang='lat' dir='ltr'><strong>frequenter</strong></span> <span class='ocrx_word' id='word_1_105' title='bbox 1230 1602 1343 1650; x_wconf 89' lang='lat' dir='ltr'><strong>licet</strong></span> <span class='ocrx_word' id='word_1_106' title='bbox 1388 1601 1680 1661; x_wconf 89' lang='lat' dir='ltr'><strong>admonitus,</strong></span> <span class='ocrx_word' id='word_1_107' title='bbox 1717 1604 1971 1666; x_wconf 88' lang='lat' dir='ltr'><strong>spernebat</strong></span> 
     </span>
     <span class='ocr_line' id='line_1_15' title="bbox 222 1684 1970 1749; baseline 0.001 -16"><span class='ocrx_word' id='word_1_108' title='bbox 222 1687 372 1733; x_wconf 88' lang='lat' dir='ltr'><strong>verba</strong></span> <span class='ocrx_word' id='word_1_109' title='bbox 406 1686 592 1745; x_wconf 88' lang='lat' dir='ltr'><strong>salutis,</strong></span> <span class='ocrx_word' id='word_1_110' title='bbox 627 1703 823 1749; x_wconf 87' lang='lat' dir='ltr'><strong>seseque</strong></span> <span class='ocrx_word' id='word_1_111' title='bbox 858 1692 1074 1749; x_wconf 87' lang='lat' dir='ltr'><strong>tempore</strong></span> <span class='ocrx_word' id='word_1_112' title='bbox 1110 1690 1339 1747; x_wconf 89' lang='lat' dir='ltr'><strong>sequente</strong></span> <span class='ocrx_word' id='word_1_113' title='bbox 1376 1684 1713 1747; x_wconf 85' lang='lat' dir='ltr'><strong>poenitentiam</strong></span> <span class='ocrx_word' id='word_1_114' title='bbox 1748 1692 1970 1735; x_wconf 88' lang='lat' dir='ltr'><strong>acturum</strong></span> 
     </span>
     <span class='ocr_line' id='line_1_16' title="bbox 222 1766 1970 1832; baseline 0 -16"><span class='ocrx_word' id='word_1_115' title='bbox 222 1784 324 1816; x_wconf 89' lang='lat' dir='ltr'><strong>esse</strong></span> <span class='ocrx_word' id='word_1_116' title='bbox 368 1768 697 1832; x_wconf 87' lang='lat' dir='ltr'><strong>promittebat.</strong></span> <span class='ocrx_word' id='word_1_117' title='bbox 793 1769 914 1818; x_wconf 86' lang='lat' dir='ltr'><strong>Haec</strong></span> <span class='ocrx_word' id='word_1_118' title='bbox 964 1768 1094 1816; x_wconf 90' lang='lat' dir='ltr'><strong>inter</strong></span> <span class='ocrx_word' id='word_1_119' title='bbox 1139 1772 1297 1815; x_wconf 87' lang='lat' dir='ltr'><strong>tactus</strong></span> <span class='ocrx_word' id='word_1_120' title='bbox 1343 1766 1642 1826; x_wconf 85' lang='lat' dir='ltr'><strong>infirmitate,</strong></span> <span class='ocrx_word' id='word_1_121' title='bbox 1690 1767 1871 1816; x_wconf 85' lang='lat' dir='ltr'><strong>decidit</strong></span> <span class='ocrx_word' id='word_1_122' title='bbox 1918 1769 1970 1816; x_wconf 93' lang='lat' dir='ltr'><strong>in</strong></span> 
     </span>
     <span class='ocr_line' id='line_1_17' title="bbox 220 1848 1970 1914; baseline 0.001 -16"><span class='ocrx_word' id='word_1_123' title='bbox 220 1851 413 1909; x_wconf 84' lang='lat' dir='ltr'><strong>lectum,</strong></span> <span class='ocrx_word' id='word_1_124' title='bbox 439 1855 586 1914; x_wconf 89' lang='lat' dir='ltr'><strong>atque</strong></span> <span class='ocrx_word' id='word_1_125' title='bbox 618 1851 720 1899; x_wconf 90' lang='lat' dir='ltr'><strong>acri</strong></span> <span class='ocrx_word' id='word_1_126' title='bbox 752 1851 897 1914; x_wconf 90' lang='lat' dir='ltr'><strong>coepit</strong></span> <span class='ocrx_word' id='word_1_127' title='bbox 926 1851 1091 1899; x_wconf 90' lang='lat' dir='ltr'><strong>dolore</strong></span> <span class='ocrx_word' id='word_1_128' title='bbox 1122 1850 1353 1914; x_wconf 90' lang='lat' dir='ltr'><strong>torqueri.</strong></span> <span class='ocrx_word' id='word_1_129' title='bbox 1426 1848 1512 1897; x_wconf 90' lang='lat' dir='ltr'><strong>Ad</strong></span> <span class='ocrx_word' id='word_1_130' title='bbox 1548 1865 1692 1911; x_wconf 90' lang='lat' dir='ltr'><strong>quem</strong></span> <span class='ocrx_word' id='word_1_131' title='bbox 1728 1850 1970 1914; x_wconf 86' lang='lat' dir='ltr'><strong>ingressus</strong></span> 
     </span>
     <span class='ocr_line' id='line_1_18' title="bbox 219 1932 1970 1998; baseline 0.001 -18"><span class='ocrx_word' id='word_1_132' title='bbox 219 1950 320 1993; x_wconf 90' lang='lat' dir='ltr'><strong>rex,</strong></span> <span class='ocrx_word' id='word_1_133' title='bbox 345 1933 578 1998; x_wconf 85' lang='lat' dir='ltr'><strong>diligebat</strong></span> <span class='ocrx_word' id='word_1_134' title='bbox 610 1934 740 1981; x_wconf 86' lang='lat' dir='ltr'><strong>enim</strong></span> <span class='ocrx_word' id='word_1_135' title='bbox 772 1950 886 1981; x_wconf 90' lang='lat' dir='ltr'><strong>eum</strong></span> <span class='ocrx_word' id='word_1_136' title='bbox 921 1934 1144 1992; x_wconf 88' lang='lat' dir='ltr'><strong>multum,</strong></span> <span class='ocrx_word' id='word_1_137' title='bbox 1170 1933 1457 1981; x_wconf 87' lang='lat' dir='ltr'><strong>hortabatur</strong></span> <span class='ocrx_word' id='word_1_138' title='bbox 1488 1935 1544 1980; x_wconf 89' lang='lat' dir='ltr'><strong>ut</strong></span> <span class='ocrx_word' id='word_1_139' title='bbox 1575 1932 1653 1980; x_wconf 86' lang='lat' dir='ltr'><strong>vel</strong></span> <span class='ocrx_word' id='word_1_140' title='bbox 1684 1938 1800 1981; x_wconf 90' lang='lat' dir='ltr'><strong>tunc</strong></span> <span class='ocrx_word' id='word_1_141' title='bbox 1835 1941 1970 1982; x_wconf 90' lang='lat' dir='ltr'><strong>ante-</strong></span> 
     </span>
     <span class='ocr_line' id='line_1_19' title="bbox 220 2013 1969 2079; baseline 0 -16"><span class='ocrx_word' id='word_1_142' title='bbox 220 2033 365 2079; x_wconf 90' lang='lat' dir='ltr'><strong>quam</strong></span> <span class='ocrx_word' id='word_1_143' title='bbox 411 2021 691 2076; x_wconf 89' lang='lat' dir='ltr'><strong>moreretur,</strong></span> <span class='ocrx_word' id='word_1_144' title='bbox 730 2015 1067 2079; x_wconf 86' lang='lat' dir='ltr'><strong>poenitentiam</strong></span> <span class='ocrx_word' id='word_1_145' title='bbox 1113 2022 1276 2078; x_wconf 85' lang='lat' dir='ltr'><strong>ageret</strong></span> <span class='ocrx_word' id='word_1_146' title='bbox 1318 2013 1694 2063; x_wconf 90' lang='lat' dir='ltr'><strong>commissorum.</strong></span> <span class='ocrx_word' id='word_1_147' title='bbox 1769 2015 1840 2063; x_wconf 86' lang='lat' dir='ltr'><strong>At</strong></span> <span class='ocrx_word' id='word_1_148' title='bbox 1887 2016 1969 2064; x_wconf 92' lang='lat' dir='ltr'><strong>ille</strong></span> 
     </span>
     <span class='ocr_line' id='line_1_20' title="bbox 218 2096 1967 2161; baseline -0.001 -16"><span class='ocrx_word' id='word_1_149' title='bbox 218 2097 480 2160; x_wconf 86' lang='lat' dir='ltr'><strong>respondit,</strong></span> <span class='ocrx_word' id='word_1_150' title='bbox 506 2115 604 2146; x_wconf 93' lang='lat' dir='ltr'><strong>non</strong></span> <span class='ocrx_word' id='word_1_151' title='bbox 639 2115 688 2146; x_wconf 91' lang='lat' dir='ltr'><strong>se</strong></span> <span class='ocrx_word' id='word_1_152' title='bbox 723 2103 839 2146; x_wconf 89' lang='lat' dir='ltr'><strong>tunc</strong></span> <span class='ocrx_word' id='word_1_153' title='bbox 870 2098 995 2146; x_wconf 86' lang='lat' dir='ltr'><strong>velle</strong></span> <span class='ocrx_word' id='word_1_154' title='bbox 1028 2096 1248 2145; x_wconf 88' lang='lat' dir='ltr'><strong>confiteri</strong></span> <span class='ocrx_word' id='word_1_155' title='bbox 1281 2103 1476 2161; x_wconf 85' lang='lat' dir='ltr'><strong>peccata</strong></span> <span class='ocrx_word' id='word_1_156' title='bbox 1512 2113 1612 2155; x_wconf 86' lang='lat' dir='ltr'><strong>sua,</strong></span> <span class='ocrx_word' id='word_1_157' title='bbox 1643 2097 1726 2145; x_wconf 92' lang='lat' dir='ltr'><strong>sed</strong></span> <span class='ocrx_word' id='word_1_158' title='bbox 1761 2113 1871 2145; x_wconf 92' lang='lat' dir='ltr'><strong>cum</strong></span> <span class='ocrx_word' id='word_1_159' title='bbox 1906 2099 1967 2145; x_wconf 91' lang='lat' dir='ltr'><strong>ab</strong></span> 
     </span>
     <span class='ocr_line' id='line_1_21' title="bbox 218 2179 1966 2244; baseline 0.001 -17"><span class='ocrx_word' id='word_1_160' title='bbox 218 2181 501 2229; x_wconf 87' lang='lat' dir='ltr'><strong>infirmitate</strong></span> <span class='ocrx_word' id='word_1_161' title='bbox 552 2187 852 2243; x_wconf 85' lang='lat' dir='ltr'><strong>resurgeret;</strong></span> <span class='ocrx_word' id='word_1_162' title='bbox 913 2197 974 2228; x_wconf 88' lang='lat' dir='ltr'><strong>ne</strong></span> <span class='ocrx_word' id='word_1_163' title='bbox 1026 2181 1373 2244; x_wconf 87' lang='lat' dir='ltr'><strong>exprobrarent</strong></span> <span class='ocrx_word' id='word_1_164' title='bbox 1432 2179 1524 2228; x_wconf 89' lang='lat' dir='ltr'><strong>sibi</strong></span> <span class='ocrx_word' id='word_1_165' title='bbox 1582 2180 1781 2239; x_wconf 79' lang='lat' dir='ltr'><strong>sodaleS‚</strong></span> <span class='ocrx_word' id='word_1_166' title='bbox 1837 2181 1966 2243; x_wconf 91' lang='lat' dir='ltr'><strong>quod</strong></span> 
     </span>
     <span class='ocr_line' id='line_1_22' title="bbox 217 2263 1967 2326; baseline 0.001 -17"><span class='ocrx_word' id='word_1_167' title='bbox 217 2263 391 2311; x_wconf 85' lang='lat' dir='ltr'><strong>timore</strong></span> <span class='ocrx_word' id='word_1_168' title='bbox 432 2263 600 2311; x_wconf 87' lang='lat' dir='ltr'><strong>mortis</strong></span> <span class='ocrx_word' id='word_1_169' title='bbox 637 2263 814 2311; x_wconf 89' lang='lat' dir='ltr'><strong>faceret</strong></span> <span class='ocrx_word' id='word_1_170' title='bbox 853 2279 910 2311; x_wconf 87' lang='lat' dir='ltr'><strong>ea</strong></span> <span class='ocrx_word' id='word_1_171' title='bbox 950 2280 1057 2326; x_wconf 88' lang='lat' dir='ltr'><strong>quae</strong></span> <span class='ocrx_word' id='word_1_172' title='bbox 1094 2280 1256 2326; x_wconf 89' lang='lat' dir='ltr'><strong>sospes</strong></span> <span class='ocrx_word' id='word_1_173' title='bbox 1290 2263 1444 2311; x_wconf 89' lang='lat' dir='ltr'><strong>facere</strong></span> <span class='ocrx_word' id='word_1_174' title='bbox 1481 2263 1728 2322; x_wconf 85' lang='lat' dir='ltr'><strong>noluerat;</strong></span> <span class='ocrx_word' id='word_1_175' title='bbox 1775 2263 1967 2312; x_wconf 87' lang='lat' dir='ltr'><strong>fortiter</strong></span> 
     </span>
     <span class='ocr_line' id='line_1_23' title="bbox 218 2345 1966 2409; baseline 0.001 -17"><span class='ocrx_word' id='word_1_176' title='bbox 218 2345 425 2409; x_wconf 89' lang='lat' dir='ltr'><strong>quidem,</strong></span> <span class='ocrx_word' id='word_1_177' title='bbox 473 2351 531 2393; x_wconf 92' lang='lat' dir='ltr'><strong>ut</strong></span> <span class='ocrx_word' id='word_1_178' title='bbox 575 2345 667 2393; x_wconf 85' lang='lat' dir='ltr'><strong>sibi</strong></span> <span class='ocrx_word' id='word_1_179' title='bbox 707 2346 978 2405; x_wconf 87' lang='lat' dir='ltr'><strong>videbatur,</strong></span> <span class='ocrx_word' id='word_1_180' title='bbox 1015 2346 1219 2405; x_wconf 87' lang='lat' dir='ltr'><strong>locutus,</strong></span> <span class='ocrx_word' id='word_1_181' title='bbox 1256 2346 1341 2395; x_wconf 89' lang='lat' dir='ltr'><strong>sed</strong></span> <span class='ocrx_word' id='word_1_182' title='bbox 1380 2345 1730 2404; x_wconf 85' lang='lat' dir='ltr'><strong>miserabiliter,</strong></span> <span class='ocrx_word' id='word_1_183' title='bbox 1766 2349 1823 2393; x_wconf 92' lang='lat' dir='ltr'><strong>ut</strong></span> <span class='ocrx_word' id='word_1_184' title='bbox 1855 2351 1966 2409; x_wconf 92' lang='lat' dir='ltr'><strong>post</strong></span> 
     </span>
     <span class='ocr_line' id='line_1_24' title="bbox 216 2427 1174 2491; baseline -0.001 -16"><span class='ocrx_word' id='word_1_185' title='bbox 216 2427 394 2491; x_wconf 86' lang='lat' dir='ltr'><strong>patuit,</strong></span> <span class='ocrx_word' id='word_1_186' title='bbox 430 2427 696 2475; x_wconf 74' lang='lat' dir='ltr'><strong>daemonica</strong></span> <span class='ocrx_word' id='word_1_187' title='bbox 730 2427 900 2475; x_wconf 90' lang='lat' dir='ltr'><strong>fraude</strong></span> <span class='ocrx_word' id='word_1_188' title='bbox 935 2427 1174 2475; x_wconf 82' lang='lat' dir='ltr'><strong>seductus.</strong></span> 
     </span>
    </p>

    <p class='ocr_par' dir='ltr' id='par_1_5' title="bbox 214 2508 1964 2822">
     <span class='ocr_line' id='line_1_25' title="bbox 285 2508 1964 2572; baseline 0.001 -14"><span class='ocrx_word' id='word_1_189' title='bbox 285 2509 506 2572; x_wconf 84' lang='lat' dir='ltr'><strong>Cumque</strong></span> <span class='ocrx_word' id='word_1_190' title='bbox 539 2509 705 2556; x_wconf 90' lang='lat' dir='ltr'><strong>morbo</strong></span> <span class='ocrx_word' id='word_1_191' title='bbox 743 2508 1103 2571; x_wconf 86' lang='lat' dir='ltr'><strong>ingravescente</strong></span> <span class='ocrx_word' id='word_1_192' title='bbox 1139 2510 1297 2557; x_wconf 89' lang='lat' dir='ltr'><strong>denuo</strong></span> <span class='ocrx_word' id='word_1_193' title='bbox 1335 2509 1397 2557; x_wconf 85' lang='lat' dir='ltr'><strong>ad</strong></span> <span class='ocrx_word' id='word_1_194' title='bbox 1431 2525 1543 2557; x_wconf 90' lang='lat' dir='ltr'><strong>eum</strong></span> <span class='ocrx_word' id='word_1_195' title='bbox 1576 2509 1875 2558; x_wconf 87' lang='lat' dir='ltr'><strong>visitandum</strong></span> <span class='ocrx_word' id='word_1_196' title='bbox 1910 2528 1964 2560; x_wconf 89' lang='lat' dir='ltr'><strong>ac</strong></span> 
     </span>
     <span class='ocr_line' id='line_1_26' title="bbox 217 2590 1964 2654; baseline 0.001 -14"><span class='ocrx_word' id='word_1_197' title='bbox 217 2591 480 2640; x_wconf 88' lang='lat' dir='ltr'><strong>docendum</strong></span> <span class='ocrx_word' id='word_1_198' title='bbox 505 2607 591 2639; x_wconf 87' lang='lat' dir='ltr'><strong>rex</strong></span> <span class='ocrx_word' id='word_1_199' title='bbox 622 2590 843 2650; x_wconf 84' lang='lat' dir='ltr'><strong>intraret,</strong></span> <span class='ocrx_word' id='word_1_200' title='bbox 869 2591 1109 2639; x_wconf 87' lang='lat' dir='ltr'><strong>clamabat</strong></span> <span class='ocrx_word' id='word_1_201' title='bbox 1140 2591 1308 2640; x_wconf 89' lang='lat' dir='ltr'><strong>statim</strong></span> <span class='ocrx_word' id='word_1_202' title='bbox 1340 2591 1602 2640; x_wconf 89' lang='lat' dir='ltr'><strong>miserabili</strong></span> <span class='ocrx_word' id='word_1_203' title='bbox 1624 2609 1765 2642; x_wconf 86' lang='lat' dir='ltr'><strong>voce:</strong></span> <span class='ocrx_word' id='word_1_204' title='bbox 1805 2598 1816 2619; x_wconf 92' lang='lat'>‘</span> <span class='ocrx_word' id='word_1_205' title='bbox 1834 2593 1964 2654; x_wconf 80' lang='lat' dir='ltr'><strong>Quid</strong></span> 
     </span>
     <span class='ocr_line' id='line_1_27' title="bbox 214 2672 1963 2738; baseline 0.002 -17"><span class='ocrx_word' id='word_1_206' title='bbox 214 2674 288 2721; x_wconf 90' lang='lat' dir='ltr'><strong>vis</strong></span> <span class='ocrx_word' id='word_1_207' title='bbox 311 2672 487 2721; x_wconf 77' lang='lat' dir='ltr'><strong>modo&#39;l</strong></span> <span class='ocrx_word' id='word_1_208' title='bbox 546 2672 677 2733; x_wconf 82' lang='lat' dir='ltr'><strong>Quid</strong></span> <span class='ocrx_word' id='word_1_209' title='bbox 700 2673 795 2720; x_wconf 90' lang='lat' dir='ltr'><strong>huc</strong></span> <span class='ocrx_word' id='word_1_210' title='bbox 816 2672 1027 2722; x_wconf 63' lang='lat' dir='ltr'><strong>venisti?</strong></span> <span class='ocrx_word' id='word_1_211' title='bbox 1086 2674 1201 2722; x_wconf 92' lang='lat' dir='ltr'><strong>Non</strong></span> <span class='ocrx_word' id='word_1_212' title='bbox 1226 2673 1355 2722; x_wconf 90' lang='lat' dir='ltr'><strong>enim</strong></span> <span class='ocrx_word' id='word_1_213' title='bbox 1381 2674 1503 2721; x_wconf 90' lang='lat' dir='ltr'><strong>mibi</strong></span> <span class='ocrx_word' id='word_1_214' title='bbox 1527 2674 1712 2738; x_wconf 90' lang='lat' dir='ltr'><strong>aliquid</strong></span> <span class='ocrx_word' id='word_1_215' title='bbox 1736 2676 1963 2725; x_wconf 87' lang='lat' dir='ltr'><strong>utilitatis</strong></span> 
     </span>
     <span class='ocr_line' id='line_1_28' title="bbox 215 2754 1963 2822; baseline 0.001 -16"><span class='ocrx_word' id='word_1_216' title='bbox 215 2763 301 2806; x_wconf 89' lang='lat' dir='ltr'><strong>aut</strong></span> <span class='ocrx_word' id='word_1_217' title='bbox 335 2756 504 2805; x_wconf 86' lang='lat' dir='ltr'><strong>salutis</strong></span> <span class='ocrx_word' id='word_1_218' title='bbox 539 2762 678 2820; x_wconf 87' lang='lat' dir='ltr'><strong>potes</strong></span> <span class='ocrx_word' id='word_1_219' title='bbox 713 2757 842 2804; x_wconf 90' lang='lat' dir='ltr'><strong>ultra</strong></span> <span class='ocrx_word' id='word_1_220' title='bbox 878 2754 1124 2806; x_wconf 87' lang='lat' dir='ltr'><strong>conferre.’</strong></span> <span class='ocrx_word' id='word_1_221' title='bbox 1193 2756 1262 2807; x_wconf 80' lang='lat' dir='ltr'><strong>At</strong></span> <span class='ocrx_word' id='word_1_222' title='bbox 1296 2758 1410 2807; x_wconf 90' lang='lat' dir='ltr'><strong>ille:</strong></span> <span class='ocrx_word' id='word_1_223' title='bbox 1448 2763 1459 2784; x_wconf 95' lang='lat'>‘</span> <span class='ocrx_word' id='word_1_224' title='bbox 1477 2758 1526 2806; x_wconf 93' lang='lat' dir='ltr'>N</span> <span class='ocrx_word' id='word_1_225' title='bbox 1528 2758 1621 2818; x_wconf 91' lang='lat' dir='ltr'><strong>oli,’</strong></span> <span class='ocrx_word' id='word_1_226' title='bbox 1653 2758 1829 2822; x_wconf 90' lang='lat' dir='ltr'><strong>inquit,</strong></span> <span class='ocrx_word' id='word_1_227' title='bbox 1866 2761 1963 2808; x_wconf 89' lang='lat' dir='ltr'><strong>‘ita</strong></span> 
     </span>
    </p>
   </div>
   <div class='ocr_carea' id='block_1_5' title="bbox 212 2894 1958 3333">
    <p class='ocr_par' dir='ltr' id='par_1_6' title="bbox 212 2894 1958 3276">
     <span class='ocr_line' id='line_1_29' title="bbox 271 2894 1958 2949; baseline 0.001 -14"><span class='ocrx_word' id='word_1_228' title='bbox 271 2895 283 2918; x_wconf 89' lang='lat'>¹</span> <span class='ocrx_word' id='word_1_229' title='bbox 312 2895 528 2948; x_wconf 80' lang='lat' dir='ltr'><strong>Coenredi]</strong></span> <span class='ocrx_word' id='word_1_230' title='bbox 591 2894 824 2947; x_wconf 85' lang='lat' dir='ltr'><strong>According</strong></span> <span class='ocrx_word' id='word_1_231' title='bbox 887 2899 932 2934; x_wconf 89' lang='lat' dir='ltr'><strong>to</strong></span> <span class='ocrx_word' id='word_1_232' title='bbox 986 2895 1059 2935; x_wconf 77' lang='lat' dir='ltr'><strong>the</strong></span> <span class='ocrx_word' id='word_1_233' title='bbox 1114 2895 1162 2934; x_wconf 84' lang='lat' dir='ltr'><strong>of</strong></span> <span class='ocrx_word' id='word_1_234' title='bbox 1167 2894 1239 2935; x_wconf 85' lang='lat' dir='ltr'><strong>the</strong></span> <span class='ocrx_word' id='word_1_235' title='bbox 1248 2896 1384 2936; x_wconf 87' lang='lat' dir='ltr'><strong>Saxon</strong></span> <span class='ocrx_word' id='word_1_236' title='bbox 1393 2896 1619 2944; x_wconf 86' lang='lat' dir='ltr'><strong>Ohronicle,</strong></span> <span class='ocrx_word' id='word_1_237' title='bbox 1628 2897 1760 2937; x_wconf 87' lang='lat' dir='ltr'><strong>under</strong></span> <span class='ocrx_word' id='word_1_238' title='bbox 1768 2897 1958 2949; x_wconf 81' lang='lat' dir='ltr'><strong>A.D.675,</strong></span> 
     </span>
     <span class='ocr_line' id='line_1_30' title="bbox 215 2950 1958 3003; baseline 0 -13"><span class='ocrx_word' id='word_1_239' title='bbox 215 2951 351 2990; x_wconf 86' lang='lat' dir='ltr'><strong>Saxon</strong></span> <span class='ocrx_word' id='word_1_240' title='bbox 379 2950 608 2999; x_wconf 86' lang='lat' dir='ltr'><strong>Chronicle,</strong></span> <span class='ocrx_word' id='word_1_241' title='bbox 644 2950 804 2989; x_wconf 85' lang='lat' dir='ltr'><strong>Cenred</strong></span> <span class='ocrx_word' id='word_1_242' title='bbox 837 2950 1059 2989; x_wconf 84' lang='lat' dir='ltr'><strong>succeeded</strong></span> <span class='ocrx_word' id='word_1_243' title='bbox 1113 2950 1226 3002; x_wconf 84' lang='lat' dir='ltr'><strong>gives</strong></span> <span class='ocrx_word' id='word_1_244' title='bbox 1254 2951 1326 2990; x_wconf 83' lang='lat' dir='ltr'><strong>the</strong></span> <span class='ocrx_word' id='word_1_245' title='bbox 1353 2964 1512 2991; x_wconf 84' lang='lat' dir='ltr'><strong>answer</strong></span> <span class='ocrx_word' id='word_1_246' title='bbox 1531 2952 1578 2991; x_wconf 89' lang='lat' dir='ltr'><strong>of</strong></span> <span class='ocrx_word' id='word_1_247' title='bbox 1591 2954 1703 3003; x_wconf 89' lang='lat' dir='ltr'><strong>Pope</strong></span> <span class='ocrx_word' id='word_1_248' title='bbox 1723 2952 1892 3003; x_wconf 86' lang='lat' dir='ltr'><strong>Agatho</strong></span> <span class='ocrx_word' id='word_1_249' title='bbox 1913 2953 1958 2991; x_wconf 92' lang='lat' dir='ltr'><strong>in</strong></span> 
     </span>
     <span class='ocr_line' id='line_1_31' title="bbox 213 3003 1957 3058; baseline 0 -13"><span class='ocrx_word' id='word_1_250' title='bbox 213 3010 259 3044; x_wconf 88' lang='lat' dir='ltr'><strong>to</strong></span> <span class='ocrx_word' id='word_1_251' title='bbox 290 3004 615 3045; x_wconf 84' lang='lat' dir='ltr'><strong>Southhumbria</strong></span> <span class='ocrx_word' id='word_1_252' title='bbox 646 3005 691 3043; x_wconf 90' lang='lat' dir='ltr'><strong>in</strong></span> <span class='ocrx_word' id='word_1_253' title='bbox 723 3015 810 3044; x_wconf 52' lang='grc' dir='ltr'><strong>ΑΙ).</strong></span> <span class='ocrx_word' id='word_1_254' title='bbox 843 3012 942 3055; x_wconf 85' lang='lat'><strong>702;</strong></span> <span class='ocrx_word' id='word_1_255' title='bbox 981 3004 1058 3045; x_wconf 89' lang='lat' dir='ltr'><strong>but</strong></span> <span class='ocrx_word' id='word_1_256' title='bbox 1113 3014 1198 3045; x_wconf 62' lang='grc' dir='ltr'><strong>ΑΛ).</strong></span> <span class='ocrx_word' id='word_1_257' title='bbox 1219 3003 1299 3046; x_wconf 92' lang='lat'><strong>680</strong></span> <span class='ocrx_word' id='word_1_258' title='bbox 1318 3010 1362 3045; x_wconf 87' lang='lat' dir='ltr'><strong>to</strong></span> <span class='ocrx_word' id='word_1_259' title='bbox 1387 3020 1413 3046; x_wconf 94' lang='lat' dir='ltr'><strong>a</strong></span> <span class='ocrx_word' id='word_1_260' title='bbox 1433 3011 1598 3058; x_wconf 84' lang='lat' dir='ltr'><strong>request</strong></span> <span class='ocrx_word' id='word_1_261' title='bbox 1617 3007 1664 3046; x_wconf 84' lang='lat' dir='ltr'><strong>of</strong></span> <span class='ocrx_word' id='word_1_262' title='bbox 1678 3007 1740 3046; x_wconf 86' lang='lat' dir='ltr'><strong>his</strong></span> <span class='ocrx_word' id='word_1_263' title='bbox 1768 3007 1862 3045; x_wconf 85' lang='lat' dir='ltr'><strong>that</strong></span> <span class='ocrx_word' id='word_1_264' title='bbox 1885 3007 1957 3045; x_wconf 86' lang='lat' dir='ltr'><strong>the</strong></span> 
     </span>
     <span class='ocr_line' id='line_1_32' title="bbox 212 3058 1957 3113; baseline 0 -14"><span class='ocrx_word' id='word_1_265' title='bbox 212 3061 257 3099; x_wconf 91' lang='lat' dir='ltr'><strong>in</strong></span> <span class='ocrx_word' id='word_1_266' title='bbox 277 3071 364 3101; x_wconf 60' lang='grc' dir='ltr'><strong>ΑΛ).</strong></span> <span class='ocrx_word' id='word_1_267' title='bbox 389 3068 467 3110; x_wconf 89' lang='lat'><strong>704</strong></span> <span class='ocrx_word' id='word_1_268' title='bbox 488 3059 559 3098; x_wconf 83' lang='lat' dir='ltr'><strong>the</strong></span> <span class='ocrx_word' id='word_1_269' title='bbox 578 3073 688 3098; x_wconf 81' lang='lat' dir='ltr'><strong>same</strong></span> <span class='ocrx_word' id='word_1_270' title='bbox 712 3058 924 3110; x_wconf 80' lang='lat' dir='ltr'><strong>authority</strong></span> <span class='ocrx_word' id='word_1_271' title='bbox 942 3060 1056 3111; x_wconf 81' lang='lat' dir='ltr'><strong>gives</strong></span> <span class='ocrx_word' id='word_1_272' title='bbox 1109 3073 1213 3112; x_wconf 86' lang='lat' dir='ltr'><strong>pope</strong></span> <span class='ocrx_word' id='word_1_273' title='bbox 1242 3061 1379 3100; x_wconf 85' lang='lat' dir='ltr'><strong>would</strong></span> <span class='ocrx_word' id='word_1_274' title='bbox 1412 3062 1582 3101; x_wconf 88' lang='lat' dir='ltr'><strong>confirm</strong></span> <span class='ocrx_word' id='word_1_275' title='bbox 1616 3062 1688 3100; x_wconf 84' lang='lat' dir='ltr'><strong>the</strong></span> <span class='ocrx_word' id='word_1_276' title='bbox 1722 3064 1957 3113; x_wconf 82' lang='lat' dir='ltr'><strong>monastery</strong></span> 
     </span>
     <span class='ocr_line' id='line_1_33' title="bbox 213 3112 1955 3167; baseline 0 -13"><span class='ocrx_word' id='word_1_277' title='bbox 213 3115 278 3154; x_wconf 85' lang='lat' dir='ltr'><strong>his</strong></span> <span class='ocrx_word' id='word_1_278' title='bbox 292 3115 413 3153; x_wconf 88' lang='lat' dir='ltr'><strong>uncle</strong></span> <span class='ocrx_word' id='word_1_279' title='bbox 427 3112 682 3153; x_wconf 77' lang='lat' dir='ltr'><strong>AEthelred&#39;s</strong></span> <span class='ocrx_word' id='word_1_280' title='bbox 697 3114 959 3165; x_wconf 78' lang='lat' dir='ltr'><strong>resignation,</strong></span> <span class='ocrx_word' id='word_1_281' title='bbox 972 3114 1056 3154; x_wconf 89' lang='lat' dir='ltr'><strong>and</strong></span> <span class='ocrx_word' id='word_1_282' title='bbox 1109 3115 1155 3154; x_wconf 89' lang='lat' dir='ltr'><strong>of</strong></span> <span class='ocrx_word' id='word_1_283' title='bbox 1164 3114 1525 3155; x_wconf 85' lang='lat' dir='ltr'><strong>Medeshamstede</strong></span> <span class='ocrx_word' id='word_1_284' title='bbox 1542 3115 1892 3167; x_wconf 86' lang='lat' dir='ltr'><strong>(Peterborough)</strong></span> <span class='ocrx_word' id='word_1_285' title='bbox 1910 3119 1955 3154; x_wconf 94' lang='lat' dir='ltr'><strong>to</strong></span> 
     </span>
     <span class='ocr_line' id='line_1_34' title="bbox 212 3168 1956 3221; baseline 0.001 -13"><span class='ocrx_word' id='word_1_286' title='bbox 212 3169 277 3208; x_wconf 84' lang='lat' dir='ltr'><strong>his</strong></span> <span class='ocrx_word' id='word_1_287' title='bbox 297 3169 525 3208; x_wconf 84' lang='lat' dir='ltr'><strong>succession</strong></span> <span class='ocrx_word' id='word_1_288' title='bbox 540 3174 582 3208; x_wconf 84' lang='lat' dir='ltr'><strong>to</strong></span> <span class='ocrx_word' id='word_1_289' title='bbox 596 3168 766 3208; x_wconf 72' lang='lat' dir='ltr'><strong>Marcia.</strong></span> <span class='ocrx_word' id='word_1_290' title='bbox 805 3169 874 3208; x_wconf 86' lang='lat' dir='ltr'><strong>He</strong></span> <span class='ocrx_word' id='word_1_291' title='bbox 888 3169 1057 3221; x_wconf 84' lang='lat' dir='ltr'><strong>reigned</strong></span> <span class='ocrx_word' id='word_1_292' title='bbox 1110 3169 1162 3209; x_wconf 85' lang='lat' dir='ltr'><strong>be</strong></span> <span class='ocrx_word' id='word_1_293' title='bbox 1191 3169 1275 3210; x_wconf 84' lang='lat' dir='ltr'><strong>free</strong></span> <span class='ocrx_word' id='word_1_294' title='bbox 1303 3171 1349 3210; x_wconf 91' lang='lat' dir='ltr'><strong>of</strong></span> <span class='ocrx_word' id='word_1_295' title='bbox 1366 3171 1520 3210; x_wconf 85' lang='lat' dir='ltr'><strong>service</strong></span> <span class='ocrx_word' id='word_1_296' title='bbox 1548 3171 1611 3209; x_wconf 85' lang='lat' dir='ltr'><strong>for</strong></span> <span class='ocrx_word' id='word_1_297' title='bbox 1630 3183 1737 3210; x_wconf 88' lang='lat' dir='ltr'><strong>ever.</strong></span> <span class='ocrx_word' id='word_1_298' title='bbox 1797 3170 1850 3208; x_wconf 94' lang='lat' dir='ltr'><strong>In</strong></span> <span class='ocrx_word' id='word_1_299' title='bbox 1868 3180 1956 3210; x_wconf 80' lang='lat' dir='ltr'><strong>A.D.</strong></span> 
     </span>
     <span class='ocr_line' id='line_1_35' title="bbox 212 3224 1957 3276; baseline 0 -13"><span class='ocrx_word' id='word_1_300' title='bbox 212 3224 278 3263; x_wconf 84' lang='lat' dir='ltr'><strong>till</strong></span> <span class='ocrx_word' id='word_1_301' title='bbox 299 3234 385 3262; x_wconf 59' lang='grc' dir='ltr'><strong>ΑΛ).</strong></span> <span class='ocrx_word' id='word_1_302' title='bbox 409 3232 498 3276; x_wconf 89' lang='lat'><strong>709.</strong></span> <span class='ocrx_word' id='word_1_303' title='bbox 1113 3231 1192 3276; x_wconf 85' lang='lat'><strong>704</strong></span> <span class='ocrx_word' id='word_1_304' title='bbox 1221 3225 1271 3264; x_wconf 88' lang='lat' dir='ltr'><strong>he</strong></span> <span class='ocrx_word' id='word_1_305' title='bbox 1299 3225 1465 3265; x_wconf 85' lang='lat' dir='ltr'><strong>became</strong></span> <span class='ocrx_word' id='word_1_306' title='bbox 1492 3239 1518 3264; x_wconf 88' lang='lat' dir='ltr'><strong>a</strong></span> <span class='ocrx_word' id='word_1_307' title='bbox 1544 3224 1670 3263; x_wconf 88' lang='lat' dir='ltr'><strong>monk</strong></span> <span class='ocrx_word' id='word_1_308' title='bbox 1699 3224 1742 3263; x_wconf 91' lang='lat' dir='ltr'><strong>in</strong></span> <span class='ocrx_word' id='word_1_309' title='bbox 1770 3225 1834 3264; x_wconf 84' lang='lat' dir='ltr'><strong>his</strong></span> <span class='ocrx_word' id='word_1_310' title='bbox 1862 3237 1957 3264; x_wconf 86' lang='lat' dir='ltr'><strong>own</strong></span> 
     </span>
    </p>

    <p class='ocr_par' dir='ltr' id='par_1_7' title="bbox 269 3276 1636 3333">
     <span class='ocr_line' id='line_1_36' title="bbox 269 3276 1636 3333; baseline 0 -15"><span class='ocrx_word' id='word_1_311' title='bbox 269 3277 284 3301; x_wconf 87' lang='lat'><em>²</em></span> <span class='ocrx_word' id='word_1_312' title='bbox 298 3278 585 3331; x_wconf 77' lang='lat' dir='ltr'><strong>AEdilredum]</strong></span> <span class='ocrx_word' id='word_1_313' title='bbox 602 3278 678 3318; x_wconf 84' lang='lat' dir='ltr'><strong>See</strong></span> <span class='ocrx_word' id='word_1_314' title='bbox 689 3291 729 3331; x_wconf 91' lang='lat' dir='ltr'><strong>p.</strong></span> <span class='ocrx_word' id='word_1_315' title='bbox 743 3276 831 3318; x_wconf 89' lang='lat'><strong>160.</strong></span> <span class='ocrx_word' id='word_1_316' title='bbox 865 3277 1053 3321; x_wconf 83' lang='lat' dir='ltr'><strong>OneMS.</strong></span> <span class='ocrx_word' id='word_1_317' title='bbox 1109 3285 1347 3333; x_wconf 78' lang='lat' dir='ltr'><strong>monastery</strong></span> <span class='ocrx_word' id='word_1_318' title='bbox 1367 3280 1415 3320; x_wconf 89' lang='lat' dir='ltr'><strong>of</strong></span> <span class='ocrx_word' id='word_1_319' title='bbox 1430 3279 1636 3332; x_wconf 85' lang='lat' dir='ltr'><strong>Bardney.</strong></span> 
     </span>
    </p>
   </div>
  </div>
 </body>
</html>
