2216 3554
140 203 261 253 CAP.
280 201 396 272 Ἧι]
769 203 935 253 Gentis
969 201 1250 267 Anqlorum.
1367 247 1370 251 .
1791 210 1812 253 1
1823 211 1849 254 5
1860 209 1883 253 1

140 336 296 400 epulis
330 335 547 394 refertus,
583 336 634 382 et
670 333 965 397 jamjamque
1010 336 1171 382 essent
1215 348 1388 381 manus
1429 333 1490 381 ad
1535 350 1709 397 panem
1744 335 1887 384 bene-

140 419 396 467 dicendum
420 417 626 476 missuri,
645 416 848 464 intrasse
872 415 1031 464 subito
1050 415 1329 463 ministrum
1353 414 1505 478 ipsius
1525 410 1604 464 cui
1627 417 1887 481 suscipien-

140 503 313 550 dorum
342 502 541 565 inopum
572 504 676 547 erat
707 515 825 547 cura
854 497 1083 560 delegata,
1111 503 1159 545 et
1192 497 1427 545 indicasse
1458 497 1560 558 regi
1586 499 1699 561 quia
1722 500 1887 547 multi-

139 585 256 632 tudo
272 600 539 647 pauperum
549 582 886 644 undecumque
900 579 1158 650 adveniens
1171 579 1382 627 maxima
1395 580 1669 644 perplateas
1684 582 1887 642 sederet,

139 667 387 729 postulans
422 664 604 729 aliquid
638 664 949 726 eleemosynae
986 680 1014 711 a
1049 679 1191 726 rege:
1242 662 1328 726 qui
1363 678 1479 710 mox
1514 663 1661 726 dapes
1696 663 1890 712 sibimet

139 749 380 812 adpositas
427 746 604 796 deferri
649 746 958 810 pauperibus,
999 746 1084 793 sed
1130 749 1180 793 et
1219 744 1405 792 discum
1446 745 1701 809 confringi,
1742 748 1888 810 atque

139 830 321 878 eisdem
365 829 644 878 minutatim
690 828 846 877 dividi
891 827 1136 891 praecepit.
1227 827 1335 888 Quo
1385 827 1489 875 viso
1536 828 1758 891 pontifex
1804 829 1890 892 qui

140 912 388 960 adsidebat
405 912 668 960 delectatus
692 911 779 959 tali
802 911 928 958 facto
951 910 1163 974 pietatis,
1183 910 1505 973 adprehendit
1524 911 1745 958 dextram
1771 913 1887 973 ejus,

139 999 188 1043 et
211 995 308 1043 ait:
347 1000 359 1021 ‘
375 995 637 1058 Nunquam
661 994 980 1042 inveterascat
1010 992 1110 1040 haec
1143 992 1341 1041 manus?
1413 992 1554 1053 Quod
1579 998 1627 1041 et
1655 992 1726 1041 ita
1746 995 1890 1056 juxta

138 1082 306 1125 votum
329 1076 675 1126 benedictionis
708 1078 811 1139 ejus
843 1074 1081 1139 provenit.
1152 1076 1281 1125 Nam
1306 1091 1415 1123 cum
1446 1074 1698 1124 interfecto
1726 1076 1812 1124 illo
1838 1077 1890 1124 in

138 1176 313 1222 pugna,
338 1148 508 1208 manus
533 1176 641 1207 cum
664 1159 862 1207 brachio
885 1176 914 1206 a
938 1164 1111 1206 caetero
1135 1161 1294 1206 essent
1318 1173 1514 1220 corpore
1543 1162 1751 1219 resectae,
1767 1176 1889 1225 'con-

136 1241 254 1304 tigit
270 1246 327 1289 ut
345 1241 574 1290 hactenus
592 1241 886 1305 incorruptae
904 1241 1186 1304 perdurent.
1260 1239 1488 1303 Denique
1499 1239 1552 1287 in
1570 1241 1691 1289 urbe
1710 1227 1843 1306 regia
1857 1243 1889 1298 1,

138 1339 246 1386 quae
284 1340 312 1371 a
346 1323 513 1387 regina
547 1324 791 1387 quondam
828 1322 1060 1372 vocabulo
1101 1322 1269 1371 Bebba
1310 1309 1691 1386 cognominatur,
1729 1323 1888 1371 loculo

137 1406 336 1454 inclusae
368 1411 592 1469 argenteo
624 1406 676 1454 in
709 1406 907 1454 ecclesia
942 1406 1097 1454 sancti
1135 1405 1269 1454 Petri
1305 1409 1575 1465 servantur,
1600 1423 1654 1454 ac
1689 1406 1836 1471 digno
1861 1423 1890 1454 a

137 1488 320 1536 cunctis
343 1488 525 1536 honore
547 1493 855 1537 venerantur.

205 1570 369 1633 Hujus
404 1570 645 1619 industria
679 1571 820 1634 regis,
858 1563 1096 1619 Derorum
1138 1573 1187 1618 et
1227 1569 1566 1618 Berniciorum
1607 1569 1887 1633 provinciae,

136 1669 244 1714 quae
280 1657 476 1701 eatenus
510 1653 572 1701 ab
606 1653 815 1700 invicem
847 1653 1199 1711 discordabant,
1227 1652 1278 1699 in
1309 1669 1457 1699 unam
1489 1655 1604 1700 sunt
1632 1668 1811 1716 pacem,
1838 1645 1888 1701 et

134 1735 267 1782 velut
313 1751 467 1782 unum
513 1735 864 1799 compaginatae
916 1735 968 1782 in
1012 1735 1263 1798 populum.
1352 1735 1473 1783 Erat
1524 1739 1689 1783 autem
1737 1752 1887 1798 nepos

134 1816 337 1864 AEduini
372 1816 501 1880 regis
536 1833 597 1864 ex
631 1830 796 1865 sorore
823 1815 977 1876 Acha,
1002 1816 1299 1879 dignumque
1332 1816 1444 1876 fuit,
1472 1819 1528 1864 ut
1560 1821 1727 1865 tantus
1763 1833 1886 1879 prae-

133 1915 290 1946 cessor
306 1899 453 1947 talem
475 1899 676 1948 haberet
694 1899 754 1947 de
771 1916 859 1949 sua
877 1898 1297 1961 consanguinitate
1316 1904 1364 1947 et
1389 1898 1638 1962 religionis
1661 1898 1887 1948 heredem

133 1986 181 2028 et
205 1980 355 2045 regni.

859 2186 1006 2236 OAP.
1045 2186 1165 2235 VII.

194 2318 245 2359 Ut
258 2317 478 2370 provincia
499 2316 824 2359 Occidentalium
849 2317 1062 2359 Saxonum
1089 2318 1252 2359 verbum
1272 2318 1366 2367 Dei,
1387 2319 1644 2371 praedicante
1661 2320 1829 2369 Birim,

335 2387 548 2439 susceperit
561 2403 579 2434 ;
605 2393 644 2428 et
662 2388 711 2428 de
729 2387 1016 2428 successoribus
1035 2387 1121 2439 ejus
1139 2387 1374 2441 Aqilbercto
1396 2394 1431 2428 et
1450 2388 1681 2429 Leutherio.

203 2506 281 2554 Eo
326 2512 542 2570 tempore
587 2523 705 2571 gens
751 2507 1134 2556 Occidentalium
1183 2507 1431 2557 Saxonum
1478 2508 1564 2572 qui
1612 2509 1885 2573 antiquitus

135 2589 346 2637 Gevissae
406 2588 713 2648 vocabantur,
778 2594 1011 2652 regnante
1071 2589 1317 2652 Cynigilso
1332 2591 1350 2618 2
1395 2589 1541 2638 fidem
1639 2603 1784 2646 Bishop

132 2670 316 2720 Christi
363 2671 587 2734 suscepit,
630 2671 924 2734 praedicante
974 2671 1071 2719 illis
1117 2672 1320 2720 verbum
1372 2673 1542 2721 Birino
1586 2653 1842 2738 Βΐζξξζᾞζω

132 2751 367 2815 episcopo,
404 2751 490 2815 qui
525 2768 634 2800 cum
669 2752 866 2800 consilio
906 2769 1045 2816 papae
1091 2753 1304 2802 Honorii
1338 2759 1537 2803 venerat
1572 2752 1681 2788 west
1706 2752 1849 2787 Saxone

133 2832 452 2893 Brittaniam;
489 2834 777 2897 promittens
801 2834 996 2898 quidem
1021 2851 1071 2884 se
1102 2835 1187 2884 illo
1217 2844 1450 2901 praesente
1483 2837 1536 2885 in
1595 2813 1828 2901 gfbssssffss

187 2970 201 2994 ¹
231 2970 327 3011 urbe
355 2969 488 3023 reqia]
526 2970 635 3011 Now
663 2971 980 3024 Bamborough3
1089 2971 1106 2995 ²
1133 2979 1325 3027 reqnante
1357 2975 1585 3028 oyniyilso]
1624 2975 1712 3013 The
1740 2987 1812 3012 son
1843 2974 1889 3012 of

134 3026 177 3064 in
194 3025 272 3065 Old
290 3025 467 3077 English
483 3025 775 3074 Bebbanburh,
791 3040 835 3066 so
849 3027 982 3067 called
1036 3029 1208 3076 Ceolrio,
1245 3030 1329 3070 and
1375 3031 1548 3083 nephew
1586 3030 1632 3068 of
1666 3027 1878 3076 Ceolwulf,

133 3079 240 3119 after
259 3080 414 3125 Bebba,
435 3080 507 3120 the
526 3080 620 3119 wife
647 3080 694 3120 of
716 3081 978 3129 AEthelfrith,
1032 3083 1127 3123 who
1166 3098 1274 3124 were
1321 3085 1411 3125 said
1448 3089 1492 3124 to
1539 3085 1591 3123 be
1628 3083 1699 3122 the
1745 3085 1882 3133 great-

134 3134 311 3175 M.H.B.
325 3149 364 3187 p.
383 3134 445 3186 76,
462 3135 539 3174 but
558 3135 665 3175 built
682 3135 738 3188 by
751 3135 817 3175 his
830 3137 980 3188 grand-
1032 3138 1260 3190 grandsons
1298 3140 1345 3179 of
1377 3140 1534 3179 Oerdic.
1602 3138 1671 3176 He
1710 3135 1880 3188 reigned

133 3188 270 3228 father
280 3189 359 3229 Ida
371 3190 416 3229 in
430 3200 515 3230 ΑΔ).
531 3198 623 3242 547,
636 3190 718 3229 and
733 3194 778 3230 at
790 3191 879 3230 first
891 3204 978 3231 sur·
1033 3192 1137 3234 from
1158 3204 1245 3235 ΔΑ).
1268 3194 1344 3235 611
1369 3199 1413 3234 to
1433 3205 1519 3235 A.D.
1539 3192 1632 3244 643.

132 3243 316 3284 rounded
335 3244 432 3298 only
450 3244 507 3297 by
524 3257 550 3285 a
568 3244 700 3298 hedge
709 3258 721 3296 3
751 3246 792 3287 S.
809 3244 959 3287 Chron.
