2216 3554
298 210 360 255 42
872 208 1099 257 Historia
1133 209 1468 258 Ecclesiastica
1842 206 1980 277 [Lm.
2007 226 2041 258 1.

290 355 451 387 -sermo
475 339 702 402 proprius
735 357 842 388 cum
867 340 1045 399 divino,
1072 345 1122 389 et
1149 341 1447 390 adsertiones
1478 339 1842 388 molestissimas
1876 341 2043 389 lectio-

298 437 416 468 num
438 421 714 469 testimonia
746 423 1096 485 sequebantur:
1135 423 1440 471 convincitur
1472 422 1673 480 vanitas,
1698 422 1900 485 perfidia
1931 440 2044 470 con-

298 502 516 562 futatur3
554 503 622 550 ita
646 508 703 551 ut
726 504 787 552 ad
820 505 1034 568 singulas
1059 506 1319 554 verborum
1342 504 1633 568 objectiones
1656 521 1814 552 errare
1839 522 1902 564 se,
1928 503 2044 553 duin

298 586 584 648 respondere
603 587 804 650 nequiit,
822 587 1056 635 fateretur
1075 604 1084 635 :
1106 588 1314 651 populus
1329 588 1511 636 arbiter
1529 587 1612 636 vix
1630 603 1798 634 manus
1814 587 2044 647 continet,

291 667 534 730 judicium
557 673 718 717 tamen
742 669 948 718 clamore
971 675 1194 719 testatur.

960 821 1099 870 CAP.
1149 821 1357 873 XVIII.
1372 824 1390 851 ¹

304 943 354 985 Ut
373 944 483 985 idem
493 944 632 995 filiam
648 945 807 986 tribuni
825 959 967 987 caecam
986 945 1311 995 inluminaverit‚
1331 962 1381 988 ac
1399 948 1549 988 deinde
1567 948 1624 988 ad
1638 952 1823 987 sanctum
1842 946 2048 986 Albanum

401 1014 653 1066 perveniens,
673 1015 869 1066 reliquias
886 1015 1037 1056 ibidem
1050 1022 1087 1055 et
1105 1016 1237 1068 ipsius
1250 1019 1461 1070 acceperit,
1482 1024 1518 1058 et
1537 1018 1740 1059 beatorum
1758 1016 2045 1068 apostolorum,

407 1083 489 1123 sive
507 1084 686 1124 aliorum
703 1090 934 1136 martyrum
949 1087 1142 1136 posuerit.

367 1196 487 1244 TUM
509 1197 669 1245 subito
688 1197 883 1260 quidam
906 1196 1176 1245 tribunitiae
1200 1198 1453 1261 potestatis
1479 1215 1588 1247 cum
1615 1199 1814 1261 conjuge
1832 1195 2049 1261 procedit

299 1278 350 1325 in
375 1280 602 1338 medium,
622 1280 773 1327 filiam
797 1280 961 1327 decem
985 1296 1222 1327 annorum
1241 1298 1413 1328 caecam
1438 1282 1697 1328 curandam
1723 1279 2048 1328 sacerdotibus

300 1361 514 1421 offerens,
541 1379 686 1425 quam
720 1362 793 1408 illi
826 1361 1118 1409 adversariis
1151 1362 1310 1410 offerri
1342 1370 1702 1426 praeceperunt:
1740 1362 1823 1411 sed
1852 1362 1906 1408 hi
1938 1378 2049 1409 con-

300 1444 502 1492 scientia
543 1443 775 1507 puniente
811 1443 1046 1502 deterriti,
1076 1444 1292 1507 jungunt
1330 1461 1440 1493 cum
1475 1446 1756 1509 parentibus
1791 1461 1967 1508 preces,
2001 1448 2050 1492 et

300 1526 598 1574 curationem
626 1526 840 1587 parvulae
865 1543 894 1574 a
929 1526 1256 1575 sacerdotibus
1289 1528 1640 1591 deprecantur.
1677 1528 1760 1592 qui
1792 1527 2050 1575 inclinatos

298 1610 461 1657 animo
495 1609 794 1658 adversarios
839 1610 1099 1669 intuentes,
1138 1611 1405 1659 orationem
1450 1612 1661 1661 breviter
1707 1612 1946 1659 fundunt:
1994 1626 2050 1658 ac

299 1692 473 1740 deinde
521 1692 792 1741 Germanus
838 1694 1009 1756 plenus
1056 1693 1244 1756 Spiritu
1292 1699 1467 1755 sancto,
1503 1695 1698 1743 invocat
1731 1695 2049 1752 Trinitatem;

300 1792 386 1823 nec
411 1792 557 1833 mora,
583 1776 908 1823 adhaerentem
939 1775 1083 1823 lateri
1115 1792 1202 1823 suo
1227 1777 1470 1840 capsulam
1495 1795 1603 1826 cum
1636 1780 1909 1825 sanctorum
1941 1775 2048 1823 reli-

301 1857 426 1920 quiis
445 1858 568 1905 collo
592 1858 810 1905 avulsam
834 1858 1056 1905 manibus
1085 1859 1461 1922 comprehendit,
1487 1876 1684 1923 eamque
1707 1860 1761 1906 in
1794 1862 2049 1921 conspectu

300 1940 518 1988 omnium
540 1940 715 2002 puellae
740 1940 892 1987 oculis
915 1940 1195 2003 adplicavit,
1221 1958 1343 2004 quos
1367 1931 1533 1988 statim
1556 1946 1809 1993 evacuatos
1837 1940 2050 1988 tenebris

300 2021 464 2069 lumen
488 2022 709 2070 veritatis
732 2022 969 2086 implevit.
1009 2022 1248 2071 Exultant
1271 2028 1506 2086 parentes,
1532 2024 1817 2071 miraculum
1841 2023 2054 2086 populus

301 2104 656 2152 contremiscit:
708 2112 820 2169 post
860 2122 1004 2168 quam
1046 2104 1178 2152 diem
1214 2105 1285 2153 ita
1326 2122 1387 2152 ex
1427 2106 1602 2153 animis
1636 2105 1854 2153 omnium
1891 2105 2049 2161 suasio

301 2185 472 2249 iniqua
503 2186 662 2234 deleta
685 2193 772 2247 est,
797 2191 854 2235 ut
877 2186 1180 2236 sacerdotum
1203 2187 1472 2235 doctrinam
1497 2188 1776 2236 sitientibus
1800 2187 2049 2235 desideriis

300 2274 611 2317 sectarentur.

370 2351 656 2414 Compressa
690 2350 853 2414 itaque
885 2353 1201 2415 perversitate
1236 2352 1513 2411 damnabili,
1540 2354 1738 2416 ejusque
1774 2352 2049 2400 auctoribus

301 2434 574 2492 confutatis,
599 2438 746 2498 atque
770 2434 947 2482 animis
972 2435 1189 2483 omnium
1214 2435 1326 2482 fidei
1345 2435 1560 2498 puritate
1585 2434 1877 2498 compositis,
1898 2451 2047 2482 sacer-

300 2516 438 2563 dotes
461 2515 659 2563 beatum
677 2515 925 2563 Albanum
950 2522 1224 2578 martyrem,
1247 2516 1404 2565 acturi
1429 2516 1532 2564 Deo
1556 2533 1643 2579 per
1666 2516 1825 2579 ipsum
1850 2515 2048 2579 gratias,

299 2597 560 2661 petierunt,
593 2598 679 2645 ubi
713 2597 984 2646 Germanus
1020 2598 1237 2647 omnium
1275 2598 1617 2661 apostolorum,
1653 2598 2049 2661 diversorumque

300 2684 570 2741 martyrum
606 2695 766 2726 secum
804 2680 1030 2743 reliquias
1067 2681 1260 2740 habens,
1293 2681 1422 2728 facta
1458 2680 1674 2728 oratione
1703 2681 1852 2744 jussit
1883 2679 2048 2728 revelli

301 2761 588 2825 sepulcrum,
640 2762 852 2825 pretiosa
908 2763 1089 2810 ibidem
1143 2780 1343 2811 munera
1400 2763 1714 2811 conditurus²
1737 2780 1748 2822 ;
1808 2763 2049 2811 arbitrans

356 2883 371 2907 ¹
390 2885 493 2926 CAP.
513 2884 708 2937 XVIII.]
740 2885 784 2924 It
817 2885 853 2924 is
881 2886 969 2925 said
1000 2886 1058 2939 by
1086 2900 1140 2925 an

303 2953 556 2991 anonymous
582 2940 733 2979 author
753 2940 964 2989 (Leland's
987 2941 1139 2980 Collec-

302 2996 444 3043 tanea)
453 2995 548 3034 that
555 2995 786 3034 Germanus
796 2996 971 3034 founded
984 2995 1140 3035 schools

303 3063 455 3101 among
483 3049 554 3088 the
584 3050 773 3088 Britons:
807 3050 937 3088 under
966 3050 1138 3096 Dubric‚

1210 2887 1398 2926 Gallican
1425 2900 1498 2926 use
1525 2886 1687 2926 instead
1715 2887 1758 2926 of
1785 2886 1857 2925 the
1886 2886 2049 2925 Roman

1209 2941 1298 2980 into
1331 2942 1404 2980 the
1438 2941 1596 2981 British
1629 2942 1810 2994 liturgy3
1851 2941 1927 2979 but
1964 2941 2048 2979 this

1209 2996 1391 3044 Palmer,
1411 2996 1524 3048 Orig.
1548 2997 1708 3048 Liturg.
1728 2996 1757 3036 i.
1783 3003 1873 3046 177,
1893 2995 2048 3040 denies,

1210 3051 1355 3103 saying
1374 3051 1467 3090 that
1486 3052 1559 3090 the
1578 3051 1768 3090 Gallican
1788 3051 1944 3101 liturgy
1966 3063 2048 3089 was

1209 3105 1252 3143 in
1284 3119 1356 3144 use
1386 3106 1430 3144 in
1455 3106 1527 3145 the
1547 3106 1705 3145 British
1728 3105 1879 3144 church
1896 3105 2048 3143 before.

302 3104 549 3156 archbishop
560 3103 812 3153 oleandaff,
822 3104 986 3153 Daniel,
994 3105 1139 3157 bishop

303 3158 350 3197 of
359 3159 541 3210 Bangor,
557 3159 640 3198 and
657 3159 786 3207 Iltwt,
804 3163 850 3198 at
864 3159 1081 3198 Llaniltwt
1095 3160 1139 3198 in

304 3213 678 3265 GIamorganshire.
736 3213 806 3253 He
848 3213 883 3252 is
920 3214 1007 3253 also
1050 3214 1139 3253 said

305 3268 419 3320 (MS.
438 3268 612 3321 Cotton)
633 3273 677 3309 to
690 3268 798 3308 have
812 3268 1052 3308 introduced
1067 3269 1140 3308 the

1209 3159 1415 3211 Stillingfl.
1432 3174 1501 3212 pp.
1520 3171 1650 3213 299—3
1656 3158 1719 3209 56.

1263 3213 1279 3235 ²
1297 3215 1554 3267 conditurus]
1605 3214 1765 3254 Matth.
1812 3213 2047 3264 Florilegus

1209 3268 1304 3308 tells
1324 3282 1372 3309 us
1395 3269 1488 3309 that
1509 3269 1614 3317 Offa,
1630 3269 1732 3321 king
1750 3269 1797 3308 of
1811 3268 1985 3318 Mercia,
2003 3268 2048 3307 in
