2216 3554
302 159 399 205 396
1014 156 1241 220 Epistola
1273 159 1343 206 ad
1373 147 1376 149 ’

292 286 456 351 jussit,
492 304 647 351 neque
681 304 855 337 aurum
889 287 968 337 vel
1004 293 1272 352 argentum,
1298 291 1375 339 vel
1404 288 1591 354 aliquid
1625 291 1842 354 pecuniae
1866 295 2052 357 tempo-

299 370 414 420 ralis
452 371 511 418 ab
549 370 619 418 eis
658 370 834 434 quibus
870 371 1198 434 praedicabant
1231 373 1445 436 accipere
1485 373 1739 436 permisit:
1782 373 1902 437 quid
1936 390 2054 437 rogo

300 453 399 502 illis
422 453 509 517 qui
533 453 610 501 his
634 453 876 501 contraria
899 460 1076 518 gerunt
1099 454 1307 518 periculi
1330 454 1614 511 immineat?

370 552 415 595 4.
451 534 669 584 Attende
703 536 822 600 quid
861 535 1133 600 gravissimi
1179 537 1370 585 sceleris
1415 537 1492 584 illi
1524 536 1850 586 commiserint
1887 538 1971 601 qui
2006 541 2056 587 et

299 623 492 666 terrena
515 619 576 666 ab
600 618 906 666 auditoribus
931 618 1031 667 suis
1054 619 1188 667 lucra
1211 618 1579 684 diligentissime
1602 618 1862 683 requirere,
1887 625 1937 668 et
1965 634 2056 682 pro

299 718 468 749 eorum
493 700 648 749 salute
681 706 861 749 aeterna
896 700 1019 748 nihil
1051 700 1251 749 omnino
1283 701 1606 765 praedicando,
1629 702 1708 750 vel
1739 701 2055 759 exhortando,

298 784 378 832 vel
412 783 716 847 increpando,
749 783 930 831 laboris
966 783 1243 847 impendere
1274 785 1590 833 contendunt.
1662 783 1875 834 Sollicite
1911 788 2056 848 atque

299 866 567 915 intentione
603 866 805 925 curiosa,
837 866 1037 914 antistes
1070 865 1394 927 dilectissime,
1425 867 1684 930 perpende.
1755 864 2057 916 Audivimus

300 949 444 1008 enim,
470 954 519 997 et
554 950 684 997 fama
713 954 800 1009 est,
830 948 944 1012 quia
977 949 1144 997 multae
1177 948 1306 998 villae
1335 966 1390 998 ac
1424 949 1574 999 viculi
1606 954 1784 998 nostrae
1818 949 1977 1014 gentis
2004 949 2058 997 in

299 1031 547 1080 montibus
571 1031 669 1080 sint
693 1031 944 1080 inaccessis
968 1048 1021 1079 ac
1046 1031 1250 1079 saltibus
1273 1032 1488 1081 dumosis
1511 1033 1674 1096 positi,
1699 1032 1784 1081 ubi
1808 1049 2056 1096 nunquam

299 1114 468 1163 multis
491 1113 857 1162 transeuntibus
881 1113 1021 1161 annis
1046 1113 1112 1161 sit
1139 1113 1274 1163 visus
1306 1114 1522 1174 antistes,
1548 1113 1634 1178 qui
1665 1114 1846 1164 ibidem
1870 1113 2059 1178 aliquid

299 1196 558 1245 ministerii
600 1203 687 1246 aut
723 1195 893 1260 gratiae
933 1196 1133 1244 caelestis
1180 1196 1486 1258 exhibuerit3
1539 1214 1750 1262 quorum
1791 1203 1955 1246 tamen
1997 1213 2058 1245 ne

298 1297 424 1328 unus
449 1280 644 1344 quidem
667 1298 697 1329 a
720 1279 922 1329 tributis
946 1278 1158 1328 antistiti
1189 1279 1447 1329 reddendis
1471 1297 1573 1329 esse
1606 1280 1760 1343 possit
1791 1279 2053 1329 immunis:

299 1379 387 1411 nec
412 1363 570 1411 solum
588 1363 771 1412 talibus
794 1362 912 1411 locis
931 1362 1060 1411 desit
1083 1361 1286 1411 antistes
1305 1362 1390 1426 qui
1414 1379 1588 1411 manus
1610 1362 1919 1426 impositione
1941 1362 2058 1426 bap-

298 1447 472 1496 tizatos
509 1446 775 1507 confirmet,
807 1463 978 1495 verum
1014 1445 1161 1495 etiam
1197 1446 1355 1495 omnis
1391 1446 1561 1494 doctor
1597 1445 1683 1510 qui
1718 1462 1799 1494 eos
1834 1445 1911 1494 vel
1945 1445 2060 1494 fidei

299 1528 555 1578 veritatem
579 1531 658 1579 vel
681 1529 1021 1578 discretionem
1043 1529 1182 1578 bonae
1206 1546 1262 1577 ac
1290 1529 1429 1578 malae
1453 1529 1653 1578 actionis
1677 1529 1890 1588 edoceat,
1916 1527 2058 1578 absit.

300 1612 476 1677 Sicque
499 1611 571 1674 fit,
596 1617 653 1661 ut
676 1613 1009 1677 episcoporum
1029 1612 1228 1676 quidam
1253 1630 1351 1661 non
1375 1612 1532 1661 solum
1555 1611 1708 1677 gratis
1732 1629 1830 1660 non
1854 1628 2058 1676 evange-

298 1696 461 1756 lizent,
482 1696 559 1744 vel
583 1713 754 1745 manus
778 1694 1003 1744 fidelibus
1027 1695 1307 1760 imponant3
1345 1712 1514 1744 verum
1534 1695 1694 1755 etiam,
1715 1694 1845 1759 quod
1861 1695 2058 1758 gravius

298 1784 384 1839 est,
421 1783 615 1843 accepta
651 1779 713 1827 ab
748 1778 1052 1827 auditoribus
1087 1778 1188 1826 suis
1222 1778 1441 1842 pecunia,
1479 1794 1623 1841 quam
1668 1777 1907 1826 Dominus
1948 1794 2058 1841 pro-

298 1862 474 1923 hibuit,
512 1879 632 1926 opus
668 1861 804 1910 verbi
845 1861 975 1926 quod
1013 1861 1239 1910 dominus
1273 1859 1420 1924 jussit
1458 1876 1677 1909 exercere
1713 1864 2055 1910 contemnant:

299 1961 451 2008 quum
487 1945 593 1992 Deo
629 1943 834 1993 dilectus
869 1943 1091 2007 pontifex
1123 1943 1334 2004 Samuel,
1364 1944 1509 2008 longe
1543 1943 1687 1992 aliter
1721 1943 1889 1991 fecisse
1926 1943 2059 1991 omni

296 2028 476 2092 populo
523 2030 647 2075 teste
693 2026 896 2089 legatur.
993 2031 1005 2052 ‘
1020 2026 1193 2090 Itaque
1237 2023 1576 2085 conversatus,'
1621 2025 1783 2089 inquit
1798 2025 1831 2086 ¹,
1868 2029 1882 2053 ‘
1897 2043 2059 2074 coram

297 2109 434 2159 vobis
468 2110 528 2158 ab
574 2109 893 2158 adolescentia
933 2126 1040 2158 mea
1075 2126 1228 2174 usque
1277 2109 1340 2157 ad
1375 2108 1502 2157 diem
1552 2107 1688 2167 hanc,
1727 2125 1833 2157 ecce
1876 2114 2056 2172 praesto

298 2210 420 2252 sum,
455 2192 715 2257 loquimini
751 2192 812 2240 de
847 2209 923 2240 me
959 2209 1122 2241 coram
1159 2192 1383 2253 Domino,
1422 2196 1471 2241 et
1505 2208 1666 2240 coram
1703 2190 1902 2240 Christo
1937 2193 2057 2254 eius,

299 2280 470 2325 utrum
497 2276 668 2323 bovem
697 2275 901 2338 alicujus
933 2274 1145 2335 tulerim,
1171 2292 1234 2323 an
1265 2275 1471 2333 asinum,
1497 2275 1539 2323 si
1569 2273 1847 2340 quempiam
1877 2274 2059 2323 calum-

298 2359 462 2408 niatus
497 2376 619 2419 sum,
654 2359 695 2407 si
729 2357 948 2422 oppressi
981 2358 1205 2422 aliquem,
1231 2358 1273 2407 si
1301 2358 1361 2407 de
1390 2375 1538 2407 manu
1567 2360 1849 2422 cujusquam
1882 2373 2060 2406 munus

299 2441 488 2506 accepi:
538 2445 588 2490 et
634 2446 939 2490 contemnam
985 2441 1110 2489 illud
1160 2441 1319 2503 hodie,
1368 2440 1720 2506 restituamque
1766 2440 1918 2490 vobis.
1990 2440 2060 2489 Et

298 2523 558 2572 dixerunt:
610 2523 728 2572 Non
769 2540 819 2572 es
860 2523 1183 2572 calumniatus
1224 2541 1325 2584 nos,
1369 2541 1526 2588 neque
1567 2523 1865 2588 oppressisti,
1902 2539 2060 2587 neque

299 2605 459 2654 tulisti
495 2605 554 2653 de
589 2623 737 2655 manu
773 2605 976 2670 alicujus
1012 2606 1291 2671 quippiam!
1361 2607 1515 2671 Cujus
1549 2605 1837 2656 innocentiae
1872 2623 1927 2654 ac
1956 2608 2059 2669 jus-

298 2687 424 2738 titiae
449 2687 635 2749 merito,
659 2689 790 2736 inter
820 2688 1005 2751 primos
1036 2689 1207 2754 populi
1231 2689 1326 2739 Dei
1348 2690 1493 2738 duces
1525 2694 1574 2738 et
1606 2688 1875 2738 sacerdotes
1903 2704 2060 2737 annu-

299 2773 491 2832 merari,
527 2778 674 2836 atque
708 2772 761 2819 in
796 2773 1020 2837 precibus
1058 2774 1158 2823 suis
1196 2791 1404 2839 superno
1446 2773 1619 2822 auditu
1660 2777 1807 2836 atque
1847 2772 2059 2835 alloquio

301 2857 480 2920 dignus
527 2856 735 2905 existere
782 2857 975 2916 meruit,
1024 2856 1215 2906 dicente
1229 2858 1247 2884 ²
1293 2855 1702 2920 Psalmographo:
1744 2859 1755 2881 ‘
1771 2854 1964 2918 Moyses
2010 2857 2060 2903 et

301 2939 471 2988 Aaron
505 2939 558 2987 in
593 2939 923 2988 sacerdotibus
959 2942 1076 3003 ejus,
1112 2945 1162 2989 et
1204 2939 1400 2989 Samuel
1434 2939 1562 2987 inter
1597 2955 1677 2987 eos
1713 2936 1797 3001 qui
1834 2936 2061 2986 invocant

303 3039 478 3071 nomen
521 3022 639 3086 ejus,
675 3021 966 3070 invocabant
1007 3022 1274 3071 Dominum
1311 3027 1362 3070 et
1401 3021 1503 3085 ipse
1544 3019 1834 3069 exaudiebat
1874 3036 1968 3080 eos,
2005 3019 2059 3068 in

303 3105 530 3154 columna
565 3103 710 3154 nubis
745 3105 1035 3168 loquebatur
1068 3105 1131 3153 ad
1167 3103 1274 3154 eos.’

359 3241 374 3265 ¹
401 3242 558 3298 inquit]
583 3255 602 3283 1
625 3242 736 3284 Sam.
754 3242 829 3284 xii.
853 3253 944 3295 2-4.
1111 3240 1128 3265 ²
1155 3241 1328 3300 dicente]
1347 3241 1417 3282 Ps.
1437 3241 1546 3282 xcix.
1565 3239 1721 3294 [xcviii.
1740 3238 1884 3294 Vulg.]
1903 3238 1942 3286 6,
1966 3245 2002 3291 7.
