2216 3554
185 181 309 232 CAP.
329 178 497 249 XXIV]
821 179 987 228 Gentis
1021 177 1310 240 Anylo'rum.
1845 180 1941 225 365

253 315 397 363 Anno
423 325 448 376 7
462 331 482 362 1
497 330 517 361 1
547 311 794 361 Berctfrid
808 311 825 338 ¹
848 311 1101 378 praefectus
1126 326 1236 357 cum
1261 307 1418 356 Pictis
1443 308 1698 371 pugnavit.

254 398 398 446 Anno
431 398 527 460 716
562 394 718 444 Osred
732 395 750 422 ²
783 410 871 441 rex
900 391 1421 455 Nordanhymbrorum
1450 389 1748 448 interfectus,
1775 395 1823 437 et
1859 407 1946 438 rex

186 480 480 528 Merciorum
523 477 724 527 Ceolred
766 477 1025 525 defunctus
1047 492 1062 535 3
1102 478 1152 523 et
1190 473 1268 521 vir
1302 472 1505 520 Domini
1544 472 1814 534 Ecgberct³
1851 473 1945 520 Hi-

187 579 323 611 enses
369 561 624 610 monachos
669 560 732 608 ad
778 558 1068 607 catholicum
1115 555 1293 620 pascha
1333 560 1383 603 et
1431 554 1803 603 ecclesiasticam
1842 572 1944 603 cor-

187 644 318 693 rexit
351 650 616 693 tonsuram.
678 686 679 689 ,

256 726 400 774 Α11110
428 738 523 789 725
549 724 749 773 Victred
764 725 782 751 4
805 741 891 771 rex
916 721 1296 771 Cantuariorum
1321 720 1457 768 obiit.

255 808 402 857 Anno
441 821 537 871 729
575 807 806 856 cometae5
843 808 1186 869 apparuerunt,
1224 807 1420 852 sanctus
1456 803 1695 867 Ecgberct
1731 802 1943 852 transiit.

190 890 328 940 Osric
351 896 572 939 mortuus
597 896 683 938 est.

255 972 406 1021 Anno
456 986 550 1035 731
602 971 902 1029 Berctuald⁶
947 969 1336 1033 archiepiscopus
1384 968 1517 1017 obiit.
1589 965 1737 1016 Anno
1780 967 1948 1016 eodem

188 1055 390 1103 Tatuini
436 1059 741 1103 consecratus
788 1053 1178 1116 archiepiscopus
1224 1067 1380 1111 nonus
1441 1050 1830 1099 Doruuernensis
1874 1067 1947 1098 ec—

189 1137 357 1196 clesiae,
407 1136 686 1185 AEdilbaldo
742 1152 855 1198 rege
911 1135 1205 1184 Merciorum
1254 1134 1725 1199 quintumdecimum
1775 1139 1948 1198 agente

188 1237 370 1268 annum
407 1220 612 1284 imperii.

258 1381 378 1429 Haec
430 1380 490 1428 de
539 1379 765 1428 Historia
816 1379 1150 1428 Ecclesiastica
1209 1379 1578 1437 Brittaniarum,
1632 1383 1681 1427 et
1738 1378 1949 1427 maxime

151 1497 153 1499 -
189 1465 348 1528 gentis
372 1464 664 1526 Anglorum,
690 1456 839 1527 prout
863 1464 940 1511 vel
971 1480 1031 1512 ex
1066 1464 1243 1512 litteris
1274 1464 1599 1527 antiquorum,
1646 1475 1896 1531 conclusion:

188 1548 266 1596 vel
302 1564 362 1595 ex
396 1547 659 1595 traditione
694 1547 946 1609 majorum,
990 1547 1067 1594 vel
1104 1563 1164 1594 ex
1202 1564 1308 1594 mea
1348 1547 1452 1610 ipse
1488 1563 1599 1610 cog·
1623 1524 1925 1608 augssffss’fflgw

187 1629 374 1677 nitione
399 1628 520 1676 scire
543 1629 693 1691 potui,
717 1628 929 1677 Domino
953 1629 1214 1692 adjuvante
1239 1630 1415 1692 digessi
1439 1629 1605 1677 Baeda
1690 1623 1731 1657 of
1742 1622 1858 1658 Beda.

188 1711 396 1760 famulus
430 1710 616 1759 Christi
648 1714 698 1759 et
732 1712 983 1774 presbyter
1018 1711 1299 1760 monasterii
1331 1713 1585 1760 beatorum
1624 1706 1951 1772 apostolorum

189 1793 325 1842 Petri
348 1797 398 1841 et
423 1792 576 1851 Pauli,
603 1793 733 1855 quod
758 1797 829 1840 est
853 1793 915 1841 ad
938 1793 1259 1845 Viuraemuda
1284 1797 1333 1843 et
1357 1794 1648 1856 Ingyruum.

258 1875 357 1937 Qui
398 1878 543 1923 natus
579 1875 632 1921 in
667 1874 914 1923 territorio
951 1875 1167 1939 ejusdem
1202 1876 1499 1935 monasterii,
1537 1892 1646 1923 cum
1684 1887 1834 1928 essem
1869 1887 1951 1925 an-

189 1975 363 2007 norum
408 1961 617 2025 septem,
679 1975 795 2006 cura
853 1958 1239 2022 propinquorum
1299 1959 1440 2007 datus
1499 1975 1607 2007 sum
1693 1981 1867 2022 A.D.672.

191 2041 464 2090 educandus
527 2040 915 2088 reverentissimo
984 2041 1148 2089 abbati
1214 2041 1492 2100 Benedicto,
1553 2059 1608 2089 ac
1693 2038 1867 2078 A·D·⁶79·

190 2125 362 2173 deinde
399 2123 671 2184 Ceolfrid03
710 2129 1033 2187 cunctumque
1069 2140 1130 2172 ex
1163 2141 1218 2172 eo
1257 2128 1451 2187 tempus
1489 2123 1603 2172 vitae
1648 2124 1702 2170 in
1737 2122 1953 2186 ejusdem

191 2206 471 2256 monasterii
502 2205 806 2254 habitatione
840 2223 1087 2270 peragens,
1125 2224 1317 2255 omnem
1354 2206 1650 2255 meditandis
1687 2205 1952 2270 Scripturis

192 2306 386 2353 operam
433 2287 575 2336 dedi:
630 2291 778 2351 atque
825 2288 954 2336 inter
1001 2289 1356 2337 observantiam
1401 2289 1670 2352 disciplinae
1717 2288 1953 2353 regularis

191 2375 241 2420 et
273 2370 608 2434 quotidianam
633 2369 859 2417 cantandi
894 2369 947 2416 in
980 2370 1179 2418 ecclesia
1212 2387 1391 2430 curam,
1418 2387 1607 2434 semper
1639 2376 1724 2421 aut
1755 2351 1949 2429 discere,

191 2458 277 2502 aut
301 2453 484 2511 docere,
509 2458 596 2500 aut
620 2452 828 2500 scribere
853 2452 991 2500 dulce
1016 2452 1179 2500 habui.

261 2534 592 2582 Nonodecimo
632 2539 796 2582 autem
836 2535 950 2603 vitae
993 2550 1114 2582 meae
1151 2551 1276 2583 anno
1308 2535 1657 2596 ,diaconatum3
1707 2535 1952 2585 tricesimo

190 2616 398 2681 gradum
433 2616 806 2679 presbyteratus,
843 2622 1104 2681 utrumque
1146 2634 1233 2680 per
1273 2617 1603 2675 ministerium
1689 2652 1771 2680 M),
1791 2646 1865 2687 691,

190 2698 571 2747 reverentissimi
607 2698 818 2762 episcopi
853 2699 886 2747 J
889 2699 1105 2760 ohannis,
1131 2699 1333 2763 jubente
1363 2699 1605 2751 Ceolfrido
1687 2702 1768 2729 ΛΦ·
1787 2704 1860 2737 70²·

192 2780 379 2841 abbate,
405 2781 610 2850 suscepi.

260 2863 342 2911 Ex
366 2880 462 2927 quo
487 2867 709 2927 tempore
733 2863 916 2929 accepti
939 2865 1301 2929 presbyteratus
1325 2881 1478 2928 usque
1501 2865 1563 2914 ad
1587 2881 1768 2914 annum
1794 2862 1953 2913 aetatis

194 2961 312 2993 meae
349 2944 805 3012 quinquagesimum
839 2964 1037 3008 nonum,
1071 2946 1173 2996 haec
1214 2947 1266 2996 in
1300 2947 1606 3011 Scripturam
1691 2964 1773 2991 Aa).
1791 2964 1863 2998 731·

192 3032 406 3077 sanctam
441 3044 558 3076 meae
590 3045 903 3093 meorumque
937 3030 1213 3080 necessitati
1241 3047 1301 3078 ex
1338 3030 1582 3094 opusculis
1606 3027 1952 3079 venerabilium

247 3138 264 3162 1
293 3138 527 3193 Berctsrid]
558 3153 600 3191 p.
623 3140 716 3191 328,
736 3143 834 3181 note
853 3141 892 3183 8.
1160 3139 1176 3163 ¹
1194 3141 1337 3182 ‹Victre
1406 3157 1453 3195 -p.
1474 3142 1567 3192 358.

247 3193 265 3218 ²
295 3193 443 3246 owed]
472 3208 514 3247 P·
539 3195 631 3246 356·
1160 3196 1175 3220 ⁵
1201 3201 1358 3237 cometae
1411 3210 1451 3248 p.
1475 3208 1568 3248 359.

250 3249 266 3274 ³
293 3247 505 3304 Essyberct]
537 3263 578 3303 P·
601 3258 694 3304 357·
1158 3249 1174 3274 ⁶
1203 3250 1448 3304 Berctuald]
1479 3264 1519 3303 p.
1541 3261 1632 3305 359-
