2216 3554
124 200 247 250 CAP.
274 199 394 267 ΧΠ]
776 199 943 249 Gentis
978 196 1257 262 Anylorum.
1791 201 1886 246 163

845 372 991 422 CAP.
1027 371 1157 421 XII.

453 490 506 532 Ut
525 490 584 531 ad
602 489 781 531 tumbam
800 488 886 540 ejus
904 489 962 529 sit
972 488 1176 541 puerulus
1195 501 1222 528 a
1235 485 1351 539 febre
1370 491 1551 529 curatus.

193 597 469 653 SEQUENTE
493 596 665 645 dehinc
687 599 905 658 tempore
929 594 1025 643 fuit
1056 593 1108 641 in
1141 593 1308 642 eodem
1333 594 1626 643 monasterio
1652 596 1884 659 puerulus

125 680 326 744 quidam
359 680 505 743 longo
539 678 748 726 febrium
783 677 1086 726 incommodo
1122 677 1337 740 graviter
1371 683 1609 726 vexatus:
1650 678 1735 742 qui
1771 696 1883 727 cum

123 763 203 810 die
239 763 448 826 quodam
484 761 721 809 sollicitus
755 760 927 807 horam
955 758 1244 808 accessionis
1280 765 1599 822 exspectaret,
1635 760 1882 824 ingressus

123 846 187 893 ad
210 862 322 894 eum
348 844 541 908 quidam
568 844 626 891 de
649 843 881 891 fratribus
902 859 913 891 :
950 847 962 869 ‘
979 842 1098 901 Vis,'
1124 841 1306 905 inquit,
1333 846 1345 866 ‘
1364 842 1435 890 mi
1459 847 1586 902 nate,
1613 844 1812 891 doceam
1834 848 1884 892 te

123 928 366 990 quomodo
384 925 562 975 cureris
585 926 646 974 ab
669 926 816 989 hujus
839 925 1060 973 molestia
1079 924 1363 988 languoris?
1434 925 1604 988 Surge,
1625 925 1881 990 ingredere

122 1010 386 1068 ecclesiam,
410 1014 460 1058 et
477 1009 704 1057 accedens
722 1008 786 1056 ad
803 1008 1079 1071 sepulcrum
1099 1006 1316 1066 Osualdi,
1335 1006 1406 1055 ibi
1423 1007 1594 1068 reside,
1615 1014 1664 1057 et
1687 1008 1881 1072 quietus

123 1108 322 1140 manens
346 1091 535 1140 adhaere
559 1091 751 1140 tumbae.
824 1090 951 1139 Vide
985 1107 1045 1138 ne
1075 1106 1217 1138 exeas
1241 1090 1370 1149 inde,
1394 1107 1482 1139 nec
1506 1090 1565 1138 de
1589 1091 1694 1139 loco
1719 1109 1883 1140 move-

123 1174 234 1235 aris,
272 1174 422 1222 donec
454 1174 571 1222 hora
606 1172 889 1222 recessionis
923 1172 1134 1220 febrium
1168 1172 1434 1221 transierit.
1505 1173 1644 1222 Tunc
1673 1173 1776 1238 ipse
1802 1175 1879 1222 in-

123 1257 276 1316 trabo,
306 1261 357 1305 et
380 1257 580 1305 educam
603 1259 652 1304 te
676 1255 820 1304 inde!
890 1254 1027 1303 Fecit
1062 1258 1120 1303 ut
1155 1254 1239 1303 ille
1275 1259 1506 1316 suaserat,
1533 1256 1880 1322 sedentemque

122 1338 185 1386 ad
219 1339 439 1387 tumbam
473 1337 639 1396 sancti,
665 1337 926 1386 infirmitas
961 1342 1161 1400 tangere
1197 1354 1501 1402 nequaquam
1536 1340 1878 1403 praesumpsit;

124 1421 243 1484 quin
274 1421 325 1468 in
354 1424 550 1469 tantum
585 1420 763 1468 timens
791 1420 995 1484 aufugit,
1029 1424 1089 1468 ut
1122 1437 1208 1468 nec
1243 1421 1453 1469 secunda
1487 1420 1578 1480 die,
1605 1438 1692 1469 nec
1719 1422 1879 1482 tertia,

124 1520 283 1568 neque
306 1520 538 1566 umquam
571 1503 746 1550 exinde
776 1520 889 1550 eum
922 1503 1123 1559 auderet
1147 1503 1441 1566 contingere.
1513 1503 1657 1564 Quod
1682 1505 1752 1553 ita
1777 1521 1879 1554 esse

122 1592 316 1649 gestum
340 1585 425 1649 qui
446 1585 684 1634 referebat
707 1585 829 1632 mihi
852 1585 1008 1634 frater
1031 1586 1145 1633 inde
1169 1586 1432 1633 adveniens
1456 1586 1646 1649 adjecit,
1673 1588 1804 1651 quod
1823 1604 1878 1636 eo

122 1667 282 1715 adhuc
322 1673 539 1731 tempore
582 1684 678 1730 quo
721 1684 910 1715 mecum
950 1667 1257 1731 loquebatur,
1304 1673 1578 1731 superesset
1618 1668 1671 1715 in
1712 1670 1880 1718 eodem

122 1749 414 1798 monasterio
444 1752 546 1813 jam
576 1750 773 1813 juvenis
797 1750 894 1810 ille,
930 1750 982 1797 in
1006 1767 1102 1814 quo
1125 1754 1247 1799 tunc
1271 1767 1422 1814 puero
1448 1751 1633 1799 factum
1657 1756 1762 1799 erat
1785 1752 1877 1800 hoc

121 1831 405 1880 miraculum
428 1831 665 1881 sanitatis.
727 1832 830 1882 Nec
848 1832 1125 1880 mirandum
1144 1850 1309 1897 preces
1333 1833 1462 1897 regis
1486 1833 1617 1894 illius
1638 1836 1739 1896 jam
1765 1852 1876 1882 cum

122 1913 336 1963 Domino
382 1914 630 1977 regnantis
673 1914 884 1962 multum
924 1915 1085 1964 valere
1131 1916 1263 1979 apud
1308 1932 1421 1964 eum
1463 1916 1551 1980 qui
1596 1910 1880 1980 temporalis

121 1996 258 2060 regni
296 1998 542 2060 quondam
579 1997 909 2063 gubernacula
949 2002 1133 2058 tenens,
1174 1997 1330 2063 magis
1371 2015 1460 2061 pro
1504 2002 1688 2047 aeterno
1731 2016 1879 2065 regno

122 2095 309 2142 semper
331 2079 551 2128 laborare
574 2097 630 2128 ac
652 2079 900 2143 deprecari
925 2079 1123 2128 solebat.

190 2160 413 2226 Denique
429 2162 593 2211 ferunt
608 2163 721 2226 quia
739 2179 768 2210 a
786 2167 1006 2225 tempore
1025 2163 1279 2210 matutinae
1297 2161 1457 2211 laudis
1476 2163 1655 2226 saepius
1669 2164 1732 2211 ad
1747 2164 1879 2213 diem

122 2260 277 2307 usque
302 2245 352 2291 in
375 2245 677 2293 emtionibus
695 2244 979 2309 perstiterit,
998 2249 1145 2309 atque
1164 2246 1224 2293 ob
1242 2246 1466 2294 crebrum
1485 2263 1671 2294 morem
1690 2247 1877 2308 orandi,

123 2325 223 2373 sive
245 2326 426 2388 gratias
456 2328 634 2391 agendi
666 2328 883 2376 Domino
916 2345 1106 2391 semper
1134 2328 1434 2392 ubicumque
1467 2328 1651 2389 sedens,
1682 2330 1879 2393 supinas

124 2423 267 2470 super
289 2424 446 2471 genua
469 2426 556 2459 sua
579 2426 751 2459 manus
774 2409 950 2458 habere
975 2410 1149 2459 solitus
1173 2410 1252 2459 sit.
1311 2410 1580 2474 Vulgatum
1605 2417 1678 2460 est
1701 2419 1880 2473 autem,

124 2496 174 2538 et
210 2489 260 2536 in
294 2491 691 2540 consuetudinem
713 2492 962 2556 proverbii
986 2509 1192 2554 versum,
1219 2494 1351 2558 quod
1386 2494 1537 2543 etiam
1570 2495 1701 2544 inter
1732 2496 1886 2544 verba-

126 2572 357 2622 orationis
381 2573 535 2622 vitam
567 2574 767 2625 finierit.
837 2575 968 2624 Nam
1005 2593 1116 2624 cum
1151 2577 1301 2625 armis
1335 2582 1384 2626 et
1419 2577 1640 2626 hostibus
1676 2577 1881 2629 circum-

125 2658 306 2718 septus,
337 2656 630 2720 jamjamque
654 2656 841 2705 videret
875 2673 925 2705 se
957 2673 1059 2707 esse
1082 2658 1431 2723 perimendum,
1459 2660 1616 2708 oravit
1651 2677 1740 2724 pro
1777 2662 1880 2708 ani-

125 2738 296 2786 mabus
314 2738 555 2786 exercitus
573 2739 661 2787 sui.
722 2739 868 2787 Unde
885 2739 1055 2789 dicunt
1072 2739 1125 2788 in
1143 2741 1399 2804 proverbio
1417 2758 1428 2790 ε
1467 2746 1480 2769 ‘
1494 2743 1629 2792 Deus
1653 2744 1879 2792 miserere

125 2820 393 2878 animabus,
418 2820 546 2869 dixit
574 2820 757 2870 Osuald
782 2822 956 2870 cadens
979 2822 1033 2870 in
1055 2823 1264 2873 terram.'

196 2901 318 2950 Ossa
342 2901 499 2966 igitur
521 2903 652 2952 illius
675 2905 911 2953 translata
935 2911 985 2953 et
1009 2905 1204 2954 condita
1230 2913 1344 2956 sunt
1378 2907 1431 2955 in
1466 2907 1759 2956 monasterio
1784 2925 1882 2972 quo

126 2985 399 3033 diximus¹t
450 3002 595 3049 porro
632 2992 779 3050 caput
814 2991 865 3035 et
898 3004 1070 3038 manus
1111 3005 1221 3038 cum
1261 2990 1473 3040 brachiis
1508 3007 1537 3038 a
1562 3010 1744 3045 Oswald’s
1758 3009 1856 3045 head

127 3082 326 3129 corpore
360 3067 595 3131 praecisas,
626 3067 776 3131 jussit
809 3084 897 3117 rex
941 3069 1026 3134 qui
1066 3071 1318 3132 occiderat,
1361 3073 1415 3120 in
1454 3073 1540 3123 sti-
1573 3110 1590 3142 t
1604 3060 1680 3094 and
1695 3059 1817 3093 hands

1592 3108 1859 3143 tansferredto

127 3146 313 3212 pitibus
354 3149 598 3214 suspendi.
670 3150 778 3213 Quo
819 3155 930 3215 post
969 3169 1150 3202 annum
1183 3155 1384 3205 veniens
1425 3172 1534 3204 cum
1578 3158 1829 3194 Lindisfame.

498 3259 512 3283 ¹
541 3272 619 3312 quo
639 3259 846 3315 diximus]
874 3261 1082 3317 Bardney.
1138 3265 1216 3306 See
1234 3263 1316 3306 last
1335 3264 1518 3318 chapter.

960 3345 1001 3381 M
1031 3350 1055 3382 2
