2216 3554
323 198 385 244 62
896 194 1123 245 Historia
1156 196 1494 246 Ecclesiastica
1879 197 2014 269 [LIB.
2033 217 2066 253 1.

321 328 442 376 tales
465 326 766 387 conveniant,
793 328 878 392 qui
900 329 978 376 vel
1001 329 1053 376 in
1078 333 1311 393 provectu
1336 328 1550 378 ordinati
1578 329 1788 395 episcopi
1812 334 2068 396 gaudeant,

321 411 399 459 vel
422 427 511 474 pro
536 410 640 474 ejus
664 411 881 460 custodia
903 411 1223 475 omnipotenti
1248 413 1352 461 Deo
1377 430 1539 476 preces
1562 414 1743 476 pariter
1766 415 2000 463 fundant?

389 494 507 542 VII.
545 493 872 556 Interrogatio
896 493 1176 557 Augustini.
1247 499 1259 520 ‘
1278 495 1503 556 Qualiter
1533 497 1762 545 debemus
1800 514 1912 546 cum
1949 497 2067 546 Gal-

320 575 496 624 liarum
520 576 967 640 Brittaniammque
991 575 1226 640 episcopis
1251 594 1392 640 agere
1407 577 1451 626 2'

388 658 663 722 Respondit
689 657 967 722 Gregorius.
1042 658 1133 706 ‘In
1159 658 1429 708 Galliarum
1444 659 1733 724 1episoop0s
1766 662 1952 709 nullam
1976 661 2070 711 tibi

321 741 656 790 auctoritatem
725 739 1013 788 tribuimus:
1085 741 1200 805 quia
1257 743 1319 790 ab
1376 742 1592 807 antiquis
1661 744 2068 808 praedecessorum

320 840 538 873 meorum
593 823 892 887 temporibus
951 824 1154 887 pallium
1204 822 1503 874 Arelatensis
1560 826 1812 890 episcopus
1870 827 2069 891 accepit,

322 923 469 970 quem
503 923 589 955 nos
623 906 815 969 privare
857 906 1146 954 auctoritate
1182 914 1407 971 percepta
1453 908 1652 956 minime
1688 909 1931 958 debemus.
2018 909 2070 957 Si

323 988 479 1053 igitur
518 991 766 1052 contingat
811 994 869 1038 ut
902 989 1178 1038 fraternitas
1224 994 1311 1038 tua
1357 990 1419 1038 ad
1456 989 1727 1039 Galliarum
1773 992 2072 1056 provinciam

322 1075 552 1131 transeat,
577 1089 688 1120 cum
723 1073 891 1120 eodem
914 1070 1197 1120 Arelatense
1232 1072 1455 1136 episcopo
1491 1073 1635 1122 debet
1668 1091 1819 1138 agere,
1848 1076 2070 1138 qualiter,

322 1154 364 1202 si
400 1172 496 1218 qua
532 1160 647 1203 sunt
694 1155 747 1202 in
782 1155 1016 1218 episcopis
1061 1154 1196 1214 vitia,
1235 1155 1557 1218 corrigantur.
1628 1156 1726 1217 Qui
1762 1158 1802 1205 si
1848 1159 1974 1207 sorte
2020 1159 2074 1207 in

322 1237 584 1301 disciplinae
622 1238 805 1301 vigore>
830 1237 1026 1300 tepidus
1068 1237 1259 1297 existat,
1284 1240 1383 1285 tuae
1424 1237 1745 1287 fraternitatis
1777 1241 1877 1289 zelo
1909 1259 2072 1290 accen-

321 1319 507 1367 dendus
565 1325 650 1368 est.
724 1319 818 1369 Oui
875 1319 1023 1368 etiam
1080 1319 1342 1382 epistolas2
1399 1319 1616 1380 fecimus,
1664 1325 1721 1369 ut
1791 1340 1903 1371 cum
1971 1328 2071 1373 tuae

321 1401 591 1450 sanctitatis
614 1402 872 1465 praesentia
903 1402 956 1449 in
982 1401 1154 1450 Galliis
1185 1407 1235 1450 et
1267 1402 1370 1465 ipse
1405 1406 1510 1450 tota
1535 1406 1696 1451 mente
1732 1405 1999 1467 subveniat,
2025 1412 2075 1456 et

323 1499 432 1546 quae
472 1490 587 1533 sunt
628 1484 871 1533 Creatoris
911 1484 1068 1533 nostri
1103 1484 1319 1547 jussioni>
1349 1483 1603 1543 contraria,
1641 1486 1702 1534 ab
1743 1479 2074 1552 episcoporum

322 1566 539 1615 moribus
575 1572 857 1630 compescat.
927 1567 1041 1631 Ipse
1077 1571 1240 1615 autem
1276 1571 1415 1614 extra
1449 1566 1790 1616 auctoritatem
1826 1571 2075 1637 propriam

321 1648 568 1713 episcopos
605 1650 877 1699 Galliarum
904 1650 1122 1713 judicare
1160 1666 1258 1698 non
1287 1649 1503 1713 poteris-3
1541 1651 1625 1699 sed
1654 1652 1911 1711 suadendo,
1938 1654 2074 1702 blan-

322 1731 513 1792 diendo,
567 1734 693 1781 bona
752 1750 944 1798 quoque
1003 1750 1149 1796 opera
1206 1749 1373 1781 eorum
1433 1732 1698 1781 imitationi
1745 1703 2076 1796 mosmtrando,

322 1831 584 1878 pravorum
615 1821 800 1865 mentes
836 1817 898 1864 ad
922 1815 1193 1864 sanctitatis
1226 1815 1389 1863 studia
1417 1815 1628 1863 reforma
1647 1834 1656 1863 :
1673 1840 1679 1843 ·
1698 1817 1811 1880 quia
1842 1818 2074 1882 scriptum

323 1898 429 1945 est³
461 1898 515 1945 in
555 1898 707 1962 leger
729 1903 754 1925 “
772 1899 863 1947 Per
903 1898 1112 1946 alienam
1153 1913 1356 1945 messem
1394 1897 1647 1958 transiens,
1674 1899 1844 1948 falcem
1881 1902 2076 1951 mittere

323 1996 420 2027 non
453 1979 610 2039 debet,
635 1981 719 2029 sed
753 1998 902 2029 manu
926 1981 1080 2044 spicas
1117 1986 1364 2029 conterere
1397 1986 1447 2029 et
1479 1981 1812 2031 manducare.'’
1882 1984 2076 2032 Falcem

323 2065 455 2113 enim
474 2065 648 2128 judicii
680 2066 874 2114 mittere
898 2083 996 2113 non
1030 2069 1167 2129 potes
1195 2065 1248 2112 in
1273 2083 1329 2113 ea
1367 2070 1542 2128 segete,
1568 2083 1676 2130 quae
1708 2068 1848 2115 alteri
1881 2069 2076 2118 videtur

324 2165 425 2197 esse
450 2149 732 2209 commissa;
770 2149 854 2197 sed
877 2166 964 2212 per
987 2148 1212 2197 affectum
1236 2148 1351 2196 boni
1376 2149 1547 2212 operis,
1574 2150 1819 2199 frumenta
1834 2134 2077 2202 dominica

324 2230 557 2280 vitiorum
582 2248 780 2279 suorum
804 2232 955 2295 paleis
980 2231 1207 2294 exspolia,
1233 2235 1284 2280 et
1307 2231 1358 2279 in
1383 2232 1594 2281 ecclesiae
1618 2250 1814 2297 corpore
1838 2236 2076 2284 monendo

323 2318 374 2361 et
407 2313 756 2377 persuadendo
776 2313 915 2377 quasi
951 2314 1221 2362 mandendo
1263 2318 1500 2363 converte.
1573 2315 1819 2380 Quicquid
1854 2334 1968 2365 vero
2015 2335 2076 2367 ex

324 2396 614 2444 auctoritate
665 2396 907 2459 agendum
955 2401 1043 2456 est,
1091 2413 1200 2445 cum
1246 2397 1479 2461 praedicto
1525 2397 1809 2447 Arelatense
1856 2400 2078 2464 episcopo

323 2483 510 2542 agatur,
526 2495 587 2526 ne
611 2478 921 2542 praetermitti
945 2478 1098 2542 possit
1122 2479 1224 2539 hoc,
1245 2481 1374 2544 quod
1392 2480 1592 2545 antiqua
1614 2488 1804 2545 patrum
1831 2482 2076 2532 institutio

323 2561 528 2609 invenit.
599 2561 954 2611 Brittaniarum
1000 2579 1114 2610 vero
1150 2579 1316 2611 omnes
1352 2563 1602 2627 episcopos
1637 2567 1736 2613 tuae
1777 2564 2076 2614 fraternitati

325 2643 689 2703 committimus,
726 2649 785 2692 ut
831 2643 1014 2692 indocti
1049 2645 1327 2706 doceantur,
1363 2645 1548 2693 infirmi
1594 2647 1902 2712 persuasione
1937 2648 2077 2697 robo-

324 2729 508 2786 rentur,
533 2725 746 2789 perversi
768 2727 1058 2776 auctoritate
1086 2728 1391 2792 corrigantur
1406 2729 1451 2779 ⁴.’

379 2869 396 2894 ¹
420 2871 479 2911 In
514 2870 771 2923 Galliarum]
810 2871 939 2911 Grat-
967 2885 1063 2925 pars
1109 2873 1171 2913 II.
1283 2873 1298 2897 ¹
1325 2875 1602 2929 corriqantur]
1625 2877 1741 2917 Here
1759 2877 1833 2917 the
1854 2877 1974 2918 Paris
1993 2879 2075 2918 and

326 2939 437 2967 caus.
459 2939 555 2965 xxv.
576 2940 615 2978 q.
641 2938 674 2976 2,
702 2930 722 2974 ξ
744 2938 783 2975 3,
802 2941 841 2978 p.
863 2938 957 2979 903.
1228 2929 1499 2971 Benedictine
1527 2931 1619 2971 edd.
1649 2932 1790 2982 insert,
1813 2938 1823 2954 ‘
1838 2934 2075 2974 Obsecratio

381 2979 398 3002 ²
427 2980 510 3022 Cui
527 2982 655 3021 etiam
674 2981 879 3034 epistolas]
929 2981 1032 3021 This
1049 2982 1174 3021 letter
1227 2985 1469 3036 Augustini.
1527 2987 1706 3027 Obsecro
1734 2991 1782 3026 ut
1815 2988 2001 3039 reliquiae
2029 2989 2070 3028 S.

325 3037 362 3076 is
376 3036 503 3088 given
517 3036 660 3082 below,
675 3049 709 3076 c.
729 3036 800 3085 283
829 3036 1083 3076 whichfixes
1101 3038 1173 3076 the
1229 3039 1336 3078 Sixti
1355 3042 1550 3092 martyris
1573 3042 1690 3081 nobis
1708 3042 2073 3092 transmittantur,'

328 3092 428 3131 date
459 3091 508 3131 of
529 3091 645 3130 these
674 3091 888 3143 Responsa
914 3095 959 3130 to
986 3091 1038 3130 be
1065 3091 1172 3131 after
1226 3094 1329 3133 with
1358 3108 1383 3134 a
1415 3096 1656 3136 ‘Concessio
1684 3097 1900 3148 Gregorii:
1928 3101 1973 3137 to
2000 3098 2074 3137 the

327 3147 442 3186 June
471 3158 534 3192 22,
554 3157 641 3186 ΑΛ).
663 3145 756 3186 601.
813 3146 892 3185 See
911 3150 982 3185 too
1003 3150 1101 3186 note
1126 3150 1171 3186 at
1228 3149 1353 3189 effect
1390 3150 1484 3190 that
1516 3151 1570 3191 he
1599 3153 1675 3191 has
1712 3156 1803 3191 sent
1840 3152 1911 3191 the
1941 3152 2073 3199 relies,

328 3201 404 3241 the
420 3200 650 3253 beginning
669 3201 716 3240 of
727 3201 812 3241 this
832 3201 1015 3253 chapter.
1229 3203 1313 3242 and
1341 3204 1504 3245 advises
1531 3206 1627 3246 that
1655 3206 1692 3245 if
1704 3219 1758 3246 no
1787 3207 1975 3246 miracles
2003 3221 2074 3247 are

384 3256 399 3279 ³
426 3258 623 3309 scriptum
642 3256 716 3311 est]
737 3256 864 3297 Deut.
883 3255 1108 3309 xxiii..25.,
1229 3259 1419 3312 wrought
1465 3264 1531 3301 at.
1556 3261 1630 3302 the
1674 3263 1878 3314 supposed
1921 3262 2073 3310 shrine,
