2216 3554
149 195 271 245 Ost.
287 194 418 265 x1x.]
782 197 948 246 Gentis
982 195 1264 258 Anqzorum.
1806 200 1898 245 135

151 329 435 378 Severinum
469 345 643 393 papam
679 328 997 387 adduxerunt,
1022 331 1073 375 et
1100 343 1156 375 eo
1191 327 1250 375 de
1285 326 1375 375 hac
1409 327 1516 375 luce
1551 325 1804 389 migrante,
1829 342 1902 373 re-

149 412 340 475 ciproca
363 429 590 475 responsa
611 411 674 460 ad
697 428 752 460 ea
776 427 882 475 quae
905 409 1149 475 postulata
1172 409 1379 468 fuerant,
1406 408 1660 456 siluerunt.
1713 407 1902 468 Quibus

149 495 386 554 reseratis,
411 512 470 542 ne
504 495 591 543 diu
625 497 774 542 tantae
809 492 1090 556 quaestionis
1126 491 1278 555 caligo
1313 491 1584 539 indiscussa
1618 495 1901 546 remaneret,

147 579 416 642 reperimus
440 578 671 642 quosdam
705 575 968 638 provinciae
994 580 1169 623 vestrae
1197 579 1365 622 contra
1392 573 1711 622 orthodoxam
1742 572 1901 629 fidem,

149 677 324 708 novam
359 678 420 709 ex
447 659 600 708 veteri
633 658 855 710 haeresim
879 673 1115 705 renovare
1137 661 1377 715 conantes,
1403 656 1581 719 pascha
1605 662 1827 702 nostrum
1851 654 1903 701 in

150 759 246 806 quo
293 743 570 791 immolatus
616 745 690 789 est
731 740 967 798 Christus,
1016 739 1247 787 nebulosa
1286 739 1494 803 caligine
1535 738 1817 796 refutantes,
1854 741 1904 785 et

150 830 323 889 quarta
358 825 542 873 decima
576 824 691 871 luna
727 839 836 870 cum
874 822 1098 871 Hebraeis
1117 822 1133 849 ¹
1179 822 1418 871 celebrare
1463 820 1701 869 nitentes?
1795 818 1903 879 Quo

150 908 364 971 epistolae
386 905 625 971 principio
649 904 900 954 manifeste
924 905 1211 965 declaratur,
1230 910 1280 953 et
1303 903 1581 968 nuperrime
1604 901 1905 966 temporibus

151 991 247 1038 illis
296 991 418 1038 hanc
465 989 594 1052 apud
645 1004 726 1036 eos
774 987 995 1036 haeresim
1044 991 1272 1047 coortam,
1307 991 1357 1036 et
1408 1003 1507 1035 non
1547 991 1702 1035 totam
1738 1001 1905 1033 eorum

150 1080 357 1137 gentem,
384 1072 466 1120 sed
490 1071 721 1135 quosdam
745 1069 798 1117 in
822 1070 890 1118 eis
913 1070 1002 1118 hac
1026 1069 1172 1118 fuisse
1195 1070 1472 1133 implicitos.

219 1155 453 1219 Exposita
492 1160 655 1202 autem
696 1152 882 1200 ratione
928 1152 1166 1216 paschalis
1207 1151 1538 1210 observantiae,
1573 1150 1644 1199 ita
1678 1151 1737 1199 de
1774 1149 1906 1198 Pelas

149 1239 306 1302 gianis
340 1238 392 1285 in
426 1238 592 1285 eadem
621 1236 826 1299 epistola
855 1235 1102 1284 subdunt:
1141 1235 1236 1283 ‘Et
1258 1236 1349 1283 hoc
1373 1251 1565 1299 quoque
1653 1290 1702 1315 an
1705 1281 1732 1315 d
1745 1280 1813 1315 the

150 1321 477 1384 cognovimus,
514 1320 644 1383 quod
677 1318 811 1366 virus
846 1317 1123 1381 Pelagianae
1158 1317 1393 1366 haereseos
1427 1317 1560 1380 apud
1645 1329 1823 1372 Pelagian

150 1420 237 1452 vos
287 1404 444 1451 denuo
491 1402 766 1450 reviviscit:
818 1400 949 1465 quod
990 1399 1187 1448 omnino
1221 1399 1476 1448 hortamur
1509 1402 1567 1446 ut
1666 1379 1812 1422 heresy.

150 1503 180 1535 a
213 1486 387 1535 vestris
421 1485 665 1533 mentibus
698 1482 977 1546 hujusmodi
1011 1487 1303 1530 venenatum
1336 1479 1696 1545 superstitionis
1719 1478 1907 1527 facinus

149 1570 412 1617 auferatur.
482 1568 611 1617 Nam
647 1566 856 1630 qualiter
891 1565 995 1628 ipsa
1031 1581 1224 1628 quoque
1260 1565 1527 1613 execranda
1558 1562 1752 1611 haeresis
1776 1562 1907 1610 dam-

150 1655 266 1700 nata
314 1655 402 1710 est,
451 1650 602 1698 latere
650 1665 737 1698 vos
785 1664 882 1695 non
931 1648 1074 1695 debet
1090 1664 1104 1707 3
1157 1648 1272 1711 quia
1323 1664 1421 1694 non
1467 1646 1626 1694 solum
1666 1662 1754 1708 per
1788 1644 1908 1692 istos

149 1734 381 1781 ducentos
415 1749 568 1781 annos
603 1731 785 1780 abolita
819 1737 905 1790 est,
943 1730 1028 1778 sed
1075 1734 1126 1778 et
1165 1730 1388 1793 quotidie
1430 1745 1459 1776 a
1494 1728 1634 1777 nobis
1669 1730 1907 1791 perpetuo

148 1815 455 1864 anathemate
491 1814 682 1877 sepulta
717 1814 1010 1861 damnatur:
1049 1817 1098 1860 et
1133 1812 1398 1872 hortamur,
1435 1828 1496 1859 ne
1532 1827 1738 1875 quorum
1772 1826 1908 1857 arma

148 1899 397 1947 combusta
430 1902 557 1955 sunt,
583 1896 714 1960 apud
744 1913 828 1944 vos
857 1912 1026 1944 eorum
1050 1895 1232 1943 cineres
1257 1895 1564 1943 suscitentur.
1635 1893 1764 1943 Nam
1799 1892 1907 1955 quis

147 1998 244 2029 non
279 1986 527 2029 execretur
561 1979 824 2042 superbum
858 1995 1025 2027 eorum
1060 1994 1289 2026 conamen
1315 1981 1366 2025 et
1398 1976 1617 2039 impium,
1641 1973 1907 2023 dicentium

147 2079 284 2128 posse
308 2063 412 2111 sine
436 2065 629 2126 peccato
654 2060 899 2109 hominem
919 2060 1124 2109 existere
1148 2077 1204 2108 ex
1230 2059 1427 2123 propria
1449 2059 1716 2117 voluntate,
1737 2062 1786 2105 et
1809 2073 1908 2104 non

148 2162 209 2194 ex
243 2143 403 2208 gratia
437 2143 565 2191 Dei‘l
635 2142 704 2191 Et
737 2143 952 2206 primum
988 2142 1184 2206 quidem
1212 2140 1523 2205 blasphemiae
1547 2138 1907 2202 stultiloquium

149 2230 237 2286 est,
261 2226 418 2274 dicere
441 2242 541 2273 esse
564 2224 807 2273 hominem
833 2225 934 2274 sine
956 2230 1181 2289 peccat03
1219 2224 1351 2288 quod
1385 2222 1582 2271 omnino
1617 2239 1716 2269 non
1747 2224 1910 2284 potest

150 2309 246 2357 nisi
280 2325 406 2357 unus
441 2308 686 2357 Mediator
721 2308 815 2356 Dei
850 2315 900 2357 et
934 2308 1188 2356 hominum
1211 2307 1357 2355 homo
1394 2305 1620 2354 Christus
1655 2304 1687 2352 J
1692 2320 1798 2352 esus
1823 2304 1908 2366 qui

150 2391 254 2439 sine
278 2396 475 2454 peccato
499 2395 572 2439 est
596 2395 854 2455 conceptus
879 2397 927 2440 et
951 2395 1136 2455 partus.
1207 2390 1340 2437 Nam
1371 2388 1531 2436 caeteri
1553 2387 1772 2435 homines
1798 2403 1908 2435 cum

150 2478 345 2536 peccato
380 2473 605 2537 originali
641 2479 888 2522 nascentes
936 2471 1271 2522 testimonium
1318 2470 1734 2534 praevaricationis
1769 2469 1906 2525 Adae,

151 2555 300 2603 etiam
335 2554 438 2602 sine
473 2555 651 2604 actuali
687 2562 882 2619 peccato
925 2556 1202 2614 existentes,
1246 2558 1441 2617 portare
1487 2558 1789 2612 noscuntur3
1838 2567 1906 2599 se-

152 2637 363 2685 cundum
387 2637 672 2700 prophetam
696 2638 964 2686 dicentem:
1004 2637 1172 2685 “Ecce
1207 2635 1338 2684 enim
1361 2636 1414 2683 in
1437 2635 1777 2699 iniquitatibus
1798 2651 1906 2682 con-

152 2727 319 2783 ceptus
343 2735 451 2767 sum
475 2726 523 2767 et
547 2719 598 2766 in
621 2719 828 2783 peccatis
852 2719 1072 2783 concepit
1094 2736 1172 2767 me
1195 2723 1352 2767 mater
1374 2718 1522 2767 mea.”
1537 2716 1549 2735 '

208 2892 222 2916 ¹
251 2905 343 2933 cwm
380 2891 585 2944 Hebraeis]
637 2891 789 2940 Usher,
832 2905 872 2944 p.
905 2891 1000 2942 486,
1057 2893 1088 2933 J
1092 2892 1221 2932 ewish
1267 2892 1610 2932 Passover—and
1656 2904 1764 2930 were
1814 2902 1905 2928 now

152 2947 284 2987 shews
314 2946 410 2986 that
443 2947 514 2985 the
548 2947 731 2986 Romans
764 2947 863 2986 held
900 2950 943 2986 to
977 2960 1003 2987 a
1061 2947 1245 2999 blaming
1258 2946 1333 2986 the
1346 2947 1480 2987 Celtic
1493 2946 1655 2986 Church
1672 2943 1905 2984 forinclud·

152 3015 267 3041 more
294 3002 324 3042 J
327 3001 454 3040 ewish
484 3001 664 3053 practice
692 3001 796 3041 than
826 3001 899 3040 did
927 3001 1002 3042 the
1056 3002 1128 3055 ing
1146 3002 1230 3041 this
1249 3015 1400 3054 among
1425 3002 1498 3041 the
1527 3001 1706 3052 possible
1733 2999 1832 3050 days
1851 3011 1904 3036 on

153 3056 285 3096 Celtic
323 3055 515 3104 Church;
562 3055 722 3108 though
770 3056 870 3108 they
906 3069 1001 3109 pur·
1059 3057 1191 3097 which
1209 3057 1358 3096 Easter
1377 3058 1473 3108 Day
1492 3055 1628 3107 might
1647 3054 1732 3093 fall.

152 3111 293 3163 posely
330 3110 505 3150 avoided
541 3110 693 3163 letting
727 3111 876 3150 Easter
907 3111 1002 3163 Day
1111 3110 1128 3134 ²
1156 3111 1372 3164 dicentem]
1403 3112 1471 3151 Ps.
1488 3111 1531 3150 li.
1552 3121 1574 3160 5
1599 3109 1644 3159 (l.
1665 3119 1703 3159 5·
1723 3106 1885 3156 LXX)-

153 3165 229 3206 fau
266 3178 319 3205 on
356 3166 428 3205 the
471 3165 710 3205 fourteenth
751 3165 1002 3207 moon—the
