<?xml version="1.0" encoding="UTF-8"?>
<!DOCTYPE html PUBLIC "-//W3C//DTD XHTML 1.0 Transitional//EN"
    "http://www.w3.org/TR/xhtml1/DTD/xhtml1-transitional.dtd">
<html xmlns="http://www.w3.org/1999/xhtml" xml:lang="en" lang="en">
 <head>
  <title>
</title>
<meta http-equiv="Content-Type" content="text/html;charset=utf-8" />
  <meta name='ocr-system' content='tesseract 3.04.00' />
  <meta name='ocr-capabilities' content='ocr_page ocr_carea ocr_par ocr_line ocrx_word'/>
</head>
<body>
  <div class='ocr_page' id='page_1' title='image "./historiaecclesia00bedeuoft_0138.png"; bbox 0 0 2216 3554; ppageno 0'>
   <div class='ocr_carea' id='block_1_1' title="bbox 332 217 2071 287">
    <p class='ocr_par' dir='ltr' id='par_1_1' title="bbox 332 217 2071 287">
     <span class='ocr_line' id='line_1_1' title="bbox 332 217 2071 287; baseline 0 -17"><span class='ocrx_word' id='word_1_1' title='bbox 332 225 425 270; x_wconf 90' lang='grc'>106</span> <span class='ocrx_word' id='word_1_2' title='bbox 901 219 1128 269; x_wconf 75' lang='lat' dir='ltr'><em>Historia</em></span> <span class='ocrx_word' id='word_1_3' title='bbox 1161 219 1495 269; x_wconf 73' lang='lat' dir='ltr'>Ecclesiastica</span> <span class='ocrx_word' id='word_1_4' title='bbox 1859 217 1993 287; x_wconf 86' lang='lat' dir='ltr'>[L113.</span> <span class='ocrx_word' id='word_1_5' title='bbox 2014 235 2071 271; x_wconf 89' lang='lat'>11.</span> 
     </span>
    </p>
   </div>
   <div class='ocr_carea' id='block_1_2' title="bbox 1035 438 1373 490">
    <p class='ocr_par' dir='ltr' id='par_1_2' title="bbox 1035 438 1373 490">
     <span class='ocr_line' id='line_1_2' title="bbox 1035 438 1373 490; baseline -0.009 -1"><span class='ocrx_word' id='word_1_6' title='bbox 1035 438 1183 489; x_wconf 87' lang='lat' dir='ltr'>CAP.</span> <span class='ocrx_word' id='word_1_7' title='bbox 1221 438 1373 490; x_wconf 91' lang='lat' dir='ltr'><strong>VIII.</strong></span> 
     </span>
    </p>
   </div>
   <div class='ocr_carea' id='block_1_3' title="bbox 413 574 2004 630">
    <p class='ocr_par' dir='ltr' id='par_1_3' title="bbox 413 574 2004 630">
     <span class='ocr_line' id='line_1_3' title="bbox 413 574 2004 630; baseline -0.002 -13"><span class='ocrx_word' id='word_1_8' title='bbox 413 576 464 617; x_wconf 73' lang='lat' dir='ltr'>Ut</span> <span class='ocrx_word' id='word_1_9' title='bbox 482 575 727 630; x_wconf 73' lang='lat' dir='ltr'><em>Bonifatius</em></span> <span class='ocrx_word' id='word_1_10' title='bbox 744 590 858 630; x_wconf 81' lang='lat' dir='ltr'>papa</span> <span class='ocrx_word' id='word_1_11' title='bbox 875 576 911 617; x_wconf 92' lang='lat' dir='ltr'><em>J</em></span> <span class='ocrx_word' id='word_1_12' title='bbox 909 583 996 618; x_wconf 73' lang='lat' dir='ltr'>usto</span> <span class='ocrx_word' id='word_1_13' title='bbox 1014 577 1228 618; x_wconf 74' lang='lat' dir='ltr'><strong><em>successori</em></strong></span> <span class='ocrx_word' id='word_1_14' title='bbox 1247 578 1331 630; x_wconf 71' lang='lat' dir='ltr'>ejus</span> <span class='ocrx_word' id='word_1_15' title='bbox 1350 575 1530 628; x_wconf 79' lang='lat' dir='ltr'>pallium</span> <span class='ocrx_word' id='word_1_16' title='bbox 1551 579 1587 616; x_wconf 77' lang='lat' dir='ltr'>et</span> <span class='ocrx_word' id='word_1_17' title='bbox 1607 574 1816 627; x_wconf 79' lang='lat' dir='ltr'>epistolam</span> <span class='ocrx_word' id='word_1_18' title='bbox 1836 575 2004 616; x_wconf 79' lang='lat' dir='ltr'><strong><em>miserit.</em></strong></span> 
     </span>
    </p>
   </div>
   <div class='ocr_carea' id='block_1_4' title="bbox 335 697 2095 2003">
    <p class='ocr_par' dir='ltr' id='par_1_4' title="bbox 402 697 2080 767">
     <span class='ocr_line' id='line_1_4' title="bbox 402 697 2080 767; baseline -0.005 -14"><span class='ocrx_word' id='word_1_19' title='bbox 402 703 501 753; x_wconf 83' lang='lat' dir='ltr'>CUI</span> <span class='ocrx_word' id='word_1_20' title='bbox 526 703 691 753; x_wconf 90' lang='lat' dir='ltr'>statim</span> <span class='ocrx_word' id='word_1_21' title='bbox 711 702 937 752; x_wconf 89' lang='lat' dir='ltr'>successit</span> <span class='ocrx_word' id='word_1_22' title='bbox 955 703 1007 751; x_wconf 93' lang='lat' dir='ltr'>in</span> <span class='ocrx_word' id='word_1_23' title='bbox 1026 703 1360 767; x_wconf 87' lang='lat' dir='ltr'>pontificatum</span> <span class='ocrx_word' id='word_1_24' title='bbox 1379 703 1411 751; x_wconf 86' lang='lat' dir='ltr'><strong>J</strong></span> <span class='ocrx_word' id='word_1_25' title='bbox 1415 707 1565 761; x_wconf 88' lang='lat' dir='ltr'>ustus,</span> <span class='ocrx_word' id='word_1_26' title='bbox 1587 702 1671 765; x_wconf 89' lang='lat' dir='ltr'>qui</span> <span class='ocrx_word' id='word_1_27' title='bbox 1695 705 1800 749; x_wconf 89' lang='lat' dir='ltr'>erat</span> <span class='ocrx_word' id='word_1_28' title='bbox 1824 697 2080 748; x_wconf 87' lang='lat' dir='ltr'>Hrofensis</span> 
     </span>
    </p>

    <p class='ocr_par' dir='ltr' id='par_1_5' title="bbox 370 783 2081 874">
     <span class='ocr_line' id='line_1_5' title="bbox 370 783 2081 874; baseline -0.006 -38"><span class='ocrx_word' id='word_1_29' title='bbox 370 839 506 874; x_wconf 79' lang='lat' dir='ltr'>Justus</span> <span class='ocrx_word' id='word_1_30' title='bbox 532 839 639 874; x_wconf 82' lang='lat' dir='ltr'>arch-</span> <span class='ocrx_word' id='word_1_31' title='bbox 675 786 882 835; x_wconf 88' lang='lat' dir='ltr'>ecclesiae</span> <span class='ocrx_word' id='word_1_32' title='bbox 918 785 1178 849; x_wconf 73' lang='lat' dir='ltr'>episcopus</span> <span class='ocrx_word' id='word_1_33' title='bbox 1258 785 1342 834; x_wconf 89' lang='lat' dir='ltr'>Illi</span> <span class='ocrx_word' id='word_1_34' title='bbox 1371 789 1533 834; x_wconf 90' lang='lat' dir='ltr'>autem</span> <span class='ocrx_word' id='word_1_35' title='bbox 1565 784 1771 832; x_wconf 86' lang='lat' dir='ltr'>ecclesiae</span> <span class='ocrx_word' id='word_1_36' title='bbox 1808 783 2081 829; x_wconf 89' lang='lat' dir='ltr'>Romanum</span> 
     </span>
    </p>

    <p class='ocr_par' dir='ltr' id='par_1_6' title="bbox 405 862 2083 932">
     <span class='ocr_line' id='line_1_6' title="bbox 405 862 2083 932; baseline -0.006 -13"><span class='ocrx_word' id='word_1_37' title='bbox 405 865 539 931; x_wconf 71' lang='lat' dir='ltr'>bisho’p</span> <span class='ocrx_word' id='word_1_38' title='bbox 554 889 595 922; x_wconf 78' lang='lat'>01·</span> <span class='ocrx_word' id='word_1_39' title='bbox 674 885 763 932; x_wconf 90' lang='lat' dir='ltr'>pro</span> <span class='ocrx_word' id='word_1_40' title='bbox 799 885 848 916; x_wconf 91' lang='lat' dir='ltr'>se</span> <span class='ocrx_word' id='word_1_41' title='bbox 883 868 1178 916; x_wconf 89' lang='lat' dir='ltr'>consecravit</span> <span class='ocrx_word' id='word_1_42' title='bbox 1213 867 1503 931; x_wconf 90' lang='lat' dir='ltr'>episcopum,</span> <span class='ocrx_word' id='word_1_43' title='bbox 1543 867 1656 914; x_wconf 88' lang='lat' dir='ltr'>data</span> <span class='ocrx_word' id='word_1_44' title='bbox 1691 866 1785 914; x_wconf 84' lang='lat' dir='ltr'>sibi</span> <span class='ocrx_word' id='word_1_45' title='bbox 1826 862 2083 913; x_wconf 88' lang='lat' dir='ltr'>ordinandi</span> 
     </span>
    </p>

    <p class='ocr_par' dir='ltr' id='par_1_7' title="bbox 335 938 2085 1165">
     <span class='ocr_line' id='line_1_7' title="bbox 383 938 2082 1015; baseline -0.004 -15"><span class='ocrx_word' id='word_1_46' title='bbox 383 938 629 980; x_wconf 76' lang='lat' dir='ltr'>Canterbury.</span> <span class='ocrx_word' id='word_1_47' title='bbox 677 951 922 1015; x_wconf 90' lang='lat' dir='ltr'>episcopos</span> <span class='ocrx_word' id='word_1_48' title='bbox 940 950 1228 999; x_wconf 88' lang='lat' dir='ltr'>auctoritate</span> <span class='ocrx_word' id='word_1_49' title='bbox 1247 968 1276 999; x_wconf 89' lang='lat' dir='ltr'>a</span> <span class='ocrx_word' id='word_1_50' title='bbox 1291 950 1518 1013; x_wconf 87' lang='lat' dir='ltr'>pontifice</span> <span class='ocrx_word' id='word_1_51' title='bbox 1537 949 1797 1007; x_wconf 73' lang='lat' dir='ltr'>Bonifatio,</span> <span class='ocrx_word' id='word_1_52' title='bbox 1818 963 1960 1011; x_wconf 89' lang='lat' dir='ltr'>quem</span> <span class='ocrx_word' id='word_1_53' title='bbox 1979 962 2082 993; x_wconf 92' lang='lat' dir='ltr'>suc-</span> 
     </span>
     <span class='ocr_line' id='line_1_8' title="bbox 337 1028 2085 1096; baseline -0.004 -15"><span class='ocrx_word' id='word_1_54' title='bbox 337 1049 568 1081; x_wconf 77' lang='lat' dir='ltr'>cessorem</span> <span class='ocrx_word' id='word_1_55' title='bbox 593 1032 740 1081; x_wconf 84' lang='lat' dir='ltr'>fuisse</span> <span class='ocrx_word' id='word_1_56' title='bbox 765 1033 1034 1082; x_wconf 86' lang='lat' dir='ltr'>Deusdedit</span> <span class='ocrx_word' id='word_1_57' title='bbox 1066 1048 1212 1096; x_wconf 88' lang='lat' dir='ltr'>supra</span> <span class='ocrx_word' id='word_1_58' title='bbox 1235 1032 1571 1093; x_wconf 88' lang='lat' dir='ltr'>meminimus;</span> <span class='ocrx_word' id='word_1_59' title='bbox 1611 1031 1746 1095; x_wconf 89' lang='lat' dir='ltr'>cujus</span> <span class='ocrx_word' id='word_1_60' title='bbox 1779 1028 2085 1079; x_wconf 77' lang='lat' dir='ltr'>auctoritatis</span> 
     </span>
     <span class='ocr_line' id='line_1_9' title="bbox 335 1117 732 1165; baseline 0.003 -2"><span class='ocrx_word' id='word_1_61' title='bbox 335 1117 431 1165; x_wconf 89' lang='lat' dir='ltr'>ista</span> <span class='ocrx_word' id='word_1_62' title='bbox 453 1119 525 1163; x_wconf 91' lang='lat' dir='ltr'>est</span> <span class='ocrx_word' id='word_1_63' title='bbox 548 1117 703 1163; x_wconf 85' lang='lat' dir='ltr'>forma</span> <span class='ocrx_word' id='word_1_64' title='bbox 722 1131 732 1164; x_wconf 75' lang='grc' dir='ltr'><strong>ε</strong></span> 
     </span>
    </p>

    <p class='ocr_par' dir='ltr' id='par_1_8' title="bbox 338 1195 2095 2003">
     <span class='ocr_line' id='line_1_10' title="bbox 407 1195 2085 1257; baseline -0.002 -13"><span class='ocrx_word' id='word_1_65' title='bbox 407 1196 758 1246; x_wconf 78' lang='lat' dir='ltr'>‘Dilectissimo</span> <span class='ocrx_word' id='word_1_66' title='bbox 790 1196 932 1244; x_wconf 87' lang='lat' dir='ltr'>fratri</span> <span class='ocrx_word' id='word_1_67' title='bbox 963 1195 996 1244; x_wconf 86' lang='lat' dir='ltr'>J</span> <span class='ocrx_word' id='word_1_68' title='bbox 999 1199 1124 1256; x_wconf 89' lang='lat' dir='ltr'>usto,</span> <span class='ocrx_word' id='word_1_69' title='bbox 1159 1195 1447 1245; x_wconf 81' lang='lat' dir='ltr'>Bonifatius.</span> <span class='ocrx_word' id='word_1_70' title='bbox 1518 1196 1676 1257; x_wconf 82' lang='lat' dir='ltr'>Quam</span> <span class='ocrx_word' id='word_1_71' title='bbox 1708 1195 1894 1253; x_wconf 91' lang='lat' dir='ltr'>devote,</span> <span class='ocrx_word' id='word_1_72' title='bbox 1920 1209 2085 1257; x_wconf 88' lang='lat' dir='ltr'>quam-</span> 
     </span>
     <span class='ocr_line' id='line_1_11' title="bbox 339 1278 2089 1343; baseline -0.003 -16"><span class='ocrx_word' id='word_1_73' title='bbox 339 1295 432 1342; x_wconf 90' lang='lat' dir='ltr'>que</span> <span class='ocrx_word' id='word_1_74' title='bbox 467 1279 612 1327; x_wconf 90' lang='lat' dir='ltr'>etiam</span> <span class='ocrx_word' id='word_1_75' title='bbox 639 1279 903 1343; x_wconf 85' lang='lat' dir='ltr'>vigilanter</span> <span class='ocrx_word' id='word_1_76' title='bbox 938 1296 1026 1342; x_wconf 90' lang='lat' dir='ltr'>pro</span> <span class='ocrx_word' id='word_1_77' title='bbox 1063 1279 1248 1328; x_wconf 83' lang='lat' dir='ltr'>Christi</span> <span class='ocrx_word' id='word_1_78' title='bbox 1283 1278 1547 1341; x_wconf 87' lang='lat' dir='ltr'>Evangelio</span> <span class='ocrx_word' id='word_1_79' title='bbox 1583 1278 1898 1326; x_wconf 84' lang='lat' dir='ltr'>elaboraverit</span> <span class='ocrx_word' id='word_1_80' title='bbox 1928 1282 2089 1324; x_wconf 90' lang='lat' dir='ltr'>vestra</span> 
     </span>
     <span class='ocr_line' id='line_1_12' title="bbox 338 1358 2088 1424; baseline -0.002 -16"><span class='ocrx_word' id='word_1_81' title='bbox 338 1361 630 1420; x_wconf 83' lang='lat' dir='ltr'>fraternitas,</span> <span class='ocrx_word' id='word_1_82' title='bbox 677 1378 773 1409; x_wconf 90' lang='lat' dir='ltr'>non</span> <span class='ocrx_word' id='word_1_83' title='bbox 820 1361 975 1409; x_wconf 88' lang='lat' dir='ltr'>solum</span> <span class='ocrx_word' id='word_1_84' title='bbox 1010 1360 1228 1424; x_wconf 88' lang='lat' dir='ltr'>epistolae</span> <span class='ocrx_word' id='word_1_85' title='bbox 1270 1378 1300 1409; x_wconf 90' lang='lat' dir='ltr'>a</span> <span class='ocrx_word' id='word_1_86' title='bbox 1339 1361 1477 1410; x_wconf 89' lang='lat' dir='ltr'>vobis</span> <span class='ocrx_word' id='word_1_87' title='bbox 1515 1361 1709 1409; x_wconf 81' lang='lat' dir='ltr'>directae</span> <span class='ocrx_word' id='word_1_88' title='bbox 1748 1364 1902 1418; x_wconf 90' lang='lat' dir='ltr'>tenor,</span> <span class='ocrx_word' id='word_1_89' title='bbox 1940 1358 2088 1405; x_wconf 91' lang='lat' dir='ltr'>immo</span> 
     </span>
     <span class='ocr_line' id='line_1_13' title="bbox 340 1440 2089 1507; baseline -0.002 -17"><span class='ocrx_word' id='word_1_90' title='bbox 340 1443 530 1492; x_wconf 87' lang='lat' dir='ltr'>indulta</span> <span class='ocrx_word' id='word_1_91' title='bbox 576 1444 780 1506; x_wconf 89' lang='lat' dir='ltr'>desuper</span> <span class='ocrx_word' id='word_1_92' title='bbox 826 1443 960 1507; x_wconf 88' lang='lat' dir='ltr'>operi</span> <span class='ocrx_word' id='word_1_93' title='bbox 1001 1447 1160 1492; x_wconf 88' lang='lat' dir='ltr'>vestro</span> <span class='ocrx_word' id='word_1_94' title='bbox 1206 1443 1432 1507; x_wconf 85' lang='lat' dir='ltr'>perfectio</span> <span class='ocrx_word' id='word_1_95' title='bbox 1477 1442 1723 1491; x_wconf 87' lang='lat' dir='ltr'>indicavit.</span> <span class='ocrx_word' id='word_1_96' title='bbox 1811 1441 1914 1490; x_wconf 91' lang='lat' dir='ltr'>Nec</span> <span class='ocrx_word' id='word_1_97' title='bbox 1960 1440 2089 1488; x_wconf 86' lang='lat' dir='ltr'>enim</span> 
     </span>
     <span class='ocr_line' id='line_1_14' title="bbox 340 1522 2091 1589; baseline -0.002 -17"><span class='ocrx_word' id='word_1_98' title='bbox 340 1526 644 1589; x_wconf 87' lang='lat' dir='ltr'>omnipotens</span> <span class='ocrx_word' id='word_1_99' title='bbox 690 1527 836 1586; x_wconf 92' lang='lat' dir='ltr'>Deus,</span> <span class='ocrx_word' id='word_1_100' title='bbox 883 1531 969 1574; x_wconf 83' lang='lat' dir='ltr'>aut</span> <span class='ocrx_word' id='word_1_101' title='bbox 1020 1526 1095 1574; x_wconf 91' lang='lat' dir='ltr'>sui</span> <span class='ocrx_word' id='word_1_102' title='bbox 1141 1526 1351 1574; x_wconf 91' lang='lat' dir='ltr'>nominis</span> <span class='ocrx_word' id='word_1_103' title='bbox 1397 1531 1761 1584; x_wconf 85' lang='lat' dir='ltr'>sacramentum,</span> <span class='ocrx_word' id='word_1_104' title='bbox 1810 1529 1895 1572; x_wconf 91' lang='lat' dir='ltr'>aut</span> <span class='ocrx_word' id='word_1_105' title='bbox 1941 1522 2091 1572; x_wconf 89' lang='lat' dir='ltr'>vestri</span> 
     </span>
     <span class='ocr_line' id='line_1_15' title="bbox 340 1603 2093 1672; baseline -0.002 -17"><span class='ocrx_word' id='word_1_106' title='bbox 340 1608 556 1657; x_wconf 83' lang='lat' dir='ltr'>fructum</span> <span class='ocrx_word' id='word_1_107' title='bbox 603 1609 780 1657; x_wconf 85' lang='lat' dir='ltr'>laboris</span> <span class='ocrx_word' id='word_1_108' title='bbox 816 1608 1043 1668; x_wconf 89' lang='lat' dir='ltr'>deseruit,</span> <span class='ocrx_word' id='word_1_109' title='bbox 1089 1608 1205 1656; x_wconf 92' lang='lat' dir='ltr'>dum</span> <span class='ocrx_word' id='word_1_110' title='bbox 1251 1608 1354 1672; x_wconf 90' lang='lat' dir='ltr'>ipse</span> <span class='ocrx_word' id='word_1_111' title='bbox 1396 1608 1798 1672; x_wconf 77' lang='lat' dir='ltr'>praedicatoribus</span> <span class='ocrx_word' id='word_1_112' title='bbox 1839 1603 2093 1669; x_wconf 87' lang='lat' dir='ltr'>Evangelii</span> 
     </span>
     <span class='ocr_line' id='line_1_16' title="bbox 341 1687 2094 1755; baseline -0.003 -16"><span class='ocrx_word' id='word_1_113' title='bbox 341 1691 549 1740; x_wconf 83' lang='lat' dir='ltr'>fideliter</span> <span class='ocrx_word' id='word_1_114' title='bbox 572 1691 851 1755; x_wconf 90' lang='lat' dir='ltr'>repromisit</span> <span class='ocrx_word' id='word_1_115' title='bbox 867 1693 881 1718; x_wconf 88' lang='lat'>¹</span> <span class='ocrx_word' id='word_1_116' title='bbox 904 1709 914 1739; x_wconf 94' lang='lat'><strong>:</strong></span> <span class='ocrx_word' id='word_1_117' title='bbox 955 1696 983 1718; x_wconf 90' lang='lat'><strong>“</strong></span> <span class='ocrx_word' id='word_1_118' title='bbox 997 1691 1124 1740; x_wconf 85' lang='lat' dir='ltr'>Ecce</span> <span class='ocrx_word' id='word_1_119' title='bbox 1156 1707 1243 1754; x_wconf 89' lang='lat' dir='ltr'>ego</span> <span class='ocrx_word' id='word_1_120' title='bbox 1267 1690 1514 1740; x_wconf 92' lang='lat' dir='ltr'>vobiscum</span> <span class='ocrx_word' id='word_1_121' title='bbox 1539 1707 1645 1738; x_wconf 89' lang='lat' dir='ltr'>sum</span> <span class='ocrx_word' id='word_1_122' title='bbox 1676 1690 1900 1738; x_wconf 89' lang='lat' dir='ltr'>omnibus</span> <span class='ocrx_word' id='word_1_123' title='bbox 1924 1687 2094 1736; x_wconf 89' lang='lat' dir='ltr'>diebus</span> 
     </span>
     <span class='ocr_line' id='line_1_17' title="bbox 342 1771 2094 1839; baseline -0.003 -16"><span class='ocrx_word' id='word_1_124' title='bbox 342 1792 494 1839; x_wconf 90' lang='lat' dir='ltr'>usque</span> <span class='ocrx_word' id='word_1_125' title='bbox 531 1775 591 1823; x_wconf 87' lang='lat' dir='ltr'>ad</span> <span class='ocrx_word' id='word_1_126' title='bbox 632 1773 1092 1822; x_wconf 86' lang='lat' dir='ltr'>consummationem</span> <span class='ocrx_word' id='word_1_127' title='bbox 1126 1772 1329 1822; x_wconf 86' lang='lat' dir='ltr'>saeculi.&#39;&#39;</span> <span class='ocrx_word' id='word_1_128' title='bbox 1400 1773 1542 1834; x_wconf 80' lang='lat' dir='ltr'>Quod</span> <span class='ocrx_word' id='word_1_129' title='bbox 1570 1772 1843 1836; x_wconf 85' lang='lat' dir='ltr'>specialiter</span> <span class='ocrx_word' id='word_1_130' title='bbox 1876 1771 2094 1834; x_wconf 90' lang='lat' dir='ltr'>injuncto</span> 
     </span>
     <span class='ocr_line' id='line_1_18' title="bbox 342 1852 2095 1919; baseline -0.003 -14"><span class='ocrx_word' id='word_1_131' title='bbox 342 1857 481 1906; x_wconf 88' lang='lat' dir='ltr'>vobis</span> <span class='ocrx_word' id='word_1_132' title='bbox 529 1857 795 1905; x_wconf 89' lang='lat' dir='ltr'>ministerio</span> <span class='ocrx_word' id='word_1_133' title='bbox 842 1856 945 1919; x_wconf 87' lang='lat' dir='ltr'>ejus</span> <span class='ocrx_word' id='word_1_134' title='bbox 992 1856 1244 1904; x_wconf 90' lang='lat' dir='ltr'>clementia</span> <span class='ocrx_word' id='word_1_135' title='bbox 1285 1855 1648 1912; x_wconf 88' lang='lat' dir='ltr'>demonstravit,</span> <span class='ocrx_word' id='word_1_136' title='bbox 1687 1855 1908 1918; x_wconf 89' lang='lat' dir='ltr'>aperiens</span> <span class='ocrx_word' id='word_1_137' title='bbox 1950 1852 2095 1911; x_wconf 73' lang='lat' dir='ltr'>corda</span> 
     </span>
     <span class='ocr_line' id='line_1_19' title="bbox 344 1936 2095 2003; baseline -0.003 -15"><span class='ocrx_word' id='word_1_138' title='bbox 344 1940 563 2003; x_wconf 88' lang='lat' dir='ltr'>gentium</span> <span class='ocrx_word' id='word_1_139' title='bbox 597 1939 660 1987; x_wconf 89' lang='lat' dir='ltr'>ad</span> <span class='ocrx_word' id='word_1_140' title='bbox 686 1939 1049 2002; x_wconf 83' lang='lat' dir='ltr'>suscipiendum</span> <span class='ocrx_word' id='word_1_141' title='bbox 1072 1938 1432 2002; x_wconf 78' lang='lat' dir='ltr'>praedicationis</span> <span class='ocrx_word' id='word_1_142' title='bbox 1455 1941 1630 1986; x_wconf 83' lang='lat' dir='ltr'>vestrae</span> <span class='ocrx_word' id='word_1_143' title='bbox 1655 1936 1894 2000; x_wconf 90' lang='lat' dir='ltr'>singulare</span> <span class='ocrx_word' id='word_1_144' title='bbox 1919 1940 2095 1998; x_wconf 89' lang='lat' dir='ltr'>myste-</span> 
     </span>
    </p>
   </div>
   <div class='ocr_carea' id='block_1_5' title="bbox 261 2018 2095 2084">
    <p class='ocr_par' dir='ltr' id='par_1_9' title="bbox 261 2018 2095 2084">
     <span class='ocr_line' id='line_1_20' title="bbox 261 2018 2095 2084; baseline -0.003 -14"><span class='ocrx_word' id='word_1_145' title='bbox 261 2052 264 2055; x_wconf 92' lang='lat'><em>-</em></span> <span class='ocrx_word' id='word_1_146' title='bbox 345 2023 489 2071; x_wconf 87' lang='lat' dir='ltr'>rium.</span> <span class='ocrx_word' id='word_1_147' title='bbox 559 2022 739 2084; x_wconf 86' lang='lat' dir='ltr'>Magno</span> <span class='ocrx_word' id='word_1_148' title='bbox 771 2021 1121 2084; x_wconf 82' lang='lat' dir='ltr'>enimpraemio</span> <span class='ocrx_word' id='word_1_149' title='bbox 1145 2021 1446 2084; x_wconf 88' lang='lat' dir='ltr'>fastigiorum</span> <span class='ocrx_word' id='word_1_150' title='bbox 1470 2026 1742 2068; x_wconf 89' lang='lat' dir='ltr'>vestrorum</span> <span class='ocrx_word' id='word_1_151' title='bbox 1767 2018 2095 2067; x_wconf 80' lang='lat' dir='ltr'>delectabilem</span> 
     </span>
    </p>
   </div>
   <div class='ocr_carea' id='block_1_6' title="bbox 345 2101 2107 2989">
    <p class='ocr_par' dir='ltr' id='par_1_10' title="bbox 345 2101 2107 2989">
     <span class='ocr_line' id='line_1_21' title="bbox 345 2101 2096 2168; baseline -0.002 -16"><span class='ocrx_word' id='word_1_152' title='bbox 345 2121 550 2164; x_wconf 88' lang='lat' dir='ltr'>cursum,</span> <span class='ocrx_word' id='word_1_153' title='bbox 569 2103 804 2152; x_wconf 90' lang='lat' dir='ltr'>bonitatis</span> <span class='ocrx_word' id='word_1_154' title='bbox 822 2120 920 2151; x_wconf 88' lang='lat' dir='ltr'>suae</span> <span class='ocrx_word' id='word_1_155' title='bbox 944 2102 1186 2168; x_wconf 87' lang='lat' dir='ltr'>suffragiis</span> <span class='ocrx_word' id='word_1_156' title='bbox 1209 2103 1487 2162; x_wconf 87' lang='lat' dir='ltr'>illustravit,</span> <span class='ocrx_word' id='word_1_157' title='bbox 1507 2103 1624 2150; x_wconf 91' lang='lat' dir='ltr'>dum</span> <span class='ocrx_word' id='word_1_158' title='bbox 1648 2101 1942 2150; x_wconf 89' lang='lat' dir='ltr'>creditorum</span> <span class='ocrx_word' id='word_1_159' title='bbox 1960 2101 2096 2149; x_wconf 91' lang='lat' dir='ltr'>vobis</span> 
     </span>
     <span class='ocr_line' id='line_1_22' title="bbox 345 2183 2096 2250; baseline -0.002 -15"><span class='ocrx_word' id='word_1_160' title='bbox 345 2187 640 2235; x_wconf 84' lang='lat' dir='ltr'>talentorum</span> <span class='ocrx_word' id='word_1_161' title='bbox 669 2185 962 2234; x_wconf 88' lang='lat' dir='ltr'>fidelissimae</span> <span class='ocrx_word' id='word_1_162' title='bbox 994 2185 1333 2250; x_wconf 85' lang='lat' dir='ltr'>negotiationis</span> <span class='ocrx_word' id='word_1_163' title='bbox 1362 2185 1527 2234; x_wconf 88' lang='lat' dir='ltr'>officiis</span> <span class='ocrx_word' id='word_1_164' title='bbox 1548 2186 1744 2233; x_wconf 86' lang='lat' dir='ltr'>uberem</span> <span class='ocrx_word' id='word_1_165' title='bbox 1767 2184 1979 2232; x_wconf 90' lang='lat' dir='ltr'>fructum</span> <span class='ocrx_word' id='word_1_166' title='bbox 2004 2183 2096 2231; x_wconf 92' lang='lat' dir='ltr'>im-</span> 
     </span>
     <span class='ocr_line' id='line_1_23' title="bbox 347 2265 2099 2332; baseline -0.001 -16"><span class='ocrx_word' id='word_1_167' title='bbox 347 2268 559 2332; x_wconf 87' lang='lat' dir='ltr'>pendens</span> <span class='ocrx_word' id='word_1_168' title='bbox 594 2268 639 2316; x_wconf 87' lang='lat' dir='ltr'>ei</span> <span class='ocrx_word' id='word_1_169' title='bbox 677 2265 838 2332; x_wconf 84' lang='lat' dir='ltr'>qu0d2</span> <span class='ocrx_word' id='word_1_170' title='bbox 872 2268 1064 2332; x_wconf 85' lang='lat' dir='ltr'>signare</span> <span class='ocrx_word' id='word_1_171' title='bbox 1098 2268 1302 2332; x_wconf 90' lang='lat' dir='ltr'>possetis</span> <span class='ocrx_word' id='word_1_172' title='bbox 1339 2266 1674 2330; x_wconf 87' lang='lat' dir='ltr'>multiplicatis</span> <span class='ocrx_word' id='word_1_173' title='bbox 1710 2267 2099 2329; x_wconf 84' lang='lat' dir='ltr'>generationibus</span> 
     </span>
     <span class='ocr_line' id='line_1_24' title="bbox 347 2348 2096 2414; baseline -0.002 -17"><span class='ocrx_word' id='word_1_174' title='bbox 347 2349 654 2414; x_wconf 88' lang='lat' dir='ltr'>praeparavit.</span> <span class='ocrx_word' id='word_1_175' title='bbox 727 2350 928 2413; x_wconf 91' lang='lat' dir='ltr'>Hocque</span> <span class='ocrx_word' id='word_1_176' title='bbox 953 2349 1100 2398; x_wconf 87' lang='lat' dir='ltr'>etiam</span> <span class='ocrx_word' id='word_1_177' title='bbox 1122 2349 1205 2397; x_wconf 92' lang='lat' dir='ltr'>illa</span> <span class='ocrx_word' id='word_1_178' title='bbox 1228 2349 1367 2398; x_wconf 92' lang='lat' dir='ltr'>vobis</span> <span class='ocrx_word' id='word_1_179' title='bbox 1398 2349 1733 2413; x_wconf 88' lang='lat' dir='ltr'>repensatione</span> <span class='ocrx_word' id='word_1_180' title='bbox 1758 2348 1987 2396; x_wconf 85' lang='lat' dir='ltr'>collatum</span> <span class='ocrx_word' id='word_1_181' title='bbox 2011 2353 2096 2406; x_wconf 88' lang='lat' dir='ltr'>est,</span> 
     </span>
     <span class='ocr_line' id='line_1_25' title="bbox 350 2429 2100 2496; baseline -0.002 -16"><span class='ocrx_word' id='word_1_182' title='bbox 350 2450 446 2496; x_wconf 86' lang='lat' dir='ltr'>qua</span> <span class='ocrx_word' id='word_1_183' title='bbox 480 2432 700 2495; x_wconf 85' lang='lat' dir='ltr'>injuncto</span> <span class='ocrx_word' id='word_1_184' title='bbox 731 2431 1001 2480; x_wconf 88' lang='lat' dir='ltr'>ministerio</span> <span class='ocrx_word' id='word_1_185' title='bbox 1031 2431 1217 2495; x_wconf 87' lang='lat' dir='ltr'>jugiter</span> <span class='ocrx_word' id='word_1_186' title='bbox 1243 2431 1570 2496; x_wconf 78' lang='lat' dir='ltr'>persistenteS,</span> <span class='ocrx_word' id='word_1_187' title='bbox 1599 2430 1833 2479; x_wconf 87' lang='lat' dir='ltr'>laudabili</span> <span class='ocrx_word' id='word_1_188' title='bbox 1863 2429 2100 2493; x_wconf 86' lang='lat' dir='ltr'>patientia</span> 
     </span>
     <span class='ocr_line' id='line_1_26' title="bbox 350 2511 2101 2578; baseline -0.003 -15"><span class='ocrx_word' id='word_1_189' title='bbox 350 2515 729 2578; x_wconf 87' lang='lat' dir='ltr'>redemptionem</span> <span class='ocrx_word' id='word_1_190' title='bbox 752 2514 910 2577; x_wconf 89' lang='lat' dir='ltr'>gentis</span> <span class='ocrx_word' id='word_1_191' title='bbox 941 2513 1073 2563; x_wconf 92' lang='lat' dir='ltr'>illius</span> <span class='ocrx_word' id='word_1_192' title='bbox 1106 2514 1432 2577; x_wconf 89' lang='lat' dir='ltr'>exspectastis,</span> <span class='ocrx_word' id='word_1_193' title='bbox 1458 2517 1507 2562; x_wconf 90' lang='lat' dir='ltr'>et</span> <span class='ocrx_word' id='word_1_194' title='bbox 1530 2512 1704 2561; x_wconf 89' lang='lat' dir='ltr'>vestris</span> <span class='ocrx_word' id='word_1_195' title='bbox 1727 2518 1783 2561; x_wconf 87' lang='lat' dir='ltr'>ut</span> <span class='ocrx_word' id='word_1_196' title='bbox 1815 2511 2101 2575; x_wconf 82' lang='lat' dir='ltr'>proficerent</span> 
     </span>
     <span class='ocr_line' id='line_1_27' title="bbox 352 2591 2103 2660; baseline -0.003 -15"><span class='ocrx_word' id='word_1_197' title='bbox 352 2596 553 2655; x_wconf 87' lang='lat' dir='ltr'>meritis,</span> <span class='ocrx_word' id='word_1_198' title='bbox 572 2614 736 2644; x_wconf 91' lang='lat' dir='ltr'>eorum</span> <span class='ocrx_word' id='word_1_199' title='bbox 760 2602 833 2644; x_wconf 89' lang='lat' dir='ltr'>est</span> <span class='ocrx_word' id='word_1_200' title='bbox 856 2596 1058 2645; x_wconf 89' lang='lat' dir='ltr'>salvatio</span> <span class='ocrx_word' id='word_1_201' title='bbox 1077 2597 1331 2660; x_wconf 87' lang='lat' dir='ltr'>propinata</span> <span class='ocrx_word' id='word_1_202' title='bbox 1345 2596 1362 2623; x_wconf 80' lang='lat'>³</span> <span class='ocrx_word' id='word_1_203' title='bbox 1381 2613 1395 2657; x_wconf 78' lang='lat'>3</span> <span class='ocrx_word' id='word_1_204' title='bbox 1431 2596 1620 2644; x_wconf 82' lang='lat' dir='ltr'>dicente</span> <span class='ocrx_word' id='word_1_205' title='bbox 1645 2593 1856 2642; x_wconf 91' lang='lat' dir='ltr'>Domino</span> <span class='ocrx_word' id='word_1_206' title='bbox 1870 2594 1888 2619; x_wconf 79' lang='lat'>⁴¹</span> <span class='ocrx_word' id='word_1_207' title='bbox 1910 2610 1921 2642; x_wconf 71' lang='grc' dir='ltr'>ε</span> <span class='ocrx_word' id='word_1_208' title='bbox 1960 2597 1987 2619; x_wconf 87' lang='grc'><strong>“</strong></span> <span class='ocrx_word' id='word_1_209' title='bbox 2004 2591 2103 2654; x_wconf 81' lang='lat' dir='ltr'>Qui</span> 
     </span>
     <span class='ocr_line' id='line_1_28' title="bbox 352 2674 2101 2745; baseline -0.004 -16"><span class='ocrx_word' id='word_1_210' title='bbox 352 2679 732 2745; x_wconf 86' lang='lat' dir='ltr'>perseveraverit</span> <span class='ocrx_word' id='word_1_211' title='bbox 768 2696 920 2743; x_wconf 88' lang='lat' dir='ltr'>usque</span> <span class='ocrx_word' id='word_1_212' title='bbox 957 2679 1004 2726; x_wconf 89' lang='lat' dir='ltr'>in</span> <span class='ocrx_word' id='word_1_213' title='bbox 1043 2678 1201 2740; x_wconf 91' lang='lat' dir='ltr'>finem,</span> <span class='ocrx_word' id='word_1_214' title='bbox 1238 2679 1317 2727; x_wconf 91' lang='lat' dir='ltr'>hic</span> <span class='ocrx_word' id='word_1_215' title='bbox 1352 2678 1512 2728; x_wconf 89' lang='lat' dir='ltr'>salvus</span> <span class='ocrx_word' id='word_1_216' title='bbox 1547 2677 1680 2727; x_wconf 87' lang='lat' dir='ltr'>erit.&#39;’</span> <span class='ocrx_word' id='word_1_217' title='bbox 1767 2674 1954 2725; x_wconf 87' lang='lat' dir='ltr'>Salvati</span> <span class='ocrx_word' id='word_1_218' title='bbox 1988 2691 2101 2739; x_wconf 88' lang='lat' dir='ltr'>ergo</span> 
     </span>
     <span class='ocr_line' id='line_1_29' title="bbox 354 2757 2103 2825; baseline -0.005 -14"><span class='ocrx_word' id='word_1_219' title='bbox 354 2763 470 2812; x_wconf 89' lang='lat' dir='ltr'>estis</span> <span class='ocrx_word' id='word_1_220' title='bbox 510 2778 595 2825; x_wconf 89' lang='lat' dir='ltr'>spe</span> <span class='ocrx_word' id='word_1_221' title='bbox 635 2760 898 2825; x_wconf 86' lang='lat' dir='ltr'>patientiae,</span> <span class='ocrx_word' id='word_1_222' title='bbox 934 2766 984 2809; x_wconf 91' lang='lat' dir='ltr'>et</span> <span class='ocrx_word' id='word_1_223' title='bbox 1020 2761 1290 2809; x_wconf 83' lang='lat' dir='ltr'>tolerantiae</span> <span class='ocrx_word' id='word_1_224' title='bbox 1329 2761 1527 2820; x_wconf 75' lang='lat' dir='ltr'>virtute,</span> <span class='ocrx_word' id='word_1_225' title='bbox 1563 2764 1620 2808; x_wconf 93' lang='lat' dir='ltr'>ut</span> <span class='ocrx_word' id='word_1_226' title='bbox 1656 2758 1922 2807; x_wconf 88' lang='lat' dir='ltr'>infidelium</span> <span class='ocrx_word' id='word_1_227' title='bbox 1957 2757 2103 2806; x_wconf 85' lang='lat' dir='ltr'>corda</span> 
     </span>
     <span class='ocr_line' id='line_1_30' title="bbox 354 2841 2107 2908; baseline -0.006 -13"><span class='ocrx_word' id='word_1_228' title='bbox 354 2845 564 2895; x_wconf 83' lang='lat' dir='ltr'>naturali</span> <span class='ocrx_word' id='word_1_229' title='bbox 610 2861 664 2892; x_wconf 87' lang='lat' dir='ltr'>ac</span> <span class='ocrx_word' id='word_1_230' title='bbox 710 2843 1043 2907; x_wconf 90' lang='lat' dir='ltr'>superstitioso</span> <span class='ocrx_word' id='word_1_231' title='bbox 1090 2843 1257 2892; x_wconf 90' lang='lat' dir='ltr'>morbo</span> <span class='ocrx_word' id='word_1_232' title='bbox 1302 2849 1525 2908; x_wconf 84' lang='lat' dir='ltr'>purgata,</span> <span class='ocrx_word' id='word_1_233' title='bbox 1573 2842 1648 2891; x_wconf 86' lang='lat' dir='ltr'>sui</span> <span class='ocrx_word' id='word_1_234' title='bbox 1699 2841 2107 2904; x_wconf 87' lang='lat' dir='ltr'>consequerentur</span> 
     </span>
     <span class='ocr_line' id='line_1_31' title="bbox 356 2918 2106 2989; baseline -0.006 -13"><span class='ocrx_word' id='word_1_235' title='bbox 356 2926 734 2976; x_wconf 89' lang='lat' dir='ltr'>misericordiam</span> <span class='ocrx_word' id='word_1_236' title='bbox 786 2925 1062 2974; x_wconf 78' lang='lat' dir='ltr'>SalvatoriS.</span> <span class='ocrx_word' id='word_1_237' title='bbox 1156 2924 1402 2989; x_wconf 85' lang='lat' dir='ltr'>Susceptis</span> <span class='ocrx_word' id='word_1_238' title='bbox 1461 2940 1670 2988; x_wconf 88' lang='lat' dir='ltr'>namque</span> <span class='ocrx_word' id='word_1_239' title='bbox 1720 2922 1936 2986; x_wconf 88' lang='lat' dir='ltr'>apicibus</span> <span class='ocrx_word' id='word_1_240' title='bbox 1951 2922 1968 2947; x_wconf 83' lang='lat'><strong>⁵</strong></span> <span class='ocrx_word' id='word_1_241' title='bbox 2015 2918 2106 2967; x_wconf 88' lang='lat' dir='ltr'>filii</span> 
     </span>
    </p>
   </div>
   <div class='ocr_carea' id='block_1_7' title="bbox 358 3060 2109 3339">
    <p class='ocr_par' dir='ltr' id='par_1_11' title="bbox 410 3060 2018 3119">
     <span class='ocr_line' id='line_1_32' title="bbox 410 3060 2018 3119; baseline -0.007 -11"><span class='ocrx_word' id='word_1_242' title='bbox 410 3068 425 3091; x_wconf 85' lang='lat'>¹</span> <span class='ocrx_word' id='word_1_243' title='bbox 443 3065 692 3119; x_wconf 76' lang='lat' dir='ltr'>repromisit]</span> <span class='ocrx_word' id='word_1_244' title='bbox 715 3064 843 3103; x_wconf 88' lang='lat' dir='ltr'>Matt.</span> <span class='ocrx_word' id='word_1_245' title='bbox 861 3062 1006 3102; x_wconf 81' lang='lat' dir='ltr'>xxviii.</span> <span class='ocrx_word' id='word_1_246' title='bbox 1030 3075 1094 3104; x_wconf 90' lang='lat'>20.</span> <span class='ocrx_word' id='word_1_247' title='bbox 1311 3062 1328 3086; x_wconf 78' lang='lat'><strong>⁴</strong></span> <span class='ocrx_word' id='word_1_248' title='bbox 1346 3064 1501 3103; x_wconf 78' lang='lat' dir='ltr'>dicente</span> <span class='ocrx_word' id='word_1_249' title='bbox 1521 3060 1720 3113; x_wconf 83' lang='lat' dir='ltr'>Domino]</span> <span class='ocrx_word' id='word_1_250' title='bbox 1742 3060 1872 3100; x_wconf 83' lang='lat' dir='ltr'>Matt.</span> <span class='ocrx_word' id='word_1_251' title='bbox 1891 3072 1932 3099; x_wconf 85' lang='lat' dir='ltr'>x.</span> <span class='ocrx_word' id='word_1_252' title='bbox 1954 3069 2018 3097; x_wconf 82' lang='lat'>22.</span> 
     </span>
    </p>

    <p class='ocr_par' dir='ltr' id='par_1_12' title="bbox 358 3112 2109 3339">
     <span class='ocr_line' id='line_1_33' title="bbox 410 3112 2109 3174; baseline -0.005 -11"><span class='ocrx_word' id='word_1_253' title='bbox 410 3122 427 3146; x_wconf 77' lang='lat'>²</span> <span class='ocrx_word' id='word_1_254' title='bbox 446 3123 484 3163; x_wconf 86' lang='lat' dir='ltr'>ei</span> <span class='ocrx_word' id='word_1_255' title='bbox 515 3121 621 3174; x_wconf 78' lang='lat' dir='ltr'>quod</span> <span class='ocrx_word' id='word_1_256' title='bbox 650 3151 660 3161; x_wconf 92' lang='lat'><strong>.</strong></span> <span class='ocrx_word' id='word_1_257' title='bbox 692 3150 701 3160; x_wconf 94' lang='lat'><strong><em>.</em></strong></span> <span class='ocrx_word' id='word_1_258' title='bbox 731 3150 742 3160; x_wconf 91' lang='lat'>.</span> <span class='ocrx_word' id='word_1_259' title='bbox 765 3118 1041 3171; x_wconf 69' lang='lat' dir='ltr'>praeparavit]</span> <span class='ocrx_word' id='word_1_260' title='bbox 1124 3124 1134 3140; x_wconf 90' lang='lat'><strong>‘</strong></span> <span class='ocrx_word' id='word_1_261' title='bbox 1148 3118 1203 3157; x_wconf 85' lang='lat' dir='ltr'>he</span> <span class='ocrx_word' id='word_1_262' title='bbox 1315 3119 1331 3143; x_wconf 81' lang='lat'>⁵</span> <span class='ocrx_word' id='word_1_263' title='bbox 1347 3117 1554 3171; x_wconf 80' lang='lat' dir='ltr'>apicibus]</span> <span class='ocrx_word' id='word_1_264' title='bbox 1626 3115 1839 3156; x_wconf 61' lang='lat' dir='ltr'>‘Lettersl</span> <span class='ocrx_word' id='word_1_265' title='bbox 1894 3114 1948 3153; x_wconf 91' lang='lat' dir='ltr'>So</span> <span class='ocrx_word' id='word_1_266' title='bbox 2007 3112 2109 3152; x_wconf 81' lang='lat' dir='ltr'>used</span> 
     </span>
     <span class='ocr_line' id='line_1_34' title="bbox 358 3168 2107 3246; baseline -0.007 -28"><span class='ocrx_word' id='word_1_267' title='bbox 358 3178 463 3241; x_wconf 63' lang='lat' dir='ltr'>hatli</span> <span class='ocrx_word' id='word_1_268' title='bbox 495 3175 695 3246; x_wconf 64' lang='lat' dir='ltr'>prepared</span> <span class='ocrx_word' id='word_1_269' title='bbox 721 3174 787 3213; x_wconf 87' lang='lat' dir='ltr'>for</span> <span class='ocrx_word' id='word_1_270' title='bbox 815 3186 920 3227; x_wconf 83' lang='lat' dir='ltr'>your</span> <span class='ocrx_word' id='word_1_271' title='bbox 948 3173 1075 3225; x_wconf 87' lang='lat' dir='ltr'>being</span> <span class='ocrx_word' id='word_1_272' title='bbox 1111 3173 1204 3213; x_wconf 82' lang='lat' dir='ltr'>able</span> <span class='ocrx_word' id='word_1_273' title='bbox 1260 3172 1346 3236; x_wconf 75' lang='lat' dir='ltr'>also</span> <span class='ocrx_word' id='word_1_274' title='bbox 1383 3174 1441 3226; x_wconf 84' lang='lat' dir='ltr'>by</span> <span class='ocrx_word' id='word_1_275' title='bbox 1478 3171 1672 3213; x_wconf 85' lang='lat' dir='ltr'>Sidonius</span> <span class='ocrx_word' id='word_1_276' title='bbox 1700 3169 1968 3222; x_wconf 79' lang='lat' dir='ltr'>Apollinaris,</span> <span class='ocrx_word' id='word_1_277' title='bbox 2000 3168 2107 3220; x_wconf 86' lang='lat' dir='ltr'>Epp.</span> 
     </span>
     <span class='ocr_line' id='line_1_35' title="bbox 361 3228 1376 3339; baseline -0.009 -11"><span class='ocrx_word' id='word_1_278' title='bbox 361 3238 404 3272; x_wconf 57' lang='grc' dir='ltr'>ω</span> <span class='ocrx_word' id='word_1_279' title='bbox 415 3230 697 3339; x_wconf 51' lang='grc' dir='ltr'>ἒέῗιῖῗῖἧαῗῗιῗ</span> <span class='ocrx_word' id='word_1_280' title='bbox 715 3279 1073 3324; x_wconf 76' lang='lat' dir='ltr'>‘Administered.’</span> <span class='ocrx_word' id='word_1_281' title='bbox 1261 3241 1317 3268; x_wconf 50' lang='grc' dir='ltr'>ἠ’</span> <span class='ocrx_word' id='word_1_282' title='bbox 1338 3228 1376 3267; x_wconf 76' lang='lat'>8‘</span> 
     </span>
    </p>
   </div>
  </div>
 </body>
</html>
