2216 3554
217 217 337 266 CAP.
364 212 494 282 XIX]
836 215 1002 265 Gentis
1034 214 1323 277 Anylo‘mm.
1870 221 1973 266 3391

213 349 468 413 legeretur,
493 351 695 396 ventum
730 350 803 395 est
837 347 899 394 ad
934 346 1093 394 locum
1117 345 1202 393 ubi
1237 344 1471 408 scriptum
1501 350 1634 394 erat:
1682 350 1693 371 ‘
1710 346 1965 409 Vilfridus,

152 459 157 464 -
214 431 320 479 Deo
361 430 580 479 amabilis
622 430 870 493 episcopus
907 428 1139 479 Eboracae
1182 426 1409 486 civitatis,
1448 428 1758 490 apostolicam
1806 431 1968 478 sedem

214 514 274 561 de
306 530 394 562 sua
417 530 559 562 causa
589 512 848 576 appellanS‚
875 514 925 559 et
953 510 1013 558 ab
1037 510 1125 558 hac
1148 512 1388 572 potestate
1412 508 1471 557 de
1507 509 1652 558 certis
1676 510 1968 575 incertisque

213 595 356 645 rebus
402 594 679 654 absolutuS,'
719 598 768 642 et
809 597 982 641 caetera
1020 609 1128 657 quae
1168 608 1316 655 supra
1357 591 1624 654 posuimus.
1699 593 1843 653 Quod
1881 594 1969 642 ubi

213 678 394 727 lectum
431 682 517 737 est,
560 683 729 741 stupor
767 675 1084 740 adprehendit
1130 675 1382 723 audientes
1398 691 1410 733 3
1471 678 1521 722 et
1569 675 1742 723 silente
1788 676 1967 724 lectore

213 767 458 823 coeperunt
505 761 795 808 alterutrum
835 758 1083 821 requirere
1125 757 1235 821 quis
1283 760 1411 804 esset
1457 755 1540 804 ille
1577 757 1817 806 Vilfridus
1865 760 1966 821 epi-

213 860 397 907 scopus.
469 843 606 890 Tunc
654 840 927 889 Bonifatius
968 839 1272 888 consiliarius
1309 839 1561 902 apostolici
1601 857 1755 904 papae,
1798 848 1846 889 et
1883 841 1967 889 alii

210 927 459 989 perplures
501 925 584 988 qui
621 941 734 972 eum
770 923 1071 988 temporibus
1110 923 1382 987 Agathonis
1428 939 1566 986 papae
1613 924 1684 971 ibi
1727 925 1964 983 viderant,

212 1009 435 1057 dicebant
482 1009 642 1072 ipsum
683 1023 784 1054 esse
825 1006 1099 1070 episcopum
1148 1005 1233 1069 qui
1275 1022 1431 1069 nuper
1466 1006 1674 1054 Romam
1715 1013 1967 1056 accusatus

212 1109 240 1140 a
287 1091 385 1139 suis
431 1094 576 1155 atque
617 1091 677 1138 ab
719 1089 981 1153 apostolica
1021 1089 1131 1137 sede
1163 1087 1454 1152 judicandus
1495 1088 1775 1139 advenerit:
1826 1095 1837 1116 ‘
1855 1091 1969 1154 quia

206 1175 521 1237 jamdudum,'
570 1172 816 1236 inquiunt,
866 1177 877 1198 ‘
897 1189 1031 1235 aeque
1080 1176 1333 1220 accusatus
1378 1171 1475 1220 huc
1530 1172 1803 1232 adveniens,
1851 1191 1967 1222 mox

210 1257 379 1305 audita
427 1273 482 1305 ac
528 1255 794 1318 dijudicata
840 1271 983 1302 causa
1030 1258 1078 1302 et
1128 1254 1455 1302 controversia
1499 1255 1752 1318 utriusque
1798 1258 1970 1320 partis,

210 1357 240 1388 a
285 1340 437 1388 beatae
486 1338 727 1386 memoriae
766 1355 892 1401 papa
929 1335 1189 1400 Agathone
1229 1337 1463 1400 probatus
1502 1341 1574 1385 est
1619 1345 1787 1386 contra
1826 1340 1898 1388 fas
1939 1359 1968 1387 a

210 1439 296 1470 suo
343 1422 622 1486 episcopatu
670 1421 927 1483 repulsus3
977 1425 1027 1468 et
1067 1420 1196 1468 tanti
1233 1420 1363 1483 apud
1402 1437 1513 1467 eum
1550 1420 1747 1469 habitus
1785 1426 1871 1482 est,
1910 1429 1968 1471 ut

210 1505 371 1568 ipsum
405 1505 457 1551 in
493 1503 695 1552 concilio
730 1503 860 1567 quod
897 1506 1211 1567 congregarat
1246 1502 1595 1566 episcoporum,
1633 1504 1769 1567 quasi
1802 1505 1963 1553 virum

210 1586 500 1650 incorruptae
534 1586 646 1633 fidei
683 1589 732 1633 et
773 1584 922 1633 animi
964 1583 1107 1647 probi
1142 1584 1350 1632 residere
1392 1584 1704 1649 praeciperet.'
1777 1587 1967 1648 Quibus

209 1669 401 1728 auditis,
445 1669 669 1716 dicebant
715 1684 879 1715 omnes
925 1684 1023 1715 una
1069 1684 1179 1715 cum
1226 1667 1331 1731 ipso
1378 1667 1620 1731 pontifice,
1728 1719 1777 1743 an
1780 1709 1804 1743 d
1828 1710 1860 1744 is

209 1751 370 1800 virum
427 1755 576 1800 tantae
634 1749 940 1799 auctoritatis
1000 1750 1086 1813 qui
1132 1766 1221 1813 per
1267 1750 1592 1813 quadraginta
1607 1751 1623 1777 1
1693 1759 1897 1802 acquitted,

208 1850 360 1899 prope
418 1849 569 1882 annos
630 1833 908 1896 episcopatu
955 1831 1260 1894 fungebatur,
1320 1849 1623 1896 nequaquam
1708 1824 1793 1851 Aa).
1810 1827 1883 1858 704.

208 1924 431 1973 damnari
478 1924 665 1982 debere,
704 1923 788 1971 sed
835 1922 895 1970 ad
938 1922 1188 1984 integrum
1230 1922 1386 1986 culpis
1432 1924 1792 1972 accusationum
1829 1924 1967 1972 abso-

208 2009 369 2057 lutum
403 2007 612 2071 patriam
649 2023 758 2053 cum
794 2005 976 2053 honore
1010 2005 1203 2053 reverti.

278 2090 376 2150 Qui
400 2107 508 2138 cum
532 2087 824 2137 Brittaniam
849 2103 1066 2135 remeans
1099 2087 1153 2135 in
1179 2079 1449 2136 Galliarum
1484 2093 1647 2152 partes
1679 2089 1965 2149 devenisset,

207 2179 368 2222 tactus
415 2176 489 2220 est
534 2171 820 2219 infirmitate
865 2169 1131 2233 repentina,
1184 2175 1233 2218 et
1279 2188 1336 2219 ea
1383 2176 1624 2220 crescente
1699 2211 1891 2246 Fallssiek

208 2255 327 2303 adeo
384 2270 590 2319 pressus,
637 2257 695 2301 ut
752 2269 908 2315 neque
967 2269 1088 2316 equo
1147 2253 1258 2301 vehi
1314 2260 1491 2317 posset,
1541 2254 1624 2302 sed
1688 2262 1729 2295 at
1746 2260 1903 2300 Meaux;

209 2337 433 2385 manibus
471 2336 805 2384 ministrorum
848 2340 1128 2397 portaretur
1168 2335 1220 2382 in
1259 2337 1473 2400 grabato.
1548 2336 1626 2385 Sic
1697 2319 1791 2357 [A‘D‘
1814 2321 1900 2360 ⁷⁰5‘]

209 2421 396 2468 delatus
420 2419 473 2466 in
493 2414 767 2466 Maeldum2
787 2417 1035 2465 civitatem
1050 2416 1239 2477 Galliae,
1259 2424 1469 2481 quatuor
1486 2419 1655 2467 diebus
1673 2436 1728 2467 ac
1746 2419 1969 2467 noctibus

211 2503 349 2567 quasi
394 2507 616 2549 mortuus
657 2500 862 2563 jacebat,
911 2499 1069 2547 halitu
1116 2504 1311 2549 tantum
1358 2502 1585 2565 pertenui
1632 2502 1746 2565 quia
1782 2501 1969 2550 viveret

211 2587 559 2634 demonstrans
631 2582 851 2645 Cumque
899 2581 970 2638 ita
1017 2582 1119 2630 sine
1167 2583 1274 2631 cibo
1322 2588 1373 2631 et
1426 2589 1559 2647 potU,
1609 2584 1711 2633 sine
1757 2602 1872 2633 voce
1921 2588 1969 2632 et

145 2723 147 2725 ¹
210 2668 380 2715 auditu
417 2666 676 2731 quatriduo
714 2670 1058 2728 perseveraret,
1084 2665 1257 2729 quinta
1289 2667 1482 2714 demum
1518 2667 1840 2716 inlucescente
1875 2668 1970 2728 die,-

212 2749 350 2813 quasi
373 2749 433 2797 de
455 2748 592 2812 gravi
617 2753 929 2810 experrectus
967 2763 1134 2795 somno
1159 2764 1423 2812 exsurgens
1447 2749 1655 2810 resedit3
1693 2743 1969 2814 apertisque

210 2832 376 2890 oculis,
424 2831 550 2879 vidit
597 2830 724 2878 circa
771 2846 821 2878 se
870 2829 1039 2878 choros
1086 2830 1400 2893 psallentium
1459 2832 1602 2880 simul
1648 2838 1699 2881 et
1745 2834 1966 2881 flentium

209 2916 415 2963 fratrum
429 2932 442 2975 3
503 2931 557 2962 ac
598 2913 840 2962 modicum
879 2912 1123 2976 suspirans
1169 2913 1504 2978 interrogavit,
1544 2916 1629 2964 ubi
1676 2921 1800 2965 esset
1838 2916 1967 2964 Acca

211 2997 463 3062 presbyter
479 3013 491 3056 ;
542 2996 626 3060 qui
662 2995 829 3044 statim
864 3001 1063 3043 vocatus
1102 2995 1318 3055 intravit,
1356 3001 1406 3046 et
1440 2998 1608 3046 videns
1644 3016 1755 3046 eum
1792 3000 1967 3047 melius

209 3081 468 3128 habentem
506 3096 560 3126 ac
597 3078 730 3141 loqui
762 3078 866 3141 jam
906 3078 1162 3139 valentem,
1200 3079 1339 3128 flexis
1387 3081 1592 3145 genibus
1638 3081 1819 3145 gratias
1867 3082 1967 3144 egit

210 3163 316 3210 Deo
375 3178 486 3209 cum
533 3161 757 3209 omnibus
806 3161 889 3225 qui
936 3161 1137 3210 aderant
1182 3162 1427 3212 fratribus.
1520 3164 1585 3210 Et
1633 3180 1742 3211 cum
1792 3180 1966 3226 parum

264 3259 278 3282 ¹
309 3259 606 3311 quadrayinta]
637 3259 706 3299 He
734 3272 820 3299 was
848 3259 1062 3311 acquitted
1171 3258 1187 3281 ²
1214 3260 1445 3311 Maeldum]
1488 3259 1662 3306 Haedde,
1696 3271 1760 3312 54.
1809 3259 1968 3343 Meaux

210 3316 255 3355 in
274 3315 399 3368 April
419 3325 507 3355 ΔΑ).
534 3323 623 3367 704.
1115 3315 1160 3354 in
1179 3315 1455 3368 champagne.

1049 3402 1127 3434 22
