2216 3554
221 194 342 242 CAP.
362 190 454 261 π]
851 191 1014 242 Gentis
1050 190 1332 253 Anqlorum.
1871 195 1967 242 297

218 331 336 373 tunc
359 331 466 374 erat
489 327 788 389 praeparatus
812 324 863 371 in
887 340 983 388 quo
1007 323 1262 371 defunctus
1295 322 1439 370 condi
1465 322 1674 371 deberet.
1759 322 1971 372 Addidit

219 414 382 455 autem
430 409 507 457 vir
557 407 706 455 etiam
751 406 972 455 lacrimas
1022 404 1259 468 precibUS,
1307 403 1567 466 diligenter
1617 405 1868 454 obsecrans
1914 415 1971 455 ut

219 489 436 538 intraret·
470 497 694 538 oraturus
730 505 817 552 pro
857 488 959 546 illo,
1002 487 1119 551 quia
1155 486 1368 533 multum
1409 486 1672 534 necessaria
1713 487 1807 535 sibi
1848 493 1972 536 esset

218 572 321 620 vita
366 573 520 636 ipsius
536 590 549 633 ;
598 571 813 620 crederet
859 587 972 618 vero
1015 569 1130 632 quia
1175 568 1217 617 si
1263 568 1345 616 ille
1387 568 1431 615 ei
1478 584 1676 616 manum
1722 569 1971 632 imponere

218 660 362 718 atque
403 673 513 704 eum
559 654 836 714 benedicere
877 652 1123 711 voluisset,
1164 649 1333 699 statim
1381 649 1553 698 melius
1600 650 1812 699 haberet.
1883 651 1971 700 In-

218 737 369 785 travit
406 754 520 800 ergo
555 737 639 785 illo
674 735 936 800 episcopus,
974 739 1022 782 et
1059 731 1188 782 vidit
1228 749 1338 780 eum
1385 732 1572 781 moestis
1602 732 1831 781 omnibus*
1868 735 1971 796 jam

218 819 366 867 morti
403 820 695 884 proximum,
720 818 1031 882 positumque
1066 815 1279 864 loculum
1308 815 1451 878 juxta
1483 831 1609 863 eum..
1627 815 1677 862 in
1708 833 1803 880 quo
1840 832 1971 879 sepe·

216 902 407 949 liendus
454 901 570 964 poni
611 901 835 959 deberetq
884 899 1106 963 dixitque
1148 898 1416 945 orationem
1456 914 1511 945 ac
1555 898 1804 947 benedixit
1845 914 1969 957 eum,

217 989 268 1032 et
313 985 562 1048 egrediens
608 983 737 1031 dixit
783 982 926 1030 solito
968 980 1318 1030 consolantium
1359 996 1609 1028 sermone:
1659 986 1669 1006 ‘
1686 980 1820 1028 Bene
1858 998 1970 1029 con-

216 1067 439 1125 valescas,
463 1071 513 1114 et
535 1066 660 1114 cito?
733 1065 954 1128 Cumque
977 1069 1087 1128 post
1114 1063 1218 1111 haec
1251 1062 1473 1111 sederent
1496 1063 1558 1110 ad
1583 1080 1810 1122 mensam,
1836 1063 1971 1112 misit

216 1165 337 1211 puer
358 1149 694 1196 adsdominum
721 1165 879 1206 suum,
905 1162 1077 1210 rogans
1106 1144 1199 1193 sibi
1229 1144 1458 1208 poculum
1483 1145 1586 1192 vini
1623 1145 1830 1205 mittere,
1857 1146 1971 1210 quia

215 1230 387 1279 sitiret.
480 1229 693 1279 Gavisus
745 1230 828 1278 ille
877 1230 1094 1276 multum
1136 1227 1252 1291 quia
1307 1227 1475 1275 bibere
1518 1235 1711 1291 posset,
1742 1229 1878 1278 misit
1924 1228 1969 1277 ei

215 1312 411 1361 calicem
447 1313 551 1361 vini
585 1313 894 1361 benedictum
929 1312 990 1360 ab
1025 1311 1274 1374 episcop03
1316 1326 1460 1373 quem
1496 1316 1553 1358 ut
1587 1310 1726 1370 bibit,
1756 1312 1970 1361 surrexit

216 1395 460 1454 continuo,
490 1401 541 1443 et
574 1402 773 1444 veterno
808 1393 1113 1442 infirmitatis
1148 1392 1375 1451 discusso,
1405 1391 1569 1440 induit
1605 1410 1654 1442 se
1690 1394 1794 1457 ipse
1821 1396 1969 1443 vesti-

215 1478 399 1526 mentis·
426 1478 556 1538 suis;
594 1484 643 1526 et
679 1476 1053 1541 egressusinde-
1077 1474 1297 1532 intravit,
1330 1491 1386 1522 ac
1421 1474 1662 1523 salutavit.-
1688 1475 1968 1540 episcopum

215 1565 265 1609 et
299 1561 541 1619 convivas,
578 1560 756 1620 dicens,
794 1560 911 1622 quia
953 1558 1057 1622 ipse
1090 1573 1284 1621 quoque
1323 1556 1645 1605 delectaretur
1679 1559 1968 1608 manducare

214 1647 265 1690 et
298 1642 463 1690 bibere
503 1659 614 1690 cum
655 1642 736 1690 eis.
823 1642 1087 1690 Jusserunt
1129 1656 1240 1687 eum
1281 1639 1445 1687 sedere
1487 1656 1657 1687 secum»
1683 1640 1751 1687 ad
1787 1641 1996 1704 epulas,'

214 1725 435 1772 multum⁴
460 1725 726 1788 gaudentes
762 1724 823 1772 de
858 1723 1088 1787 sospitate
1123 1722 1271 1770 illiusa
1360 1721 1634 1781 Residebat,
1670 1723 1964 1782 vescebatur,

213 1807 422 1865 bibebat,
464 1807 737 1865 laetabatur,
786 1806 926 1870 quasi
971 1822 1096 1854 unus
1138 1821 1170 1854 e
1202 1804 1418 1853 convivis
1458 1805 1631 1868 agebat
1647 1821 1678 1865 ;..
1708 1809 1758 1853 et
1798 1803 1967 1852 multis

213 1893 325 1953 post
357 1889 459 1937 haec
494 1889 635 1937 annis
668 1889 854 1948 vivens,
890 1889 943 1936 in
989 1888 1155 1936 eadem
1191 1905 1336 1952 quam
1371 1892 1618 1950 acceperat
1661 1888 1818 1936 salute
1856 1904 1965 1951 per-

212 1971 404 2020 mansit.
500 1971 607 2019 Hoc
660 1977 821 2020 autem
878 1971 1167 2019 miraculum
1219 1978 1512 2019 memoratus
1564 1970 1723 2018 abbas,
1762 1987 1860 2018 non
1915 1986 1965 2018 se

211 2057 446 2117 praesente
481 2054 676 2114 factum,
707 2054 790 2102 sed
824 2053 885 2102 ab
913 2053 991 2101 his
1019 2053 1104 2117 qui
1131 2056 1393 2117 praesentes
1428 2053 1576 2112 fuere,
1608 2053 1701 2101 sibi
1738 2053 1964 2116 perhibet

214 2152 314 2183 esse
338 2136 557 2185 relatum.

956 2427 1097 2478 CAP.
1134 2428 1222 2478 VI.

343 2559 394 2601 Ut
413 2559 601 2601 clericum
620 2573 741 2601 suum
761 2559 940 2601 cadendo
958 2561 1188 2609 contritum,
1212 2573 1320 2612 aeque
1341 2560 1491 2601 mando
1510 2574 1559 2602 ac
1577 2560 1842 2605 benedicendo

860 2627 888 2669 α’
908 2633 1034 2670 morte
1051 2631 1307 2671 revocaverit.

283 2746 473 2802 NEQUE
518 2746 608 2796 hoc
654 2748 1045 2811 praetereundum
1094 2747 1300 2808 silentio,
1344 2748 1476 2813 quod
1521 2749 1732 2798 famulus
1781 2748 1962 2798 Christi

214 2829 460 2877 Herebald
508 2829 577 2877 in¹
608 2830 767 2893 seipso
814 2831 873 2878 ab
923 2847 978 2878 eo
1025 2830 1205 2879 factum
1252 2831 1374 2880 solet
1419 2848 1616 2881 narrare
1692 2871 1722 2906 5·
1738 2865 1837 2901 Cure
1851 2866 1892 2900 of

213 2912 513 2971 miraculum,
550 2911 634 2975 qui
680 2918 799 2961 tunc
834 2911 1029 2976 quidem
1076 2913 1126 2960 in
1168 2914 1295 2962 clero
1335 2913 1467 2963 illius
1507 2932 1616 2964 con·
1691 2914 1895 2950 Herebald.

212 2999 444 3052 versatus,
474 3010 604 3041 nunc
632 2994 925 3043 monasterio
954 2995 1083 3058 quod
1113 2999 1184 3044 est
1212 2995 1356 3060 juxta
1391 2997 1569 3046 ostium
1607 2997 1718 3044 Tini
1747 2995 1959 3044 fluminis

212 3076 401 3124 abbatis
432 3076 542 3139 jure
579 3082 768 3139 praeest.
842 3074 1066 3136 ‘Vitam,’
1102 3077 1276 3142 inquit,
1315 3079 1488 3139 ‘illius,
1532 3084 1770 3143 quantum
1806 3078 1958 3125 homi—

213 3158 357 3205 nibus
406 3158 647 3206 aestimare
693 3157 766 3206 fas
817 3163 903 3218 est,
952 3158 1082 3222 quod
1133 3176 1345 3223 praesens
1392 3161 1574 3224 optime
1615 3159 1828 3222 cognovi,
1874 3177 1960 3223 per

213 3239 374 3288 omnia
421 3237 644 3302 episcopo
681 3238 878 3303 dignam
916 3255 1018 3288 esse
1064 3241 1290 3305 comperi.
1384 3242 1480 3291 Sed
1521 3247 1571 3290 et
1616 3243 1750 3304 cujus
1798 3240 1958 3289 meriti
