2216 3554
176 180 314 231 cnr..
329 176 456 247 vn]
835 178 1007 229 Gentis
1038 177 1323 243 Anylorwm.
1855 185 1858 190 ’
1876 185 1942 234 ’21

180 310 427 375 depictus,
479 310 630 359 immo
681 325 1026 374 usquequaque
1073 312 1294 370 vestitus,
1344 310 1396 358 in
1443 325 1539 375 quo
1575 310 1700 359 nihil
1748 319 1946 375 repente

183 394 413 453 ⁴arduum,
447 393 571 440 nihil
602 408 831 456 praeceps,
865 392 994 439 nihil
1029 392 1309 456 abruptum,
1348 409 1493 456 quem
1529 393 1764 441 lateribus
1798 395 1943 460 longe

192 476 384 539 lateque
407 476 668 524 deductum
690 474 743 521 111
776 474 975 522 111οᾶ11111
998 474 1204 537 aequoris
1228 480 1403 522 natura
1427 476 1710 538 complanat,
1736 476 1941 540 dignum

192 557 419 606 videlicet
435 573 561 616 eum,
580 572 674 620 pro
690 554 846 604 ‘insita
868 556 962 604 sibi
986 556 1142 620 specie
1166 556 1449 616 venustatiS,
1468 557 1571 620 jam
1596 557 1712 606 olim
1735 559 1941 607 reddens

192 640 277 703 qui
311 639 440 688 beati
483 637 712 700 martyris
757 654 928 686 cruore
973 637 1232 687 dicaretur.
1325 637 1390 688 In
1431 639 1575 702 hujus
1611 656 1725 704 ergo
1760 639 1941 688 vertice

189 726 385 770 sanctus
430 719 653 769 Albanus
705 719 811 768 dari
860 719 954 768 sibi
1002 737 1032 768 a
1079 720 1186 769 Deo
1219 737 1405 785 aquam
1439 721 1642 786 rogavit,
1678 721 1941 785 statimque

185 803 374 853 incluso
420 807 584 851 meatu
631 807 745 851 ante
794 802 941 865 pedes
977 802 1080 866 ejus
1114 803 1221 852 fons
1266 804 1492 867 perennis
1528 808 1726 852 exortus
1762 808 1848 863 est,
1883 809 1940 853 ut

190 902 354 933 omnes
387 890 699 949 agnoscerent
734 883 880 932 etiam
930 890 1196 934 torrentem
1235 885 1448 948 martyri
1481 885 1767 949 obsequium
1803 885 1940 934 detu-

188 967 331 1015 lisse:
379 983 534 1030 neque
579 967 709 1015 enim
743 966 848 1015 fieri
883 971 1074 1030 poterat
1109 973 1165 1016 ut
1199 967 1253 1015 in
1286 969 1441 1016 arduo
1477 967 1658 1016 montis
1694 967 1939 1016 cacumine

189 1053 374 1112 martyr
406 1066 582 1112 aquam
616 1066 762 1112 quam
796 1049 849 1096 in
891 1049 1062 1098 fluvio
1087 1066 1191 1098 non
1226 1049 1497 1114 reliquerat,
1534 1054 1733 1114 peteret,
1772 1050 1814 1098 si
1849 1050 1942 1099 1106

188 1137 517 1194 opportunum
551 1147 651 1179 esse
685 1148 782 1179 non
815 1131 1017 1180 videret.
1088 1132 1186 1193 Qui
1215 1132 1438 1180 videlicet
1462 1132 1640 1180 fluvius
1663 1132 1939 1181 ministerio

186 1213 442 1275 persolut0‚
485 1214 745 1262 devotione
794 1215 1036 1277 completa
1085 1214 1232 1262 officii
1274 1214 1610 1263 testimonium
1645 1214 1940 1278 relinquens,

186 1311 409 1343 reversus
433 1301 508 1344 est
530 1296 593 1343 ad
616 1299 840 1344 naturam
857 1296 889 1345 ¹.
938 1295 1221 1344 Decollatus
1244 1296 1409 1359 itaque
1434 1299 1620 1360 martyr
1643 1297 1938 1345 fortissimus

186 1375 368 1425 ibidem
391 1377 577 1441 accepit
600 1395 828 1426 coronam
851 1378 966 1426 vitae
988 1395 1134 1441 quam
1158 1378 1441 1441 repromisit
1465 1377 1600 1427 Deus
1625 1378 1939 1443 diligentibus

186 1474 249 1507 86.
324 1459 419 1508 Sed
455 1460 536 1507 ille
572 1460 656 1523 qui
691 1459 786 1523 piis
821 1460 1087 1509 cervicibus
1121 1460 1298 1524 impias
1333 1460 1505 1509 intulit
1533 1478 1706 1510 manus
1728 1462 1938 1526 gaudere

184 1559 329 1606 super
351 1548 603 1592 mortuum
625 1561 724 1592 non
748 1547 822 1592 est
844 1544 1134 1607 permissus:
1172 1561 1382 1608 namque
1401 1545 1528 1593 oculi
1552 1545 1655 1608 ejus
1679 1544 1732 1592 in
1756 1548 1937 1594 terram

185 1642 284 1673 una
318 1643 428 1674 cum
462 1627 592 1674 beati
627 1626 859 1689 martyris
894 1626 1052 1689 capite
1087 1626 1384 1675 deciderunt.
1457 1627 1737 1676 Decollatus
1769 1633 1841 1676 est
1865 1627 1937 1675 ibi

183 1714 292 1757 tum
315 1709 460 1757 etiam
483 1709 621 1757 miles
644 1710 739 1770 ille,
765 1710 850 1773 qui
881 1713 1024 1758 antea
1055 1726 1263 1773 superno
1295 1713 1419 1758 nutu
1444 1713 1694 1773 correptus
1717 1716 1936 1759 sanctum

183 1792 277 1841 Dei
300 1793 618 1841 confessorem
642 1792 786 1842 ferire
817 1793 1083 1842 recusavit:
1122 1793 1181 1840 de
1215 1810 1311 1856 quo
1337 1793 1570 1841 nimirum
1595 1798 1795 1853 constat,
1822 1795 1936 1858 quia

182 1875 274 1923 etsi
308 1875 444 1923 fonte
477 1875 785 1939 baptismatis
820 1892 918 1923 non
954 1881 1026 1924 est
1061 1875 1271 1934 ablutus,
1304 1875 1379 1924 sui
1403 1881 1567 1924 tamen
1592 1881 1663 1924 est
1686 1877 1936 1940 sanguinis

180 1957 370 2007 lavacro
406 1959 666 2006 mundatus
700 1975 755 2007 ac
790 1958 928 2022 regni
966 1958 1171 2007 caelestis
1203 1957 1380 2021 dignus
1413 1958 1572 2006 factus
1601 1964 1674 2006 est
1698 1958 1932 2022 ingressu.

182 2039 308 2087 Tum
346 2040 500 2104 judex
546 2045 685 2089 tanta
730 2041 1078 2089 miraculorum
1113 2040 1382 2088 caelestium
1417 2039 1635 2089 novitate
1669 2041 1933 2104 perculsus,

180 2122 354 2171 cessari
377 2139 490 2171 mox
504 2125 522 2150 2
555 2140 585 2171 a
606 2122 940 2187 persecutione
962 2123 1207 2186 praee-epit,
1233 2123 1468 2171 honorem
1490 2123 1671 2171 referre
1695 2123 1932 2186 incipiens

180 2205 301 2254 caedi
336 2210 626 2264 sanctorum,
661 2223 748 2269 per
782 2223 930 2270 quam
965 2222 1046 2254 608
1082 2205 1372 2269 opinabatur
1407 2205 1544 2270 prius
1579 2223 1608 2254 a
1641 2205 1932 2255 Christianae

179 2285 293 2335 fidei
315 2304 453 2351 posse
477 2288 730 2337 devotione
753 2305 951 2337 cessare.
1029 2289 1204 2337 Passus
1228 2294 1302 2336 est
1325 2293 1488 2336 autem
1514 2288 1683 2336 beatus
1708 2287 1931 2337 Albanus

179 2369 258 2418 die
274 2370 457 2420 decimo
474 2371 491 2396 3
505 2371 821 2419 kalendarum
840 2371 872 2419 J
875 2371 1100 2430 uliarum,
1118 2371 1261 2434 juxta
1280 2369 1529 2418 civitatem
1547 2370 1878 2419 Verolamium
1896 2373 1928 2430 ⁴,

180 2469 289 2516 quae
330 2469 457 2501 nunc
508 2470 537 2501 a
583 2458 726 2518 gente
761 2451 1040 2517 Anglorum
1081 2452 1473 2504 Verlamacaestir
1513 2452 1615 2502 sive
1649 2452 1930 2515 Vaetlinga—

181 2535 340 2583 caestir
383 2536 674 2599 appellatur,
711 2536 796 2584 ubi
842 2539 1010 2600 postea
1044 2536 1276 2584 redeunte
1322 2540 1595 2598 temporum
1631 2534 1931 2583 Christiano-

180 2633 293 2664 rum
327 2617 584 2667 serenitate
618 2619 816 2668 ecclesia
831 2619 848 2646 ⁵
884 2622 957 2668 est
985 2618 1196 2667 mirandi
1219 2617 1377 2680 operis
1400 2623 1545 2681 atque
1570 2617 1673 2681 ejus
1697 2616 1931 2680 martyrio

235 2725 250 2749 ¹
264 2727 483 2779 naturam]
493 2727 583 2767 The
594 2728 732 2768 Saxon
743 2728 1024 2768 Versionhere

180 2781 343 2829 inserts,
383 2787 393 2803 ⁴
409 2782 498 2821 The
539 2783 656 2834 place
685 2797 770 2823 was
797 2785 1024 2824 somewhat

180 2836 311 2875 above
330 2836 424 2875 half
444 2850 470 2876 a
488 2837 586 2876 mile
604 2837 709 2877 from
729 2839 802 2878 the
822 2838 911 2891 city
930 2839 1025 2878 wall

179 2891 265 2931 and
302 2891 411 2930 from
440 2891 511 2931 the
539 2892 668 2931 brook
697 2893 833 2932 which
859 2893 914 2933 he
941 2892 1025 2934 had

179 2945 318 2986 before
336 2946 481 2998 passed
500 2959 597 2986 over
617 2947 693 2999 dry
712 2945 824 2989 foot.’
855 2948 968 2989 Stev.

234 2999 252 3023 ²
278 3003 427 3042 cessari
446 3001 558 3053 mooe]
580 3002 682 3041 This
701 3002 816 3042 looks
834 3016 880 3042 as
898 3003 934 3042 if
950 3003 1022 3042 the

181 3054 262 3095 end
292 3056 337 3095 of
359 3056 432 3096 the
466 3056 624 3096 British
652 3057 912 3108 persecution
938 3071 1023 3098 was

181 3122 293 3160 near,
310 3110 375 3151 i.e.
391 3124 437 3150 as
455 3111 493 3150 if
520 3112 591 3151 the
619 3111 744 3151 death
763 3111 810 3152 of
833 3112 1025 3152 Albanus

181 3165 279 3204 took
298 3166 413 3217 place
433 3176 519 3206 ΑΛ).
541 3176 634 3217 305.

235 3220 252 3244 ³
278 3220 346 3260 die
364 3221 539 3274 decimo]
563 3222 640 3262 See
654 3220 1027 3277 Beda’sMartyro-

197 3273 350 3327 egium,
368 3289 410 3329 p·
432 3277 526 3329 385·

1134 2728 1150 2751 ⁴
1186 2727 1478 2780 Verolamium]
1511 2726 1629 2780 Spelt
1649 2727 1931 2767 Virolamium

1079 2783 1135 2835 by
1154 2782 1227 2822 the
1246 2783 1452 2822 Ravenna
1478 2782 1757 2836 Geographer‚
1778 2782 1927 2822 Urola-

1079 2838 1212 2876 mium
1240 2837 1297 2889 by
1316 2837 1523 2889 Ptolemy‚
1544 2837 1812 2877 abbreviated
1840 2837 1928 2875 into

1080 2893 1218 2934 VEB.
1247 2906 1300 2932 on
1328 2892 1402 2931 the
1429 2893 1541 2932 coins
1565 2893 1611 2931 of
1634 2892 1925 2932 Tasciovanus.

1079 2947 1227 2987 Hence
1266 2947 1339 2986 the
1378 2947 1517 2986 Saxon
1544 2947 1927 2991 Verlamaeeaster3

1077 3002 1447 3054 Vaetlingaceaster
1459 3002 1663 3055 probably
1674 3013 1806 3040 comes
1822 2999 1926 3037 from

1077 3057 1268 3109 Watling
1287 3057 1436 3096 Street.

1134 3113 1150 3136 ⁵
1177 3111 1360 3164 ecclesia]
1392 3111 1494 3151 This
1523 3124 1608 3151 was
1636 3107 1855 3159 destroyed
1879 3106 1925 3145 in

1080 3167 1152 3207 the
1181 3167 1319 3207 Saxon
1347 3180 1467 3213 wars,
1488 3166 1571 3205 and
1598 3165 1666 3215 lay
1696 3177 1720 3202 a
1744 3163 1840 3201 ruin
1859 3160 1926 3201 till

1082 3222 1177 3262 Offa
1214 3221 1395 3261 founded
1427 3221 1526 3260 here
1562 3233 1587 3258 a
1616 3221 1853 3269 monastery
1880 3220 1926 3255 to

1082 3276 1144 3320 St.
1166 3276 1322 3324 Alban,
1344 3276 1472 3316 about
1499 3284 1587 3316 A.D.
1611 3283 1700 3327 793.
1722 3272 1765 3314 S.
1823 3270 1925 3311 This
