2216 3554
160 160 297 212 ’(1111),
314 161 490 230 xx111.]
805 162 971 210 Gentis
1005 161 1295 225 Anylorum.
1828 166 1926 212 267

173 312 397 358 pausans,
424 295 614 344 audivit
638 295 800 343 subito
832 294 883 342 in
915 311 1023 342 aere
1057 299 1230 342 notum
1263 309 1506 356 campanae
1533 308 1719 352 sonum,
1746 312 1841 358 quo
1866 296 1928 344 ad

175 378 414 426 orationes
451 377 660 427 excitari,
690 378 766 426 vel
807 375 1062 425 convocari
1104 376 1333 434 solebant,
1371 393 1482 423 cum
1522 376 1630 439 quis
1667 393 1833 424 eorum
1861 378 1928 436 ‘de

175 461 349 508 saeculo
396 461 568 508 fuisset
609 465 866 507 evocatus:
910 457 1202 521 apertisque,
1239 460 1296 505 ut
1335 457 1430 505 sibi
1471 457 1742 517 videbatur,
1779 459 1928 507 oculis

175 543 378 604 aspexit,
417 543 606 598 detecto
643 542 814 589 domus
857 539 1083 599 culmine,
1119 540 1277 587 fusam
1315 540 1523 603 desuper
1566 541 1724 588 lucem
1765 541 1929 589 omnia

174 625 466 687 replevisse:
515 625 591 672 cui
632 624 858 672 videlicet
903 623 1004 670 luci
1044 623 1163 670 dum
1212 622 1424 670 sollicita
1471 622 1759 682 intenderet,
1803 624 1929 672 vidit

174 707 390 754 animam
433 707 646 770 praefatae
684 695 788 754 'Dei
835 706 1028 754 famulae
1076 705 1128 753 in
1175 705 1280 768 ipsa
1325 705 1431 753 luce
1485 705 1827 754 comitantibus
1874 723 1929 755 ac

175 788 462 836 ducentibus
497 789 680 853 angelis
715 788 777 837 ad
818 789 989 837 caelum
1028 787 1158 836 ferri.
1253 787 1477 851 Cumque
1519 805 1687 836 somno
1729 805 1930 837 excussa

173 871 362 919 videret
409 876 602 919 caeteras
648 875 905 934 pausantes
949 871 1074 919 circa
1121 887 1171 919 se
1219 887 1416 930 sorores,
1465 871 1708 919 intellexit
1756 872 1835 919 vel
1876 871 1929 919 in

174 953 360 1000 somnio
388 954 466 1002 vel
501 953 551 1001 in
586 953 773 1002 visione
810 954 987 1002 mentis
1021 959 1265 1002 ostensum
1301 953 1395 1001 sibi
1431 970 1532 1002 esse
1565 955 1694 1018 quod
1723 953 1929 1003 viderat.

175 1036 450 1099 Statimque
484 1053 744 1101 exsurgens
780 1037 934 1084 nimio
968 1035 1147 1084 timore
1182 1036 1442 1099 perterrita
1480 1036 1694 1085 cucurrit
1732 1038 1794 1086 ad
1829 1037 1928 1085 vir-

172 1119 334 1182 ginem
367 1136 475 1182 quae
506 1127 622 1169 tunc
653 1120 944 1169 monasterio
977 1120 1232 1168 abbatissae
1261 1121 1366 1168 vice
1397 1121 1608 1184 praefuit,
1639 1120 1719 1168 cui
1753 1138 1929 1169 nomen

172 1208 276 1249 erat
313 1202 512 1265 Frigyd,
542 1203 756 1266 fletuque
788 1220 843 1251 ac
878 1203 1105 1267 lacrymis
1141 1203 1353 1252 multum
1384 1204 1595 1267 perfusa,
1629 1221 1683 1252 ac
1720 1203 1929 1266 suspiria

171 1285 315 1348 longa
349 1285 547 1333 trahens
582 1287 846 1345 nunciavit,
884 1290 1091 1335 matrem
1129 1287 1325 1334 illarum
1367 1287 1585 1335 omnium
1622 1286 1747 1334 Hild
1782 1287 1928 1334 abba-

171 1366 341 1413 tissam
371 1369 473 1429 jam
506 1369 739 1431 migrasse
768 1369 828 1416 de
864 1369 1054 1428 saeculo,
1086 1372 1136 1416 et
1169 1385 1218 1416 se
1248 1373 1524 1432 aspectante
1559 1385 1667 1417 cum
1698 1369 1803 1417 luce
1838 1369 1928 1416 im-

173 1465 338 1496 mensa
374 1451 577 1499 ducibus
611 1452 796 1515 angelis
830 1452 893 1499 ad
928 1455 1122 1500 aeternae
1157 1451 1328 1499 limina
1363 1451 1486 1499 lucis
1523 1455 1573 1500 et
1607 1468 1928 1514 supernorum

172 1532 411 1580 consortia
435 1533 615 1581 civium
639 1534 917 1582 ascendisse.
989 1533 1134 1595 Quod
1164 1551 1275 1582 cum
1305 1534 1390 1582 illa
1422 1533 1648 1592 audisset,
1676 1532 1928 1581 suscitavit

172 1619 369 1662 cunctas
420 1631 617 1674 sorores,
667 1622 716 1664 et
766 1617 819 1664 in
876 1617 1124 1664 ecclesiam
1174 1620 1472 1675 convocataS,
1519 1615 1822 1664 orationibus
1872 1631 1928 1664 ac

170 1697 370 1759 psalmis
410 1714 499 1760 pro
540 1699 703 1747 anima
744 1699 914 1746 matris
951 1715 1146 1762 operam
1180 1699 1296 1747 dare
1338 1698 1542 1747 monuit.
1632 1698 1776 1759 Quod
1817 1715 1928 1746 cum

170 1779 363 1827 residuo
388 1780 544 1828 noctis
575 1787 793 1844 tempore
818 1781 1076 1844 diligenter
1102 1787 1316 1844 agerent,
1341 1784 1579 1830 venerunt
1613 1781 1770 1844 primo
1800 1781 1926 1829 dilu-

172 1862 280 1908 culo
304 1861 476 1910 fratres
500 1863 583 1927 qui
607 1866 708 1926 ejus
737 1865 925 1912 obitum
958 1864 1259 1923 nunciarent,
1285 1882 1314 1912 a
1336 1864 1440 1912 loco
1463 1864 1548 1911 ubi
1581 1863 1807 1912 defuncta
1837 1868 1926 1912 est.

171 1942 241 1990 At
276 1943 373 1992 illae
411 1946 757 2008 respondentes
785 1947 1031 2007 dixerunt,
1067 1964 1117 1996 se
1152 1947 1288 2010 prius
1326 1946 1492 1994 eadem
1528 1945 1838 2009 cognovisse:
1878 1950 1928 1994 et

172 2042 280 2074 cum
298 2034 592 2090 exponerent
609 2047 696 2093 per
711 2031 931 2078 ordinem
949 2032 1188 2094 quomodo
1206 2030 1310 2078 haec
1329 2029 1406 2077 vel
1425 2029 1615 2092 quando
1633 2028 1927 2088 didicissent,

171 2107 426 2158 inventum
450 2117 535 2172 est,
562 2115 728 2162 eadem
753 2114 873 2162 hora
896 2114 1160 2162 transitum
1185 2116 1291 2176 ejus
1323 2112 1422 2160 illis
1446 2116 1694 2160 ostensum
1718 2128 1818 2160 esse
1841 2128 1928 2174 per

171 2191 418 2253 visionem,
457 2211 552 2258 qua
588 2197 720 2244 illam
757 2197 1031 2245 referebant
1072 2196 1226 2245 exisse
1262 2196 1321 2244 de
1359 2195 1553 2243 mundo.
1624 2194 1928 2257 Pulchraque

171 2291 334 2323 rerum
370 2280 624 2327 concordia
654 2284 967 2343 procuratum
1005 2286 1076 2329 est
1109 2280 1360 2336 divinitus,
1393 2284 1451 2326 ut
1487 2294 1598 2325 cum
1632 2277 1705 2324 illi
1741 2277 1928 2325 exitum

172 2359 276 2419 ejus
301 2358 361 2407 de
390 2359 478 2408 hac
510 2361 610 2410 vita
633 2362 870 2422 viderent,
895 2369 1013 2412 tunc
1045 2363 1127 2411 isti
1161 2362 1420 2410 introitum
1444 2362 1545 2424 ejus
1569 2360 1622 2407 in
1644 2365 1928 2423 perpetuam

172 2440 443 2489 animarum
477 2442 624 2491 vitam
657 2449 1012 2508 cognoscerent.
1085 2444 1290 2493 Distant
1324 2447 1487 2492 autem
1521 2443 1650 2491 inter
1681 2459 1731 2490 se
1764 2459 1927 2491 mona-

173 2523 320 2571 steria
342 2523 444 2572 haec
469 2526 699 2574 tredecim
723 2527 873 2576 ferme
898 2528 1114 2576 millibus
1137 2544 1384 2591 passuum.

242 2605 428 2654 Ferunt
462 2614 624 2656 autem
656 2609 786 2672 quod
819 2610 985 2658 eadem
1020 2616 1174 2669 nocte,
1199 2610 1251 2657 in
1279 2609 1383 2673 ipso
1414 2625 1606 2674 quoque
1635 2607 1928 2656 monasterio

172 2688 257 2736 ubi
283 2689 486 2751 praefata
510 2691 602 2738 Dei
626 2691 808 2740 famula
832 2692 966 2752 obiit,
993 2692 1184 2741 cuidam
1207 2692 1456 2757 virginum
1481 2692 1585 2740 Deo
1693 2737 1769 2772 and
1783 2738 1824 2772 to

172 2770 458 2818 devotarum
505 2790 615 2836 quae
662 2774 798 2821 illam
845 2774 1079 2822 immenso
1126 2791 1288 2823 amore
1335 2775 1581 2838 diligebat,
1648 2787 1808 2822 another
1823 2787 1864 2821 at

173 2853 334 2900 obitus
380 2854 513 2903 illius
560 2856 611 2903 in
658 2856 843 2904 visione
890 2857 1184 2920 apparuerit,
1222 2875 1328 2922 quae
1370 2858 1580 2907 animam
1614 2835 1898 2872 streaneshalh.

172 2940 277 3000 ejus
309 2955 419 2985 cum
450 2939 633 3001 angelis
661 2940 724 2987 ad
757 2940 930 2988 caelum
962 2940 1032 2988 ire
1065 2940 1383 3003 conspexerit,
1411 2946 1557 3006 atque
1581 2942 1672 2991 hoc
1701 2942 1807 3005 ipsa
1831 2956 1927 3004 qua

171 3019 353 3068 factum
377 3024 450 3068 est
478 3020 608 3080 hora,
635 3021 710 3069 his
736 3039 844 3086 quae
879 3039 1038 3070 secum
1068 3027 1206 3072 erant
1240 3024 1436 3071 famulis
1463 3025 1648 3073 Christi
1673 3023 1926 3071 manifeste

172 3102 457 3161 narraverit,
486 3119 658 3166 easque
682 3103 744 3152 ad
771 3105 1007 3152 orandum
1031 3122 1120 3169 pro
1143 3106 1307 3154 anima
1332 3109 1448 3169 ejus,
1469 3107 1617 3155 etiam
1642 3106 1926 3169 priusquam

173 3192 349 3234 caetera
374 3186 681 3248 congregatio
706 3189 810 3249 ejus
845 3187 1032 3236 obitum
1057 3189 1374 3253 cognovisset,
1400 3188 1697 3237 excitaverit.
1785 3187 1927 3247 Quod

172 3267 244 3316 ita
266 3267 408 3316 fuisse
431 3268 614 3317 factum
638 3286 753 3318 mox
777 3270 1135 3334 congregationi
1170 3287 1310 3320 mane
1342 3271 1470 3320 facto
1501 3270 1733 3319 innotuit.
1804 3269 1926 3319 Erat
