2216 3554
242 140 338 187 392
957 136 1181 203 Epistola
1213 138 1283 189 ad

240 269 522 334 prohibuit:
572 286 715 334 agere
759 274 926 319 tamen
971 272 1102 336 quod
1147 271 1304 337 potui,
1345 289 1460 337 erga
1506 274 1812 323 dilectionem
1856 278 1996 324 tuam

240 354 467 402 fraternae
490 351 764 402 devotionis
787 353 988 414 intuitu,
1013 356 1194 417 curavi,
1219 356 1460 405 mittendo
1479 357 1705 406 videlicet
1728 374 1815 421 per
1831 357 1998 406 literas

241 436 372 500 quod
395 435 706 500 corporaliter
727 437 966 486 veniendo
989 455 1078 502 per
1101 439 1471 487 collocutionem
1495 439 1823 503 nequiveram.
1876 435 1998 489 Pre-

241 536 418 582 corque
442 522 492 567 te
524 535 613 582 per
635 518 920 580 Dominum,
944 537 1006 569 ne
1036 521 1213 569 harum
1246 521 1406 585 apices
1430 521 1683 570 literarum
1706 523 1999 587 arrogantiae

241 599 554 665 supercilium
576 619 678 651 esse
707 602 981 667 suspiceris,
1006 603 1091 652 sed
1119 604 1408 668 obsequium
1430 605 1596 668 potius
1627 604 1921 654 humilitatis
1944 621 2001 653 ac

241 684 441 749 pietatis
464 685 700 734 veraciter
724 701 826 735 esse
850 703 1119 750 cognoscas.

311 766 563 816 Exhortor
593 768 761 832 itaque
790 774 942 828 tuam,
966 767 1277 816 dilectissime
1307 768 1362 816 in
1393 768 1591 819 Christo
1625 769 1842 829 antistes,
1867 787 2000 819 sanc·

242 844 450 910 titatem,
486 854 544 898 ut
577 850 785 914 gradum
820 856 1179 899 sacrosanctum
1219 867 1363 914 quem
1396 851 1491 900 tibi
1530 852 1717 901 Auctor
1758 852 2001 914 graduum

243 938 293 982 et
327 931 654 996 spiritualium
689 928 897 995 largitor
931 930 1281 981 charismatum
1313 934 1613 983 committere
1649 934 1877 998 dignatus
1911 940 1999 994 est,

242 1020 545 1066 sacrosancta
585 1018 637 1063 et
682 1013 963 1078 operatione
1010 1019 1060 1063 et
1105 1015 1330 1064 doctrina
1375 1015 1660 1066 confirmare
1706 1017 1997 1066 memineris.

243 1100 436 1149 Neutra·
470 1097 600 1147 enim
630 1097 736 1145 haec
766 1097 926 1146 virtus
954 1097 1058 1146 sine
1089 1097 1247 1148 altera
1281 1098 1378 1147 rite
1402 1105 1564 1163 potest
1587 1099 1778 1164 impleri
1800 1118 1811 1149 :
1848 1100 1890 1148 si
1917 1106 2005 1150 aut

242 1182 285 1232 is
319 1181 407 1246 qui
447 1182 566 1229 bene
603 1179 728 1228 vivit
769 1179 975 1228 docendi
1017 1180 1231 1229 officium
1272 1180 1490 1245 negligit,
1531 1188 1619 1230 aut
1658 1187 1787 1231 recte
1827 1183 2003 1231 docens

242 1265 446 1315 antistes
491 1266 672 1311 rectam
713 1279 935 1311 exercere
982 1263 1310 1328 operationem
1352 1264 1634 1313 contemnit.
1703 1263 1805 1328 'Qui
1841 1268 2004 1313 autem

243 1354 504 1410 utrumque
527 1344 764 1395 veraciter
785 1345 905 1410 agit,
929 1345 1145 1410 profecto
1169 1347 1281 1396 talis
1313 1363 1480 1396 servus
1503 1347 1768 1396 adventum
1799 1345 2005 1396 Domini

244 1430 320 1481 sui
338 1426 726 1495 gratulabundus
745 1434 980 1493 expectat,
1000 1446 1196 1493 sperans
1214 1447 1265 1479 se
1283 1429 1430 1479 citius
1449 1430 1762 1479 auditurum:
1802 1434 1815 1457 ‘
1829 1430 1971 1493 Euge
1986 1430 2003 1457 ¹

243 1530 382 1564 serve
405 1513 530 1561 bone
553 1517 603 1560 et
625 1509 795 1571 fidelis,
821 1510 936 1575 quia
963 1528 1109 1575 super
1132 1529 1287 1576 pauca
1318 1512 1455 1561 fuisti
1486 1512 1657 1573 fidelis,
1681 1530 1828 1578 supra
1852 1513 2006 1568 multa

242 1601 292 1646 te
327 1595 648 1645 constituam:
686 1593 816 1642 intra
852 1593 905 1642 in
939 1591 1170 1659 gaudium
1204 1594 1406 1644 Domini
1443 1594 1549 1646 tui?
1638 1595 1693 1645 Si
1729 1596 1838 1660 quis
1872 1612 2004 1656 vero,

243 1679 374 1744 quod
420 1676 563 1738 absit,
604 1677 760 1741 gradu
808 1676 1112 1741 episcopatus
1158 1682 1371 1742 accepto,
1412 1695 1501 1727 nec
1546 1678 1758 1742 seipsum
1794 1695 1824 1727 a
1864 1675 2004 1727 malis

243 1761 430 1811 actibus
461 1760 583 1809 bene
606 1759 830 1821 vivendo,
854 1777 943 1809 nec
975 1759 1223 1810 subditam
1258 1760 1353 1810 sibi
1384 1760 1574 1825 plebem
1607 1760 1901 1824 castigando,
1925 1760 2004 1809 vel

243 1843 546 1893 admonendo
581 1842 819 1906 corrigere
854 1847 1020 1893 curat:
1059 1842 1179 1907 quid
1212 1843 1327 1893 huic
1361 1840 1585 1892 veniente
1619 1842 1848 1902 Domino,
1884 1842 2005 1891 hora

244 1943 341 1991 qua
375 1943 474 1974 non
510 1930 685 1991 sperat,
722 1930 1011 1975 eventurum
1046 1926 1125 1986 sit,
1160 1925 1438 1991 evangelica
1475 1925 1729 1975 manifeste
1764 1922 2006 1974 sententia

245 2007 470 2070 declarat,
497 2025 594 2073 qua
616 2007 796 2057 dicitur
810 2005 828 2033 ²
860 2006 923 2056 ad
947 2006 1173 2056 inutilem
1197 2025 1420 2058 servum:
1461 2012 1473 2034 ‘
1487 2006 1668 2071 Ejicite
1695 2007 1747 2055 in
1782 2007 2006 2057 tenebras

244 2092 518 2151 exterioreS,
547 2092 617 2140 ibi
641 2092 736 2140 erit
761 2091 902 2141 fletus
926 2096 977 2141 et
999 2091 1182 2141 stridor
1206 2090 1458 2141 dentium.’

317 2191 359 2223 2.
397 2174 528 2223 Ante
570 2175 733 2223 omnia
774 2191 888 2224 sane
930 2181 1028 2224 tuae
1069 2180 1248 2224 sanctae
1290 2173 1575 2239 paternitati
1616 2173 1809 2234 suade0,
1847 2177 1904 2224 ut
1943 2175 2006 2224 ab

247 2256 414 2307 otiosis
446 2262 496 2306 te
526 2256 1012 2317 confabulationibus,
1037 2257 1486 2318 obtrectationibus,
1511 2255 1792 2321 caeterisque
1823 2256 2006 2322 linguae

245 2341 496 2389 indomitae
520 2340 757 2404 contagiis
780 2340 1047 2404 pontificali
1072 2340 1311 2404 dignitate
1346 2355 1590 2389 coerceas:
1628 2339 1808 2388 divinis
1842 2345 2007 2389 autem

246 2423 453 2488 eloquiis
472 2440 526 2472 ac
543 2422 943 2473 meditationibus
962 2423 1315 2488 scripturarum
1332 2423 1549 2487 linguam
1568 2422 1713 2471 simul
1728 2426 1779 2471 et
1795 2428 2005 2472 mentem

247 2523 463 2570 occupes,
499 2511 549 2554 et
583 2506 794 2555 maxime
834 2506 1051 2571 legendis
1085 2506 1218 2556 beati
1259 2506 1396 2555 Pauli
1437 2505 1646 2570 apostoli
1684 2504 1903 2569 epistolis
1943 2505 2007 2554 ad

246 2588 562 2639 Timotheum
597 2595 647 2639 et
681 2589 862 2650 Titum,
893 2590 977 2639 sed
1012 2595 1061 2639 et
1095 2590 1256 2639 verbis
1289 2588 1582 2639 sanctissimi
1613 2605 1752 2652 papae
1784 2588 2007 2652 Gregorii

248 2671 425 2737 quibus
459 2672 520 2720 de
548 2671 657 2725 xvita
697 2672 842 2721 simul
878 2678 927 2721 et
962 2673 1098 2722 vitiis
1138 2678 1383 2722 rectorum
1419 2672 1522 2721 sive
1559 2671 1610 2719 in
1645 2671 1771 2720 libro
1806 2671 2006 2735 Regulae

249 2754 511 2803 Pastoralis
545 2771 630 2803 seu
665 2754 718 2802 in
751 2754 973 2805 homeliis
1006 2755 1264 2820 Evangelii
1300 2754 1514 2803 multum
1546 2753 1732 2802 curiose
1764 2753 2006 2814 disseruit,

246 2842 306 2886 ut
339 2854 495 2886 sermo
522 2841 641 2886 tuus
676 2853 864 2900 semper
896 2838 1147 2902 sapientiae
1166 2838 1280 2887 ‘sale
1310 2836 1550 2896 conditus,
1585 2835 1875 2884 eminentior
1897 2835 2006 2884 vul-

247 2920 355 2985 gari
405 2920 663 2980 locutione,
710 2936 766 2968 ac
817 2919 984 2970 divino
1045 2920 1239 2970 auditui
1285 2919 1483 2983 dignior
1529 2919 1778 2968 elucescat.
1868 2916 2007 2966 Sicut

247 3003 377 3051 enim
401 3003 626 3051 indecens
649 3005 736 3062 est,
757 3002 799 3050 si
823 3019 937 3051 vasa
960 3003 1130 3053 altaris
1154 3007 1459 3053 sacrosancta
1480 3001 1766 3066 vulgaribus
1789 3017 2005 3065 unquam

249 3085 420 3134 usibus
468 3102 524 3134 ac
575 3084 755 3135 vilibus
814 3086 1135 3149 profanentur
1184 3086 1367 3146 officiis,
1415 3085 1486 3134 ita
1540 3100 1826 3149 perversum
1872 3082 2004 3132 omni

361 3210 376 3233 1
401 3210 536 3264 ane]
567 3210 697 3252 Matt.
715 3194 815 3253 ¹xxv.
838 3222 901 3252 21.
1449 3208 1466 3231 ²
1492 3209 1667 3263 dicitur]
1700 3207 1809 3250 Ibid.
1830 3219 1895 3259 30.
