2216 3554
157 183 276 232 CAP.
295 180 400 251 111.]
777 182 942 232 Gentis
975 180 1265 245 A‘nylorum.
1807 191 1899 237 221

153 316 338 364 tatione
356 316 631 364 divinarum
650 313 1015 379 Scripturarum
1037 313 1190 362 vitam
1215 313 1411 361 sedulus
1429 314 1618 378 agebat.
1692 315 1787 365 Sed
1819 319 1904 368 illo

152 399 461 462 postmodum
486 399 692 463 patriam
720 414 926 456 reverso,
954 396 1058 460 ipse
1089 397 1372 460 peregrinus
1401 413 1490 459 pro
1516 396 1727 446 Domino
1752 418 1903 465 usque

152 482 214 528 ad
238 480 383 529 finem
406 481 521 530 vitae
547 479 826 544 permansit.
899 479 1023 528 Cum
1047 496 1160 543 ergo
1182 479 1370 527 veniret
1403 479 1464 527 ad
1489 496 1601 526 eum
1626 480 1770 544 longo
1793 490 1904 546 post

151 568 382 626 tempore,
402 563 558 628 gratia
579 561 888 621 visitationis,
913 562 972 609 de
995 561 1244 610 Brittania
1261 561 1339 609 vir
1362 561 1695 610 sanctissimus
1716 570 1765 612 et
1790 582 1903 614 con-

152 647 521 705 tinentissimus,
558 646 788 712 vocabulo
824 645 1070 708 Hygbald,
1109 645 1194 708 qui
1229 650 1334 694 erat
1371 645 1519 693 abbas
1557 645 1611 693 in
1654 649 1905 709 provincia

153 729 380 789 Lindissi,
416 735 466 778 et
504 734 561 777 ut
603 734 791 778 sanctos
826 729 1038 787 decebat,
1075 729 1135 776 de
1171 728 1274 776 vita
1313 728 1532 791 priorum
1570 735 1768 791 patrum
1805 749 1904 780 ser-

154 829 344 860 monem
391 813 614 871 facerent,
663 815 808 874 atque
861 811 984 859 hanc
1030 811 1249 860 aemulari
1304 811 1588 875 gauderent,
1638 811 1903 864 intervenit

152 895 333 943 mentio
379 893 751 942 reverentissimi
798 893 1032 942 antistitis
1080 894 1300 955 Oeadda3
1354 894 1578 957 dixitque
1630 894 1902 960 Ecgberct:

154 982 166 1003 ‘
182 976 291 1026 Scio
315 977 558 1025 hominem
581 977 634 1024 in
656 976 744 1024 hac
768 976 928 1024 insula
949 976 1106 1025 adhuc
1130 977 1182 1024 in
1206 994 1345 1025 carne
1369 982 1656 1037 manentem,
1683 979 1768 1041 qui
1793 997 1902 1029 cum

151 1060 229 1107 vir
262 1060 344 1108 1116
376 1060 434 1108 de
468 1059 648 1107 mundo
684 1059 925 1119 transiret,
959 1059 1084 1107 vidit
1119 1059 1330 1108 animam
1359 1059 1514 1109 Geddi
1545 1061 1714 1108 fratris
1747 1061 1903 1126 ipsius

152 1160 264 1191 cum
294 1142 484 1206 agmine
514 1142 794 1205 angelorum
826 1142 1109 1190 descendere
1133 1142 1192 1191 de
1228 1143 1360 1208 caelo,
1395 1146 1445 1191 et
1480 1143 1705 1191 adsumta
1739 1161 1901 1193 secum

150 1225 310 1273 anima
344 1227 459 1287 ejus,
495 1225 557 1272 ad
592 1224 802 1272 caelestia
835 1241 983 1288 regna
1016 1225 1203 1274 redire.'
1274 1225 1418 1286 Quod
1455 1229 1623 1273 utrum
1659 1227 1718 1275 de
1754 1245 1803 1276 se
1839 1246 1902 1276 an

151 1309 211 1357 de
244 1309 339 1357 alio
374 1309 536 1372 aliquo
571 1308 765 1366 diceret,
801 1309 939 1357 nobis
974 1314 1137 1358 manet
1171 1309 1426 1368 incertum,
1463 1310 1579 1357 dum
1613 1316 1776 1359 tamen
1812 1312 1902 1362 hoc

152 1393 283 1456 quod
304 1398 470 1441 tantus
494 1392 569 1439 vir
592 1391 719 1439 dixit
743 1391 858 1454 quia
879 1409 1047 1440 verum
1077 1392 1142 1440 sit
1167 1409 1291 1440 essse
1315 1409 1412 1440 non
1438 1393 1590 1456 possit
1613 1394 1865 1444 incertum.

220 1475 356 1524 Obiit
387 1481 550 1523 autem
578 1474 770 1523 Ceadda
803 1480 941 1522 sexto
977 1474 1054 1523 die
1071 1476 1087 1501 1
1122 1492 1360 1523 nonarum
1396 1475 1704 1536 Martiarum,
1742 1482 1791 1527 et
1827 1495 1900 1527 se-

149 1559 315 1622 pultus
356 1563 429 1605 est
467 1557 626 1620 primo
668 1555 864 1619 quidem
897 1557 1044 1620 juxta
1085 1558 1333 1606 ecclesiam
1380 1565 1558 1606 sanctae
1637 1598 1763 1635 Death
1777 1601 1820 1636 οἱ,

150 1641 322 1688 Mariae
342 1658 356 1701 3
391 1640 474 1688 sed
504 1639 816 1703 postmodum
847 1645 1120 1688 constructa
1152 1640 1332 1688 ibidem
1356 1640 1554 1688 ecclesia
1640 1648 1791 1685 ceadda

147 1722 412 1772 beatissimi
446 1721 774 1785 apostolorum
806 1721 1038 1785 principis
1073 1722 1220 1781 Petri,
1258 1722 1310 1769 in
1350 1722 1550 1770 eandem
1571 1705 1903 1750 [A.n.672.F10r.];

147 1811 263 1854 sunt
308 1808 408 1868 ejus
454 1821 559 1852 ossa
597 1804 845 1853 translata.
925 1803 988 1852 In
1023 1822 1121 1868 quo
1156 1809 1367 1868 utroque
1405 1805 1528 1864 1060,
1566 1804 1628 1852 ad
1667 1805 1902 1855 indicium

147 1888 344 1937 virtutis
362 1887 512 1946 illius,
529 1887 683 1934 solent
703 1887 869 1935 crebra
887 1887 1154 1945 sanitatum
1172 1887 1405 1936 miracula
1425 1889 1627 1951 operari.
1676 1888 1902 1953 Denique

145 1988 300 2034 nuper
327 1969 632 2034 phreneticus
656 1968 871 2033 quidam,
897 1969 1014 2017 dum
1042 1987 1130 2033 per
1153 1975 1328 2019 cuncta
1364 1971 1569 2018 errando
1593 1970 1902 2031 discurreret,

147 2053 341 2103 devenit
369 2052 438 2100 ibi
462 2069 674 2116 vespere,
699 2051 1025 2101 nescientibus
1054 2052 1155 2101 sive
1187 2070 1284 2101 non
1317 2052 1597 2101 curantibus
1630 2053 1723 2101 loci
1748 2058 1902 2103 custo-

148 2138 306 2196 dibus,
330 2142 379 2185 et
403 2135 471 2183 ibi
494 2141 598 2183 tota
620 2140 761 2183 nocte
790 2135 1103 2198 requiescens,
1131 2152 1271 2183 mane
1296 2140 1465 2183 sanato
1499 2152 1643 2183 sensu
1667 2153 1901 2200 egressus,

148 2218 437 2267 mirantibus
471 2223 522 2266 et
566 2217 888 2281 gaudentibus
924 2218 1124 2278 cunctis,
1162 2218 1282 2282 quid
1319 2218 1390 2265 ibi
1428 2218 1650 2267 sanitatis
1687 2219 1903 2269 Domino

148 2301 386 2364 largiente
405 2305 789 2365 consequeretur,
809 2301 1034 2349 ostendit.
1093 2301 1185 2350 Est
1208 2306 1371 2349 autem
1390 2301 1525 2349 locus
1544 2301 1674 2349 idem
1693 2303 1903 2365 sepulcri

146 2385 319 2432 tumba
359 2383 517 2447 lignea
556 2383 609 2431 in
649 2383 845 2431 modum
886 2384 1167 2433 domunculi
1213 2384 1341 2432 facta
1383 2388 1652 2447 coopertus,
1695 2384 1903 2434 habente

148 2466 363 2514 foramen
394 2465 446 2513 in
469 2465 665 2528 pariete,
691 2482 778 2529 per
802 2467 931 2530 quod
964 2467 1119 2515 solent
1146 2467 1199 2514 hi
1231 2467 1315 2531 qui
1351 2483 1495 2515 causa
1518 2467 1791 2516 devotionis
1816 2469 1902 2516 illo

149 2547 426 2606 adveniunt,
469 2564 669 2596 manum
706 2565 841 2597 suam
882 2549 1160 2609 immittere,
1203 2567 1258 2597 ac
1300 2554 1488 2613 partem
1525 2550 1741 2613 pulveris
1788 2551 1902 2600 inde

147 2630 430 2679 adsumere:
468 2647 610 2695 quam
630 2649 741 2679 cum
765 2631 816 2679 in
841 2648 989 2695 aquas
1014 2632 1238 2680 miserint
1260 2636 1408 2697 atque
1431 2632 1519 2680 has
1543 2633 1902 2683 infirmantibus

142 2712 378 2775 jumentis
413 2713 513 2761 sive
551 2713 827 2761 hominibus
869 2714 1134 2776 gustandas
1169 2715 1405 2774 dederint,
1444 2732 1559 2763 mox
1599 2716 1900 2766 infirmitatis

147 2794 310 2842 ablata
344 2794 578 2853 molestia,
614 2795 792 2859 cupitae
827 2795 1076 2858 sospitatis
1110 2796 1289 2859 gaudia
1323 2796 1567 2845 redibunt.

215 2876 279 2923 In
304 2877 439 2940 cujus
462 2877 620 2925 locum
640 2876 883 2925 ordinavit
904 2876 1186 2926 Theodorus
1205 2878 1514 2942 Vynfridum,
1529 2879 1693 2928 virum
1716 2881 1898 2929 bonum

145 2975 200 3007 ac
247 2959 532 3019 modestum,
569 2959 669 3022 qui,
707 2959 832 3007 sicut
871 2961 1241 3023 praedecessores
1281 2963 1399 3024 ejus,
1442 2979 1555 3026 pro·
1624 2981 1830 3024 suceeeded

145 3040 316 3089 vinciis
353 3040 646 3089 Merciorum
681 3044 730 3089 et
771 3041 1241 3091 Mediterraneorum
1282 3044 1555 3107 Anglorum
1590 3040 1643 3082 by
1658 3037 1863 3081 Wynfrith.

146 3128 196 3171 et
220 3123 609 3172 Lindisfarorum
632 3122 932 3187 episcopatus
957 3124 1110 3174 officio
1134 3132 1389 3190 praeesset:
1430 3127 1482 3174 in
1508 3125 1688 3190 quibus
1712 3123 1898 3172 cunctis

659 3246 671 3270 ¹
699 3250 806 3289 sexto
827 3246 914 3300 die]
935 3247 1085 3289 March
1108 3260 1143 3298 2,
1166 3259 1252 3290 ΑΛ).
1279 3249 1372 3302 672.
