2216 3554
229 189 343 238 CAP.
364 188 478 257 xm]
873 190 1035 239 Gentis
1068 188 1352 252 Anqlorum.
1874 194 1901 238 3
1912 193 1932 237 1
1943 194 1970 237 5

225 321 416 384 fastigia
453 322 753 370 flammarum
793 322 936 386 plena
970 338 1071 370 esse
1106 320 1356 384 spiritibus
1396 318 1661 377 hominum,
1699 317 1784 381 qui
1818 320 1975 368 instar

225 403 500 452 favillarum
536 421 646 453 cum
682 405 813 452 fumo
849 403 1208 452 ascendentium
1244 417 1374 449 nunc
1409 400 1471 448 ad
1506 401 1790 449 sublimiora
1824 402 1973 464 proji-

225 490 462 546 cerentur,
487 503 629 534 nunc.
650 487 872 535 retractis
900 486 1087 549 ignium
1118 484 1378 547 vaporibus
1410 483 1742 531 relaberentur
1773 484 1824 531 in
1860 501 1972 547 pro-

224 566 388 616 funda.
483 567 580 616 Sed
622 573 672 616 et
718 568 861 616 foetor
906 565 1296 629 incomparabilis
1343 582 1453 614 cum
1493 565 1672 613 eisdem
1713 565 1975 629 vaporibus

224 649 457 697 ebulliens
481 649 642 697 omnia
674 649 757 696 illa
780 649 1087 698 tenebrarum
1113 649 1219 697 loca
1249 648 1481 711 replebat.
1552 647 1622 695 Et
1654 664 1765 695 cum
1789 647 1975 696 diutius

224 729 294 776 ibi
322 730 525 794 pavidus
554 716 875 789 consisterem,
904 733 1075 792 utpote
1110 730 1322 778 incertus
1353 729 1471 793 quid
1499 745 1703 792 agerem,
1735 746 1831 792 quo
1866 746 1974 777 ver-

224 817 377 859 terem
400 828 630 875 gressum,
658 812 742 875 qui
766 828 843 860 me
866 811 979 859 finis
1001 815 1248 860 maneret:
1286 812 1433 860 audio
1464 811 1682 860 subitum
1705 815 1817 873 post
1839 816 1975 874 terga

224 894 436 942 sonitum
471 893 807 942 immanissimi
840 894 982 942 fletus
1017 910 1072 942 ac
1107 893 1381 954 miserrimi,
1419 894 1566 941 simul
1601 898 1651 941 et
1687 893 1975 942 cachinnum

224 977 542 1039 crepitantem
567 976 704 1039 quasi
727 976 864 1039 vulgi
896 975 1078 1024 indocti
1103 976 1255 1040 captis
1280 976 1503 1025 hostibus
1532 976 1826 1025 insultantis.
1899 976 1976 1024 Ut

223 1063 387 1106 autem
415 1058 599 1107 sonitus
631 1058 760 1106 idem
785 1058 959 1107 clarior
981 1058 1200 1107 redditus
1232 1059 1294 1107 ad
1326 1077 1403 1107 me
1427 1076 1578 1123 usque
1601 1059 1836 1123 pervenit,
1863 1075 1974 1107 con-

223 1140 379 1189 sidero
426 1141 621 1188 turbam
666 1140 989 1203 malignorum
1040 1141 1315 1204 spirituum,
1366 1159 1473 1205 quae
1523 1143 1735 1206 quinque
1789 1141 1975 1191 animas

223 1222 475 1270 hominum
510 1228 767 1272 moerentes
803 1223 1146 1287 ejulantesque,
1175 1223 1282 1287 ipsa
1316 1225 1528 1273 multum
1563 1226 1785 1274 exultans
1815 1231 1863 1274 et
1899 1242 1974 1273 ca-

222 1304 473 1364 chinnans,
498 1305 680 1352 medias
716 1305 824 1353 illas
858 1305 1083 1354 trahebat
1114 1306 1169 1354 in
1204 1307 1451 1355 tenebras:
1488 1325 1514 1356 e
1550 1308 1726 1371 quibus
1749 1308 1975 1356 videlicet

222 1387 508 1446 hominibus,
528 1393 585 1436 ut
610 1387 888 1450 dignoscere
912 1389 1064 1451 potui,
1085 1389 1282 1452 quidam
1302 1394 1407 1438 erat
1429 1390 1659 1439 adtonsus
1676 1397 1732 1439 ut
1757 1390 1973 1450 clericus,

223 1470 422 1534 quidam
455 1470 618 1530 laicus,
648 1471 868 1534 quaedam
901 1471 1093 1520 femina.
1165 1472 1430 1521 Trahentes
1466 1478 1627 1521 autem
1662 1490 1743 1521 eos
1771 1472 1975 1536 maligni

221 1553 424 1616 spiritus
466 1553 813 1601 descenderunt
850 1554 902 1600 in
939 1554 1156 1602 medium
1194 1555 1377 1603 baratri
1423 1556 1556 1603 illius
1597 1555 1810 1604 ardentis
1825 1573 1838 1617 ;
1874 1556 1971 1603 fac-

221 1642 422 1698 tumque
445 1641 518 1683 est
541 1641 598 1684 ut
630 1652 742 1683 cum
769 1636 962 1698 longius
999 1637 1318 1686 subeuntibus
1347 1637 1416 1687 eis
1446 1638 1615 1687 fletum
1646 1638 1900 1686 hominum
1925 1641 1975 1686 et

220 1717 374 1765 risum
387 1718 736 1767 daemoniorum
752 1719 878 1767 clare
893 1719 1162 1768 discernere
1178 1720 1441 1784 nequirem,
1451 1738 1624 1769 sonum
1639 1727 1803 1770 tamen
1817 1720 1974 1769 adhuc

219 1801 548 1863 promiscuum
584 1801 636 1849 in
663 1802 861 1850 auribus
892 1803 1136 1852 haberem.
1206 1803 1400 1852 Interea
1432 1804 1748 1852 ascenderunt
1777 1803 1974 1867 quidam

219 1882 482 1946 spirituum
507 1885 820 1932 obscurorum
844 1884 903 1932 de
926 1886 1099 1949 abysso
1123 1886 1208 1934 illa
1231 1886 1567 1945 flammivoma,
1594 1890 1642 1935 et
1665 1886 1975 1934 adcurrentes

219 1966 638 2015 circumdederunt
688 1984 778 2026 mc,
824 1972 972 2032 atque
1017 1969 1168 2017 oculis
1206 1969 1565 2019 flammantibus
1605 1975 1654 2018 et
1697 1969 1756 2017 de
1797 1985 1878 2016 ore
1919 1983 1975 2015 ac

219 2049 417 2096 naribus
455 2049 618 2113 ignem
652 2050 879 2113 putidum
915 2051 1128 2099 efflantes
1164 2051 1438 2115 angebant,
1487 2051 1747 2115 forcipibus
1784 2066 1974 2114 quoque

220 2131 374 2193 igneis
411 2149 531 2195 quos
566 2133 795 2181 tenebant
829 2133 881 2181 in
913 2133 1148 2193 manibus,
1176 2134 1527 2182 minitabantur
1556 2152 1633 2182 me
1663 2133 1974 2197 comprehen-

219 2213 347 2272 dere,
370 2231 458 2262 nec
480 2221 644 2262 tamen
667 2233 744 2264 me
767 2216 1010 2264 ullatenus
1039 2217 1333 2280 contingere,
1357 2218 1552 2265 tametsi
1585 2222 1762 2265 terrere
1791 2233 1973 2280 praesu-

221 2297 429 2344 mebant.
502 2296 599 2357 Qui
637 2315 749 2346 cum
790 2298 1197 2361 undiqueversum
1237 2299 1460 2348 hostibus
1498 2306 1547 2348 et
1588 2299 1802 2348 caecitate
1841 2303 1974 2348 tene-

220 2379 420 2427 brarum
460 2380 710 2428 conclusus
750 2380 844 2429 huc
889 2380 1099 2444 illucque
1138 2382 1299 2429 oculos
1342 2381 1715 2441 circumferrem,
1760 2382 1801 2430 si
1847 2381 1973 2431 forte

220 2461 439 2509 alicunde
473 2461 593 2525 quid
625 2462 794 2509 auxilii
818 2479 913 2525 quo
947 2462 1170 2523 salvarer,
1196 2463 1459 2523 adveniret,
1483 2463 1711 2527 apparuit
1739 2468 1870 2512 retro
1894 2462 1976 2512 via

221 2560 317 2606 qua
362 2560 589 2591 veneram
632 2545 771 2608 quasi
810 2545 972 2607 fulgor
1010 2545 1159 2593 stellae
1200 2545 1406 2594 meantis
1448 2545 1578 2595 inter
1618 2547 1851 2605 tenebras,
1890 2545 1974 2610 qui

219 2625 456 2689 paulatim
490 2643 702 2675 crescens
735 2631 785 2675 et
816 2628 878 2675 ad
909 2634 986 2675 'me
1018 2627 1151 2675 ocius
1181 2627 1416 2676 festinans
1447 2628 1531 2676 ubi
1563 2628 1975 2693 adpropinquavit

220 2708 423 2771 dispersi
470 2714 587 2756 sunt
634 2714 684 2757 et
730 2708 1022 2771 aufugerunt
1058 2725 1223 2757 omnes
1259 2709 1345 2773 qui
1386 2727 1462 2758 me
1499 2710 1763 2775 forcipibus
1804 2727 1974 2775 rapere

221 2791 503 2854 quaerebant
538 2791 741 2854 spiritus
776 2791 956 2839 infesti.

290 2877 302 2899 ‘
319 2872 411 2920 Ille
447 2877 608 2920 autem
643 2873 726 2936 qui
758 2873 1018 2921 adveniens
1047 2889 1128 2922 eos
1158 2873 1360 2937 fugavit,
1388 2881 1490 2924 erat
1522 2875 1623 2939 ipse
1648 2876 1732 2940 qui
1763 2892 1839 2923 me
1862 2881 1973 2922 ante

220 2956 455 3003 ducebat:
505 2955 591 3018 qui
629 2972 741 3002 mox
785 2971 1043 3003 conversus
1082 2956 1144 3003 ad
1187 2956 1438 3006 dexterum
1480 2958 1587 3018 iter,
1630 2958 1766 3022 quasi
1808 2962 1974 3005 contra

221 3041 382 3085 ortum
407 3035 522 3084 solis
554 3036 820 3084 brumalem
847 3053 923 3084 me
947 3036 1120 3085 ducere
1153 3037 1310 3101 coepit.
1381 3039 1431 3086 N
1434 3057 1485 3088 ec
1518 3057 1667 3099 mora,
1695 3042 1973 3101 exemptum

219 3119 433 3168 tenebris
462 3118 511 3166 in
544 3136 683 3166 auras
718 3136 794 3167 me
828 3135 1005 3167 serenae
1037 3119 1157 3168 lucis
1190 3121 1390 3170 eduxit:
1429 3139 1633 3185 cumque
1668 3138 1744 3168 me
1780 3120 1832 3167 in
1867 3120 1971 3166 luce

220 3204 387 3264 aperta
411 3200 621 3260 duceret,
647 3200 749 3247 vidi
778 3205 890 3248 ante
923 3217 1010 3248 nos
1042 3217 1235 3249 murum
1267 3203 1634 3266 permaximum,
1660 3205 1794 3265 cujus
1817 3218 1972 3264 neque

221 3283 515 3348 longitudini
550 3283 663 3333 hinc
695 3283 773 3333 vel
807 3283 932 3344 inde,
966 3299 1123 3349 neque
1157 3284 1408 3334 altitudini
1440 3286 1567 3334 ullus
1598 3302 1698 3334 esse
1735 3283 1971 3334 terminus
