2216 3554
170 183 291 234 CAP.
317 177 449 249 xx1.]
825 177 989 227 Gentis
1021 176 1308 240 Anqlorum.
1818 177 1912 223 351

171 315 419 375 decimam,
446 330 553 378 quae
578 316 750 362 cuncta
781 329 842 361 ex
869 312 1003 374 Lege
1037 280 1338 360 observandas
1363 307 1642 371 accepimus,
1670 314 1913 370 exspecta-

171 415 279 446 mus
303 398 460 446 adhuc
483 400 707 444 monente
731 394 996 457 Evangelio
1025 394 1075 440 in
1099 394 1204 456 ipsa
1227 391 1525 441 hebdomada
1547 390 1693 439 tertia
1721 396 1914 453 tempus

170 480 266 528 diei
300 479 582 537 Dominicae,
615 482 664 526 et
698 477 766 525 sic
800 477 994 525 demum
1026 477 1193 525 votiva
1226 474 1414 540 paschae
1447 473 1601 522 nostri
1635 473 1759 520 festa
1794 473 1913 520 cele-

168 563 382 620 bramus,
407 566 464 609 ut
487 560 752 608 indicemus
775 577 862 607 nos
886 576 983 606 non
1007 576 1117 607 cum
1146 558 1360 622 antiquis
1384 572 1637 605 excussum
1661 554 1912 618 AEgyptiae

169 644 418 692 servitutis
446 643 620 706 jugum
643 641 878 701 venerari,
904 642 986 688 sed
1010 642 1394 705 redemptionem
1415 640 1569 688 totius
1594 637 1777 693 mundi,
1804 653 1911 700 quae

167 728 219 774 in
242 726 433 790 antiqui
467 725 544 773 De
596 723 765 787 populi
796 723 1081 772 liberatione
1109 725 1430 787 praefigurata,
1457 721 1511 769 in
1540 720 1724 770 Christi
1747 725 1910 768 autem

166 809 512 858 resurrectione
559 807 795 870 completa
841 810 927 865 est,
976 807 1148 855 devota
1194 807 1288 854 fide
1336 822 1392 854 ac
1438 803 1692 852 dilectione
1739 802 1909 860 colere,

166 890 525 940 resurrectionis
550 889 695 937 etiam
719 894 910 947 nostrae,
936 906 1082 952 quam
1106 889 1271 937 eadem
1294 888 1372 936 die
1405 885 1658 935 Dominica
1689 886 1908 933 futuram

166 974 420 1031 credimus,
456 988 539 1035 spe
573 988 661 1018 nos
702 971 964 1019 certissima
1005 972 1213 1035 gaudere
1253 971 1510 1034 signemus.
1598 968 1698 1016 Hie
1745 972 1909 1016 autem

165 1073 310 1119 quem
338 1054 472 1103 vobis
507 1053 803 1117 sequendum
837 1059 1175 1112 monstramus,
1214 1056 1467 1115 computus
1502 1050 1705 1114 paschae,
1740 1050 1908 1097 decen-

163 1136 386 1186 novenali
421 1135 601 1184 circulo
631 1135 934 1193 continetur;
972 1135 1058 1198 qui
1093 1135 1276 1182 dudum
1311 1133 1521 1198 quidem,
1551 1132 1641 1180 hoc
1673 1134 1758 1189 est,
1788 1131 1908 1193 ipsis

162 1218 490 1281 apostolorum
521 1217 832 1280 temporibus,
852 1217 954 1279 jam
988 1216 1168 1264 servari
1199 1217 1253 1264 in
1286 1215 1482 1264 ecclesia
1515 1213 1672 1277 coepit,
1698 1213 1907 1269 maxime

160 1300 333 1350 Romae
362 1305 411 1349 et
442 1301 658 1364 AEgypti,
683 1305 740 1349 ut
771 1317 914 1364 supra
940 1302 1040 1363 jam
1071 1299 1297 1348 diximus.
1368 1299 1474 1348 Sed·
1494 1314 1582 1361 per
1612 1297 1907 1344 industriam

161 1381 394 1430 Eusebii¹
430 1382 515 1446 qui
550 1399 579 1430 a
613 1384 751 1431 beato
787 1387 997 1446 martyre
1033 1381 1292 1445 Pamphilo
1331 1397 1591 1443 cognomen
1626 1379 1783 1438 habet,
1810 1379 1906 1426 dis-

160 1465 359 1512 tinctius
391 1465 443 1511 in
467 1465 684 1512 ordinem
714 1465 1007 1528 compositus
1039 1469 1111 1512 est
1127 1481 1140 1524 3
1175 1468 1232 1511 ut
1266 1463 1395 1527 quod
1419 1468 1613 1510 eatenus
1637 1478 1725 1524 per
1756 1459 1906 1508 Alex-

158 1547 340 1595 andriae
376 1546 655 1610 pontificem
691 1547 891 1611 singulis
926 1546 1063 1594 annis
1098 1563 1186 1609 per
1221 1562 1384 1593 omnes
1425 1545 1645 1593 ecclesias
1685 1543 1905 1592 mandari

158 1634 481 1689 consueverat,
505 1631 605 1691 jam
629 1629 802 1677 deinde
826 1636 1048 1692 congesta
1072 1629 1125 1676 in
1149 1627 1367 1676 ordinem
1396 1627 1517 1675 serie
1541 1627 1670 1675 lunae
1695 1632 1903 1689 quartae-

157 1711 354 1759 decimae
394 1711 622 1760 facillime
663 1717 824 1774 posset
864 1712 924 1760 ab
965 1711 1186 1760 omnibus
1228 1709 1355 1757 sciri.
1429 1709 1582 1772 Cujus
1621 1714 1904 1771 computum

154 1794 389 1858 paschalis
426 1794 722 1857 Theophilus
759 1794 1070 1843 Alexandriae
1110 1793 1288 1856 praesul
1330 1792 1382 1839 in
1428 1796 1621 1839 centum
1663 1807 1902 1839 annorum

154 1883 345 1941 tempus
382 1878 645 1926 Theodosio
680 1877 962 1941 imperatori
999 1875 1284 1939 composuit.
1354 1875 1481 1922 Item
1517 1890 1757 1921 successor
1800 1875 1901 1935 ers

157 1959 368 2022 Cyrillus
414 1960 586 2008 seriem
631 1960 896 2024 nonaginta
941 1965 990 2007 et
1041 1958 1253 2022 quinque
1300 1973 1535 2005 annorum
1588 1955 1640 2002 in
1687 1955 1901 2019 quinque

155 2040 615 2091 decennovenalibus
651 2043 840 2091 circulis
877 2040 1270 2106 comprehendit:
1307 2044 1419 2103 post
1454 2055 1596 2102 quem
1634 2038 1899 2100 Dionysius

155 2122 377 2186 Exiguus
400 2125 603 2173 totidem
627 2126 744 2173 alios
768 2142 828 2173 ex
852 2124 1018 2173 ordine
1037 2123 1143 2187 pari
1162 2123 1401 2170 schemate
1427 2121 1701 2179 subnexuit,
1728 2120 1813 2183 qui
1838 2121 1900 2168 ad

153 2211 319 2253 nostra
342 2223 496 2270 usque
518 2211 739 2269 tempora
762 2207 1118 2271 pertingebant.
1190 2205 1376 2266 Quibus
1405 2203 1614 2251 termino
1638 2202 1897 2266 adpropin-

153 2288 430 2351 quantibus,
455 2293 591 2337 tanta
614 2289 756 2337 hodie
788 2289 1131 2337 calculatorum
1156 2288 1387 2335 exuberat
1419 2286 1568 2349 copia,
1593 2291 1650 2333 ut
1674 2284 1821 2332 etiam
1845 2284 1898 2332 in

153 2371 332 2419 nostris
355 2388 440 2434 per
458 2371 755 2419 Brittaniam
780 2371 990 2419 ecclesiis
1014 2371 1175 2434 plures
1199 2370 1299 2417 sint
1323 2369 1405 2432 qui
1430 2367 1669 2417 mandatis
1693 2384 1898 2414 memor-

151 2454 211 2503 iae
246 2453 489 2501 veteribus
524 2453 619 2501 illis
653 2453 997 2517 AEgyptiorum
1035 2453 1335 2516 argumentis
1366 2451 1588 2500 facillime
1623 2449 1811 2513 possint
1845 2449 1898 2502 in

152 2536 392 2599 quotlibet
415 2535 571 2598 spatia
594 2541 866 2598 temporum
890 2535 1134 2599 paschales
1158 2534 1444 2599 protendere
1469 2532 1684 2592 circulos,
1705 2531 1897 2580 etiamsi

149 2619 210 2667 ad
248 2619 535 2682 quingentos
566 2635 717 2681 usque
754 2622 803 2666 et
838 2618 1042 2681 triginta
1070 2617 1189 2665 duos
1220 2616 1462 2666 voluerint
1499 2632 1680 2675 annos;
1718 2615 1896 2681 quibus

151 2701 367 2765 expletis,
395 2700 556 2748 omnia
581 2717 688 2764 quae
711 2701 773 2748 ad
805 2699 916 2748 solis
942 2706 990 2748 et
1021 2700 1162 2760 lunae,
1188 2699 1365 2748 mensis
1399 2704 1448 2747 et
1481 2698 1760 2762 septimanae
1784 2714 1896 2745 con-

204 2818 218 2840 ¹
246 2818 428 2871 Eusehii]
461 2817 588 2867 Beda,
626 2818 669 2856 in
698 2816 763 2856 his
792 2817 899 2857 book
928 2817 993 2856 De
1049 2816 1276 2868 Episcopus
1335 2815 1590 2867 temporibus
1660 2813 1894 2853 Alexandri

149 2874 319 2913 Natura
339 2874 509 2921 Rerum,
537 2886 571 2913 c.
592 2885 657 2922 44,
678 2872 854 2925 perhaps
874 2875 992 2924 quot·
1048 2871 1313 2924 Imperatoris
1339 2870 1591 2922 conscripsit.
1648 2869 1749 2907 Post
1769 2881 1893 2919 quem

146 2930 218 2980 ing
243 2929 349 2967 from
379 2929 409 2968 J
414 2941 561 2973 emme,
595 2928 661 2966 De
692 2927 782 2967 Vir.
823 2927 889 2967 Ill.
922 2926 987 2976 61,
1046 2925 1325 2978 probatissimi
1355 2930 1556 2970 auctores,
1583 2923 1788 2963 Eusebius
1808 2923 1893 2961 Cae-

149 2997 243 3036 says
271 2983 365 3022 that
392 2982 594 3022 Eusebius
622 2995 705 3021 was
734 2981 807 3020 the
835 2982 924 3020 first
948 2986 991 3022 to
1046 2980 1249 3029 sariensis,
1279 2980 1533 3032 Theophilus
1567 2977 1891 3022 Alexandrinus,

147 3051 333 3090 compose
361 3051 387 3077 a
420 3037 535 3090 cycle
570 3036 616 3076 of
639 3037 831 3075 nineteen
860 3049 991 3088 years,
1048 3036 1223 3088 Prosper
1251 3049 1415 3087 quoque
1442 3035 1609 3074 natione
1635 3033 1886 3082 Aquitanus,

147 3093 223 3132 but
272 3093 366 3131 that
416 3092 672 3144 Hippolytus
721 3091 804 3130 had
855 3091 993 3131 before
1048 3094 1174 3143 atque
1204 3091 1457 3135 Victorinus,
1488 3087 1744 3140 amplificatis
1782 3086 1889 3136 ejus-

148 3147 362 3199 composed
413 3160 491 3186 one
540 3148 585 3186 of
640 3146 803 3185 sixteen
854 3159 983 3198 years.
1042 3144 1628 3190 demfestivitatisrationibus,
1638 3140 1888 3191 multiplices

147 3202 330 3242 Isidorus
375 3201 645 3253 Hispalensis,
690 3202 744 3240 vi.
774 3210 835 3251 17,
863 3201 988 3252 Orig.,
1043 3200 1216 3240 circulos
1246 3197 1490 3239 ediderunt.'
1549 3198 1625 3236 See
1659 3194 1887 3234 Fabricius’

146 3270 251 3310 says,
272 3264 281 3278 ‘
299 3256 541 3296 Paschalem
560 3257 720 3309 cyclum
735 3255 988 3308 Hippolytus
1042 3260 1154 3305 note,
1176 3256 1355 3296 Routh’s
1375 3252 1593 3305 Opuscula,
1614 3252 1640 3290 i.
1659 3251 1723 3302 46.
