2216 3554
173 177 293 226 CAP.
309 172 476 244 XXIV]
736 196 738 198 ’
795 175 958 225 Gentis
991 173 1031 222 A
1040 175 1281 238 nqlorum.
1825 182 1912 227 191

173 309 310 356 Idem
349 312 511 357 autem
548 324 635 355 rex
671 305 827 355 Osuiu
866 305 1024 354 tribus
1065 305 1204 354 annis
1246 308 1355 368 post
1395 304 1680 353 occisionem
1722 307 1919 357 Pendan

171 391 312 455 regis,
350 389 641 439 Merciorum
676 387 824 453 genti,
861 405 1049 436 necnon
1083 393 1133 436 et
1174 387 1360 436 caeteris
1402 387 1689 436 australium
1724 391 1918 452 provin-

170 474 355 522 ciarum
388 472 579 537 populis
614 470 839 534 praefuit:
890 470 974 534 qui
1011 470 1156 519 etiam
1192 474 1386 534 gentem
1424 469 1669 518 Pictorum
1709 472 1919 520 maxima

170 572 229 602 ex
263 560 401 618 parte
435 571 583 618 regno
616 553 887 616 Anglorum
923 552 1139 615 subjecit.

238 637 348 698 Quo
383 641 597 700 tempore
631 634 831 683 donavit
865 634 1065 697 praefato
1102 634 1273 693 Peada,
1310 633 1412 681 filio
1447 634 1577 697 regis
1615 634 1831 694 Pendan,
1863 654 1917 685 eo

169 719 298 781 quod
333 724 456 767 esset
491 723 723 781 cognatus
760 733 889 775 suus,
915 733 1119 780 regnum
1148 716 1437 764 australium
1465 716 1758 766 Merciorum
1776 719 1805 778 ¹,
1832 720 1917 783 qui

169 807 296 860 sunt,
331 807 388 849 ut
433 801 614 858 dicunt,
661 798 957 847 familiarum
1004 799 1218 862 quinque
1263 798 1488 857 millium,
1526 799 1722 849 discreti
1768 802 1918 850 fluvio

169 883 380 932 Treanta
408 884 467 931 ab
489 881 847 946 aquilonalibus
880 880 1091 940 Merciis,
1118 899 1327 945 quorum
1352 886 1482 930 terra
1516 888 1589 930 est
1619 884 1916 933 familiarum

169 973 351 1029 septem
399 966 620 1014 millium.
695 965 791 1014 Sed
834 964 961 1012 idem
1003 964 1167 1013 Peada
1202 964 1424 1028 proximo
1466 982 1576 1013 vere
1681 995 1824 1031 Mercia

168 1049 377 1096 multum
395 1048 576 1096 nefarie
598 1053 878 1112 peremptus
903 1053 989 1106 est,
1008 1046 1297 1110 proditione,
1314 1051 1372 1095 ut
1391 1047 1574 1107 dicunt,
1688 1046 1824 1130 reuelst

167 1131 414 1195 conjugis²
459 1148 572 1190 suae,
618 1130 670 1178 in
722 1129 828 1194 ipso
888 1135 1106 1193 tempore
1161 1129 1274 1177 festi
1319 1130 1573 1193 paschalis
1618 1106 1877 1181 osxivigliixider

168 1213 417 1277 Conpletis
450 1219 612 1261 autem
648 1213 807 1261 tribus
841 1212 1011 1260 annis⁸
1044 1216 1154 1276 post
1191 1211 1574 1261 interfectionem
1651 1195 1846 1287 ἶῑᾞὴξζξ

166 1295 366 1343 Pendan
411 1296 550 1359 regis,
590 1295 889 1343 rebellarunt
928 1295 1156 1342 adversus
1203 1312 1365 1358 regem
1414 1295 1567 1343 Osuiu
1641 1295 1677 1329 S·
1694 1295 1862 1336 ebrona.

166 1379 342 1426 duces⁴
375 1379 534 1442 gentis
570 1378 863 1426 Merciorum
897 1377 1096 1437 Immin,
1130 1382 1180 1425 et
1215 1378 1349 1436 Eafa,
1379 1383 1428 1426 et
1463 1378 1720 1435 Eadberct,
1757 1376 1915 1424 levato

165 1461 217 1507 in
263 1478 426 1525 regem
474 1461 732 1519 Vulfhere‚
770 1459 870 1508 filio
918 1459 1131 1522 ejusdem
1178 1460 1376 1507 Pendan
1422 1460 1735 1517 adolescente,
1773 1474 1916 1521 quem

166 1542 407 1590 occultum
435 1546 772 1602 servaverant3
810 1546 860 1589 et
896 1540 1057 1604 ejectis
1088 1540 1392 1604 principibus
1426 1540 1554 1605 regis
1586 1558 1683 1589 non
1714 1539 1915 1603 proprii,

165 1625 283 1672 fines
318 1641 428 1672 suos
460 1623 653 1672 fortiter
683 1624 825 1672 simul
863 1628 913 1671 et
944 1623 1222 1671 libertatem
1259 1627 1571 1687 receperunt:
1611 1623 1773 1686 sicque
1806 1639 1917 1670 cum

164 1723 250 1755 suo
274 1723 387 1770 rege
410 1706 564 1766 liberi,
591 1706 785 1755 Christo
810 1723 925 1754 vero
959 1707 1063 1768 regi
1091 1724 1180 1770 pro
1210 1706 1503 1769 sempiterno
1536 1706 1589 1754 in
1613 1706 1742 1755 caelis
1766 1722 1915 1769 regno
1962 1755 1968 1760 ,

162 1788 344 1837 servire
374 1789 662 1852 gaudebant.
735 1789 943 1837 Praefuit
972 1794 1135 1836 autem
1172 1805 1257 1836 rex
1289 1788 1419 1837 idem
1451 1789 1588 1852 genti
1622 1788 1916 1835 Merciorum

163 1871 300 1919 annis
323 1871 485 1919 decem
512 1875 561 1919 et
589 1877 786 1935 septem,
812 1871 1078 1934 habuitque
1103 1870 1316 1934 primum
1341 1871 1619 1935 episcopum
1643 1870 1915 1928 Trumheri‚

162 1955 221 2002 (le
257 1971 352 2018 quo
394 1970 540 2016 supra
578 1953 805 2011 diximus,
844 1953 1106 2000 secundum
1140 1953 1179 2001 J
1180 1970 1398 2011 aruman,
1433 1954 1635 2002 tertium
1675 1952 1914 2010 Ceaddan,

162 2041 393 2100 quartum
432 2036 745 2099 Vynfridum.
819 2036 998 2084 Omnes
1038 2035 1091 2083 hi
1132 2052 1220 2099 per
1264 2035 1485 2083 ordinem
1526 2036 1722 2084 sibimet
1758 2051 1917 2083 succe-

163 2120 331 2167 dentes
372 2119 462 2168 sub
507 2136 618 2183 rege
659 2119 915 2179 Vulfhere‚
955 2118 1115 2183 gentis
1158 2118 1453 2166 Merciorum
1484 2119 1765 2182 episcopatu.
1803 2125 1917 2166 sunt

162 2202 330 2250 functi.

220 2325 232 2347 ¹
262 2324 508 2366 australium
549 2325 818 2377 Merciorum]
874 2325 1008 2364 These
1119 2323 1134 2346 ²
1163 2324 1364 2377 conjuqis]
1423 2324 1638 2373 Ealhflaed,
1687 2338 1713 2365 a
1759 2325 1918 2377 daugh-

163 2383 275 2419 must
292 2380 441 2419 almost
460 2381 624 2432 exactly
642 2379 888 2432 correspond
906 2380 1009 2419 with
1064 2383 1130 2418 ter
1158 2380 1204 2418 of
1219 2380 1368 2428 Oswio,
1393 2394 1461 2420 866
1489 2394 1528 2432 p.
1555 2381 1656 2425 180;
1685 2381 1763 2419 but
1792 2386 1836 2420 to
1866 2381 1918 2419 be
1946 2398 1958 2425 ς

165 2435 236 2474 the
250 2434 412 2474 Middle
425 2435 596 2487 Angles‚
612 2431 855 2475 mentioned
864 2448 902 2486 p.
918 2436 1007 2474 180.
1065 2434 1371 2486 distinguished
1423 2435 1528 2474 from
1578 2435 1758 2483 AElfiaed,
1805 2449 1918 2474 men-

163 2490 224 2529 To
246 2492 421 2528 account
448 2489 511 2528 for
528 2489 601 2529 the
629 2490 840 2530 smallness
868 2490 915 2529 of
938 2489 1010 2528 the
1064 2489 1208 2529 tioned
1243 2490 1374 2530 above
1412 2490 1456 2529 in
1488 2490 1575 2530 this
1607 2491 1780 2542 chapter
1813 2504 1858 2530 as
1892 2505 1918 2531 a

164 2544 336 2595 hideage
354 2543 560 2584 reckoned
589 2545 684 2584 here
713 2549 757 2584 to
777 2544 848 2585 the
869 2544 1009 2583 North
1066 2557 1166 2584 nun.

164 2598 247 2637 and
283 2598 415 2637 South
453 2598 660 2638 Mercians
699 2600 827 2650 (1200
858 2599 1008 2647 hides),
1121 2598 1137 2622 ³
1164 2598 1296 2640 tribus
1351 2600 1495 2652 annis]
1555 2611 1647 2641 ΑΛ).
1696 2599 1790 2651 657.
1874 2601 1916 2640 S.

164 2652 248 2692 and
294 2652 365 2691 the
411 2652 629 2693 differenee
683 2654 872 2694 between
928 2654 1011 2693 this
1066 2653 1218 2694 Chron.

164 2711 340 2747 account
398 2708 481 2747 and
535 2708 629 2748 that
684 2708 733 2748 of
782 2708 1011 2760 Spehnan’s
1120 2707 1136 2731 ⁴
1163 2707 1301 2760 duces]
1333 2713 1343 2729 ‘
1357 2708 1401 2748 It
1421 2709 1456 2747 is
1477 2723 1600 2762 every
1614 2723 1708 2762 way
1719 2709 1916 2761 probable

166 2763 272 2807 Ms„
299 2762 432 2801 which
454 2763 625 2802 reckons
656 2774 802 2814 30,000
828 2763 942 2802 hides
967 2767 1012 2802 to
1067 2763 1168 2802 both
1198 2764 1292 2803 that
1321 2763 1393 2802 the
1432 2764 1623 2804 Mercian
1660 2764 1793 2803 dukes
1833 2764 1917 2802 and

165 2817 355 2869 Myrcna,
377 2816 558 2856 Kemble
577 2822 764 2869 suggests
783 2817 877 2857 that
896 2817 1012 2857 Beda
1067 2818 1111 2856 N
1114 2817 1430 2858 orthhumbrian
1442 2819 1605 2870 princes
1619 2818 1858 2858 mentioned
1871 2819 1916 2856 in

165 2884 260 2923 may
287 2871 386 2910 here
414 2871 588 2911 exclude
616 2872 689 2911 the
711 2872 1012 2925 West-Angles
1067 2873 1150 2912 this
1169 2886 1340 2925 passage
1361 2887 1468 2913 were
1495 2875 1610 2914 fiscal
1637 2874 1721 2913 and
1740 2873 1915 2912 admini-

165 2926 248 2966 and
267 2926 386 2966 other
403 2931 518 2978 parts
537 2927 583 2965 of
596 2926 668 2965 the
686 2932 806 2979 great
819 2927 1012 2967 Mercian
1066 2928 1251 2976 strative,
1268 2933 1340 2968 not
1358 2930 1517 2982 merely
1533 2929 1716 2981 military
1729 2927 1914 2967 Officers!

165 2981 387 3032 kingdom3
417 2981 444 3020 i.
459 2981 524 3032 83,
546 2985 654 3020 note.
1067 2982 1260 3030 Kemble,
1279 2983 1324 3023 ii.
1346 2994 1434 3034 133.
