2216 3554
183 159 304 210 CAP.
322 156 452 227 XXI]
817 159 982 210 Gentis
1018 159 1301 223 Anylorum.
1841 165 1940 210 355

180 290 262 340 Sic
295 291 427 340 enim
449 290 506 339 fit
529 296 585 340 ut
618 295 729 354 post
759 295 1004 354 acceptam
1034 291 1316 354 temporalis
1350 290 1487 355 regni
1522 291 1794 355 potentiam
1832 292 1935 356 ipse

183 374 492 422 beatissimus
538 372 865 437 apostolorum
911 372 1137 436 princeps
1185 372 1387 422 caelestis
1429 390 1622 437 quoque
1669 373 1808 438 regni
1844 375 1938 422 tibi

183 456 379 520 tuisque
416 473 526 505 cum
572 454 759 504 caeteris
802 453 967 502 electis
1007 454 1162 503 libens
1199 456 1384 518 pandat
1421 455 1694 505 introitum.
1767 456 1940 505 Gratia

181 542 232 587 te
250 538 403 603 Regis
425 537 596 587 aeterni
618 536 826 600 longiori
848 541 1066 600 tempore
1088 542 1371 601 regnantem
1393 537 1457 586 ad
1480 541 1697 586 nostram
1721 538 1939 587 omnium

181 637 350 684 pacem
374 620 613 669 custodiat
635 619 941 681 incolumem,
966 617 1275 668 dilectissime
1298 619 1351 667 in
1377 619 1572 669 Christo
1597 620 1697 668 fili?

251 703 376 752 Haec
422 703 624 767 epistola
671 719 781 750 cum
822 705 1059 766 praesente
1096 719 1210 766 rege
1247 702 1478 763 Naitono,
1515 702 1779 767 multisque
1820 702 1938 752 viris

183 786 492 846 doctioribus,
518 790 642 834 esset
677 785 812 844 lecta,
838 802 892 833 ac
916 785 1180 849 diligenter
1203 786 1264 834 ab
1287 785 1364 834 his
1390 785 1475 850 qui
1499 785 1772 849 intelligere
1801 789 1939 850 pote-

181 874 296 917 rant
343 869 396 917 in
433 868 652 931 linguam
688 869 791 931 ejus
831 867 1081 932 propriam
1117 868 1452 932 interpretata,
1489 869 1704 916 multum
1739 867 1798 916 de
1834 871 1937 931 ejus

180 951 521 1000 exhortatione
577 950 771 1014 gavisus
819 966 921 998 esse
969 950 1283 1014 perhibetur,
1343 951 1415 999 ita
1461 954 1521 999 ut
1567 967 1829 1014 exsurgens
1877 951 1937 999 de

179 1034 338 1083 medio
373 1034 669 1098 optimatum
704 1049 900 1082 suorum
941 1049 1166 1081 consessu
1206 1047 1365 1097 genua
1400 1032 1614 1082 flecteret
1653 1033 1706 1081 in
1741 1037 1934 1094 terram,

180 1116 287 1165 Deo
321 1115 502 1180 gratias
538 1132 696 1179 agens,
724 1115 855 1179 quod
888 1115 986 1164 tale
1020 1115 1363 1164 munusculum
1398 1115 1459 1164 de
1493 1121 1624 1165 terra
1658 1113 1934 1180 Anglorum

178 1204 447 1248 mereretur
481 1198 708 1262 accipere.
782 1197 879 1246 ‘Et
915 1198 1111 1262 quidem
1146 1203 1196 1246 et
1231 1203 1374 1247 antea
1408 1198 1553 1259 novi‚’
1588 1198 1765 1263 inquit,
1790 1203 1803 1224 ‘
1819 1199 1935 1263 quia

177 1282 282 1331 haec
317 1286 421 1330 erat
443 1298 557 1330 vera
592 1280 782 1344 paschae
818 1280 1090 1341 celebratio,
1115 1281 1199 1329 sed
1223 1280 1277 1328 in
1308 1284 1506 1329 tantum
1529 1281 1673 1329 modo
1696 1281 1934 1330 rationem

176 1364 323 1427 hujus
359 1362 594 1427 temporis
630 1362 916 1411 observandi
942 1379 1189 1427 cognosco,
1214 1369 1272 1412 ut
1295 1381 1470 1427 parum
1496 1363 1619 1412 mihi
1643 1363 1934 1412 omnimodis

175 1446 343 1494 videar
360 1446 420 1494 de
443 1445 522 1494 his
545 1448 688 1495 antea
711 1445 1021 1494 intellexisse.
1082 1446 1231 1495 Unde
1254 1447 1418 1510 palam
1440 1446 1684 1511 profiteor,
1700 1446 1934 1510 vobisque

176 1528 262 1592 qui
286 1527 516 1576 adsidetis
547 1527 866 1591 praesentibus
894 1530 1150 1591 protestor,
1176 1528 1292 1592 quia
1314 1529 1405 1578 hoc
1428 1529 1589 1579 obser·
1631 1549 1736 1592 King
1751 1549 1895 1585 Naiton

174 1628 290 1660 vare
314 1616 506 1674 tempus
540 1609 726 1673 paschae
762 1627 874 1658 cum
897 1609 1122 1658 universa
1157 1627 1264 1659 mea
1297 1616 1441 1675 gente
1475 1628 1583 1675 per·
1638 1600 1883 1685 ζῗιᾞῖζῃῃῖἔὲ

173 1697 323 1757 petuo
352 1693 496 1753 volo3
542 1692 666 1740 hanc
701 1691 914 1755 accipere
950 1691 1121 1741 debere
1156 1696 1406 1742 tonsuram
1442 1711 1589 1758 quam
1671 1698 1849 1741 practice.

172 1777 366 1841 plenam
408 1792 509 1824 esse
549 1774 754 1824 rationis
801 1774 1039 1835 audimus,
1076 1793 1242 1824 omnes
1277 1776 1362 1840 qui
1397 1776 1450 1824 in
1491 1793 1597 1825 meo
1633 1795 1782 1842 regno
1818 1783 1933 1827 sunt

174 1858 372 1907 clericos
396 1858 629 1906 decerno.'
689 1857 794 1907 Nec
818 1874 968 1917 mora,
993 1874 1102 1921 quae
1126 1858 1332 1919 dixerat,
1351 1859 1484 1924 regia
1509 1860 1799 1909 auctoritate
1822 1878 1931 1925 per-

172 1939 302 1988 fecit.
375 1939 556 1990 Statim
590 1955 799 2003 namque
839 1941 976 2003 jussu
1016 1940 1212 2003 publico
1253 1940 1575 1989 mittebantur
1609 1942 1671 1991 ad
1705 1943 1932 1992 transcri-

171 2021 400 2083 bendum,
425 2022 723 2082 discendum,
750 2022 1117 2083 observandum,
1144 2040 1232 2087 per
1255 2023 1504 2072 universas
1535 2024 1784 2074 Pictorum
1818 2043 1932 2089 pro-

172 2104 358 2153 vincias
404 2105 574 2153 circuli
620 2105 811 2169 paschae
851 2105 1269 2167 decennovenales,
1309 2106 1602 2156 oblitteratis
1643 2124 1731 2171 per
1767 2109 1931 2159 omnia

172 2186 386 2235 erroneis
410 2187 655 2251 octoginta
677 2193 726 2237 et
751 2190 960 2252 quatuor
976 2205 1214 2238 annorum
1238 2189 1442 2238 circulis.
1514 2188 1930 2241 Adtondebantur

174 2285 342 2317 omnes
378 2269 430 2316 in
464 2286 692 2318 coronam
727 2270 942 2319 ministri
976 2271 1158 2332 altaris,
1182 2289 1238 2320 ac
1272 2271 1524 2321 monachi:
1569 2277 1619 2322 et
1642 2274 1779 2338 quasi
1802 2292 1928 2324 novo

171 2367 222 2400 se
246 2351 561 2416 discipulatui
584 2352 853 2403 beatissimi
882 2354 1214 2417 apostolorum
1246 2354 1480 2419 principis
1506 2355 1642 2405 Petri
1665 2357 1927 2421 subditam,

173 2434 374 2500 ejusque
396 2434 655 2485 tutandam
679 2436 948 2501 patrocinio
972 2453 1090 2502 gens
1114 2441 1326 2488 correcta
1349 2438 1603 2505 gaudebat.
