2216 3554
626 86 950 177 Cudberthwn
982 123 1412 189 Archiepisoopum.
1801 133 1897 179 415

147 260 371 309 adultera
392 258 469 308 vel
492 257 724 307 meretrix
746 257 937 320 generis
954 256 1252 320 Anglorum:
1284 257 1413 320 quod
1437 258 1716 308 scandalum
1740 265 1826 320 est,
1848 269 1898 311 et

146 342 396 406 turpitudo
421 342 572 390 totius
596 339 815 390 ecclesiae.
886 338 981 405 Ille
1010 342 1172 387 autem
1196 339 1281 402 qui
1304 339 1455 388 laicus
1478 341 1622 390 homo
1646 343 1722 392 vel
1747 344 1899 409 impe-

145 429 283 473 rator
300 425 378 473 vel
395 442 493 484 rex,
511 424 588 472 vel
606 422 782 487 aliquis
797 422 1134 485 praefectorum
1151 422 1228 470 vel
1247 422 1479 470 comitum
1498 425 1718 474 saeculari
1740 432 1901 490 potes-

146 510 248 556 tate
271 508 440 566 fultus,
464 506 558 555 sibi
589 523 676 570 per
698 504 980 554 violentiam
1004 503 1163 567 rapiat
1199 504 1552 554 monasterium
1576 507 1637 555 de
1659 514 1901 572 potestate

148 589 374 653 episcopi,
399 589 478 639 vel
502 588 704 648 abbatis,
727 587 805 637 vel
834 586 1104 646 abbatissae,
1132 591 1180 635 et
1212 585 1416 650 incipiat
1449 586 1550 651 ipse
1575 589 1677 638 vice
1713 592 1901 642 abbatis

147 690 312 736 regere
348 677 399 721 et
433 672 610 720 habere
637 671 735 719 ,sub
766 688 815 719 se
849 670 1119 731 monachos,
1147 673 1196 717 et
1229 669 1484 733 pecuniam
1508 673 1766 734 possidere,
1793 693 1900 740 quae

147 754 244 803 fuit
288 754 471 804 Christi
528 752 760 816 sanguine
819 757 1107 817 comparata,
1156 753 1304 800 talem
1351 751 1596 802 hominem
1648 756 1902 805 nominant

148 837 339 901 antiqui
362 841 523 901 patres
546 841 806 899 raptorem,
833 841 882 884 et
907 835 1207 898 sacrilegum,
1233 838 1283 883 et
1305 834 1596 884 homicidam
1620 854 1903 902 pauperum,

150 926 198 969 et
233 920 402 983 lupum
430 918 676 966 diabolum
705 918 970 966 intrantem
1003 918 1054 966 in
1079 918 1205 966 ovile
1230 917 1430 978 Christi,
1456 923 1504 967 et
1541 920 1752 968 maximo
1788 937 1903 969 ana-

148 1002 377 1051 thematis
398 1001 591 1051 vinculo
616 1001 946 1049 damnandum
970 1006 1082 1049 ante
1106 1001 1322 1049 tribunal
1349 1000 1549 1050 Christi.
1622 1002 1696 1051 De
1721 1003 1901 1053 talibus

149 1101 414 1134 memorare
433 1085 450 1111 ¹
496 1084 651 1133 sancti
695 1082 840 1132 Pauli
886 1084 1096 1148 apostoli
1143 1084 1206 1132 ad
1252 1083 1566 1133 Timotheum
1624 1086 1832 1135 dicentis
1851 1087 1901 1137 ²:

152 1170 165 1192 ‘
182 1166 433 1216 Divitibus
478 1166 624 1230 hujus
670 1165 836 1214 saeculi
881 1166 1087 1230 praecipe
1134 1183 1232 1214 non
1279 1167 1484 1230 superbe
1531 1184 1713 1232 sapere,
1750 1186 1905 1234 neque

151 1266 341 1313 sperare
380 1248 434 1296 in
474 1248 657 1296 incerto
701 1248 1001 1308 divitiarum,
1043 1249 1127 1297 sed
1167 1249 1219 1296 in
1260 1248 1365 1297 Deo
1400 1249 1529 1309 vivo,
1572 1250 1657 1314 qui
1702 1256 1906 1316 praestat

151 1332 339 1380 omnia?
398 1332 611 1392 Talibus,
631 1331 674 1380 si
697 1332 908 1380 ecclesiae
933 1331 1288 1395 correptionem
1311 1348 1408 1380 non
1431 1333 1674 1396 recipiunt
1693 1335 1874 1384 ethnici
1888 1335 1907 1363 ⁸

151 1417 200 1462 et
236 1414 484 1477 publicani
522 1420 649 1473 sunt,
687 1432 775 1463 nec
809 1414 936 1463 vivis
973 1431 1061 1462 nec
1099 1414 1303 1472 mortuis
1344 1416 1668 1466 communicat
1709 1418 1908 1467 ecclesia

151 1495 259 1543 Dei.
329 1496 544 1557 Talibus,
570 1497 797 1561 quoniam
824 1500 874 1545 et
907 1496 986 1545 hic
1010 1500 1059 1545 et
1091 1496 1161 1545 ibi
1185 1495 1510 1560 reperiuntur,
1537 1515 1646 1546 cum
1670 1501 1788 1549 tuba
1810 1500 1907 1550 Dei

152 1577 442 1641 clangamus,
469 1596 528 1627 ne
553 1584 767 1629 tacentes
791 1581 1087 1628 damnemur.

223 1679 269 1724 9.
316 1661 691 1724 Supervacuam,
735 1652 783 1710 et
825 1662 929 1710 Deo
971 1662 1199 1710 odibilem
1235 1661 1634 1712 vestimentorum
1673 1666 1907 1729 supersti-

152 1741 338 1791 tionem
373 1743 505 1791 omni
541 1743 812 1792 intentione
849 1744 1105 1808 prohibere
1142 1744 1310 1793 stude:
1360 1745 1475 1808 quia
1509 1745 1593 1794 illa
1627 1753 1910 1797 ornamenta

153 1825 364 1874 vestium
388 1824 469 1891 (ut
502 1826 599 1874 illis
622 1827 833 1886 videtur,
861 1828 988 1891 quod
1024 1827 1085 1875 ab
1110 1827 1218 1875 aliis
1245 1827 1501 1890 turpitudo
1535 1828 1748 1896 dicitur),
1775 1831 1909 1880 latis-

154 1908 290 1958 simis
315 1908 476 1969 clavis,
499 1910 765 1958 vermium4
782 1909 1078 1974 imaginibus
1103 1910 1289 1958 clavata
1313 1910 1577 1958 adventum
1600 1910 1910 1974 Antichristi,

155 1992 216 2040 ab
253 1991 336 2039 iflo
372 1992 673 2052 transmissa,
708 1998 1028 2057 praecurrunt,
1065 1992 1195 2041 illius
1232 1991 1507 2052 calliditate,
1540 2010 1627 2056 per
1661 1994 1911 2045 ministros

154 2092 282 2135 suos,
318 2075 626 2124 introducere
661 2075 793 2124 intra
834 2076 1044 2125 claustra
1086 2075 1489 2124 monasteriorum
1524 2076 1909 2139 fornicationem,

156 2163 205 2205 et
240 2157 485 2205 luxuriam
520 2158 817 2206 clavatorum
846 2160 1096 2221 juvenum,
1122 2163 1171 2206 et
1194 2157 1319 2205 foeda
1353 2157 1604 2218 consortia,
1632 2162 1682 2207 et
1710 2160 1912 2210 taedium

155 2239 378 2288 lectionis
426 2245 474 2287 et
512 2240 757 2300 orationis,
798 2245 846 2288 et
886 2240 1210 2304 perditionem
1249 2239 1532 2288 animarum.
1602 2241 1727 2290 Haec
1768 2242 1912 2291 indu-

157 2328 335 2383 menta,
376 2322 651 2370 nuditatem
688 2323 862 2371 animae
910 2322 1248 2387 significantia,
1286 2321 1422 2385 signa
1462 2323 1514 2370 in
1561 2339 1611 2372 se
1651 2326 1913 2374 ostendunt

157 2404 461 2469 arrogantiae,
501 2408 551 2453 et
596 2404 850 2468 superbiae,
888 2409 937 2453 et
982 2405 1187 2453 luxuriae
1229 2409 1277 2453 et
1316 2405 1576 2467 vanitatis3
1637 2406 1696 2454 de
1738 2407 1912 2471 quibus

156 2515 307 2568 hardly
339 2515 391 2555 be
424 2514 603 2555 denoted
635 2514 734 2555 here
767 2515 822 2568 by
854 2515 1006 2557 Gallia.

156 2572 292 2611 There
316 2571 498 2610 remains
526 2570 756 2616 Armorica,
775 2570 911 2615 where
936 2571 1008 2622 the

156 2627 324 2666 Roman
349 2626 570 2665 traditions
589 2625 676 2665 still
700 2625 898 2677 lingered,
927 2626 1011 2665 and

157 2682 295 2722 where
333 2681 407 2720 the
443 2681 589 2733 people
625 2693 734 2720 were
772 2680 860 2720 still
896 2681 1010 2720 often

159 2736 291 2777 called
329 2736 454 2777 Galli.
512 2736 600 2774 The
638 2735 809 2775 modern
846 2735 910 2775 Ile
956 2736 1008 2775 de

1066 2521 1076 2537 ‘
1089 2512 1319 2555 memoror.’
1350 2515 1427 2555 See
1447 2514 1519 2555 Du
1539 2515 1679 2568 Cauge
1697 2517 1743 2558 in
1761 2532 1801 2560 v,

1117 2570 1133 2593 ²
1162 2570 1351 2624 dicentis]
1388 2581 1406 2609 1
1429 2570 1535 2611 Tim.
1555 2571 1611 2611 vi.
1635 2579 1699 2623 17.

1122 2626 1138 2650 ³
1164 2626 1335 2678 ethnici]
1363 2626 1494 2664 Matt.
1516 2626 1632 2666 xviii.
1657 2636 1720 2678 17.

1119 2679 1135 2703 4
1161 2680 1374 2734 vermium]
1450 2681 1636 2721 Serarius
1704 2696 1915 2735 compares

1064 2735 1261 2783 Lucilius,
1288 2735 1440 2788 quoted
1469 2736 1526 2788 by
1550 2735 1690 2777 Cicero
1716 2737 1783 2777 De
1815 2739 1914 2779 Ora-

159 2792 324 2831 France
355 2795 585 2842 represents
615 2790 687 2829 the
724 2791 816 2830 first
848 2791 1012 2831 district

159 2847 296 2887 which
315 2859 401 2885 was
429 2845 564 2885 called
588 2845 790 2886 Francia:
820 2846 922 2885 then
948 2859 1011 2885 we

159 2902 246 2941 find
284 2901 328 2940 in
362 2901 542 2940 Eadmer
577 2900 711 2950 (Hist.
748 2901 858 2942 Nov.
891 2901 935 2941 ii.
969 2915 1011 2953 p.

161 2956 230 3009 49)
251 2955 450 2995 ‘Francia
471 2959 514 2995 et
527 2955 771 3006 Burgundia
784 2969 795 3005 3
810 2956 819 2972 ’
847 2955 923 2996 but
941 2956 1010 2996 be-

160 3011 247 3051 fore
267 3011 352 3050 this
377 3010 449 3050 the
469 3010 583 3050 word
602 3010 778 3050 Francia
803 3011 886 3050 had
907 3011 1010 3051 been

162 3066 265 3106 used
283 3069 327 3104 to
346 3065 561 3117 designate
580 3065 652 3104 the
671 3066 802 3105 whole
828 3067 874 3105 of
887 3066 1009 3113 Gaul,

161 3122 219 3174 by
238 3121 478 3169 Eumenius,
499 3121 545 3159 in
565 3120 720 3172 Paneg.
735 3120 1008 3162 Constantini.

162 3176 234 3216 Du
255 3176 394 3227 Gange
412 3175 456 3214 in
476 3188 515 3215 v.
534 3175 723 3216 Francia.

218 3230 231 3253 ¹
258 3230 495 3284 memorare]
535 3231 600 3271 As
635 3230 674 3271 if
703 3230 809 3272 from
846 3245 872 3272 a
908 3231 1010 3273 verb

1066 2795 1169 2838 tore,
1190 2791 1248 2831 iii.
1269 2803 1322 2843 43
1341 2805 1407 2830 :—

1069 2846 1230 2895 ‘Quam
1259 2846 1396 2898 lepide
1428 2845 1558 2886 lexeis
1591 2851 1837 2899 compostae!
1867 2853 1916 2889 ut

1174 2902 1382 2940 tesserulae
1402 2914 1542 2940 omnes

1092 2956 1200 2996 Arte
1227 2957 1484 3008 pavimento,
1511 2959 1638 3007 atque
1667 2956 1915 2999 emblemate

1173 3010 1466 3052 vermiculato?

1065 3066 1127 3107 Cf.
1142 3066 1215 3106 the
1235 3067 1479 3119 complaints
1498 3079 1542 3105 as
1562 3069 1606 3105 to
1626 3066 1699 3107 the
1717 3067 1914 3109 frivolous

1064 3122 1309 3174 occupation
1344 3122 1389 3162 of
1409 3122 1481 3161 the
1513 3134 1621 3161 nuns
1649 3126 1695 3162 at
1723 3122 1916 3177 Colding-

1061 3177 1170 3226 ham,
1187 3190 1228 3230 p.
1253 3186 1343 3231 274.
