2216 3554
339 171 438 217 228
918 167 1146 217 Historia
1180 167 1520 217 Ecclesiastica
1864 163 1997 233 [Lm.
2016 180 2087 216 1v.

340 300 470 364 quod
503 299 684 348 dicitur
718 297 979 359 Adbaruae‚
1018 299 1181 364 ibique
1222 300 1274 348 in
1312 300 1498 364 optima
1534 298 1689 347 vitam
1730 299 2088 348 conversatione

338 382 515 431 finivit.

406 465 544 513 Tune
570 462 716 511 etiam
741 462 1074 512 Orientalibus
1110 463 1398 524 Saxonibus,
1425 464 1603 527 quibus
1636 481 1690 512 eo
1723 467 1942 527 tempore
1965 480 2090 527 prae-

393 568 470 604 ‚md
490 567 620 602 makes
676 547 876 595 fuerunt
912 547 1058 595 Sebbi
1087 552 1136 595 et
1172 547 1375 611 Sigheri,
1403 564 1608 610 quorum
1645 547 1824 610 supra¹
1860 547 2088 594 memini-

383 617 630 708 Εζζξὲἓζζὲᾱ
677 645 799 689 mus,
816 629 1201 677 Eareonualdum
1226 629 1482 677 constituit
1506 629 1786 692 episcopum
1809 628 1862 676 in
1887 629 2090 681 civitate

425 716 593 756 London,
683 711 967 762 Lundonia:
1021 713 1158 775 cujus
1199 711 1424 760 videlicet
1465 711 1560 759 viri
1607 711 1659 758 in
1707 711 2001 775 episcopatu,
2041 717 2091 759 et

338 800 449 844 ante
485 794 815 859 episcopatum
847 794 951 842 vita
985 799 1035 842 et
1071 794 1370 842 conversatio
1404 794 1560 842 fertur
1594 793 1741 841 fuisse
1775 793 2089 853 sanctissima,

339 878 465 926 sicut
483 878 630 926 etiam
654 876 1071 928 nunccaelestium
1095 876 1231 940 signa
1253 876 1493 924 virtutum
1518 875 1695 924 indicio
1720 880 1847 924 sunt.
1896 877 2091 924 Etenim

280 1004 290 1017 ,
338 977 490 1024 usque
510 959 653 1008 hodie
676 959 910 1009 feretrum
933 961 1036 1021 ejus
1056 958 1379 1016 caballarium,
1403 975 1500 1022 quo
1523 957 1744 1006 infirmus
1762 957 1874 1005 vehi
1892 959 2091 1017 solebat,

339 1048 583 1091 servatum
607 1059 635 1089 a
659 1040 910 1103 discipulis
934 1041 1049 1104 ejus,
1075 1041 1254 1088 multos
1288 1040 1622 1089 febricitantes
1646 1041 1723 1089 vel
1754 1040 1848 1088 alio
1873 1039 2092 1102 quolibet

338 1124 641 1172 incommodo
677 1123 826 1170 fessos
851 1139 1031 1171 sanare
1065 1139 1163 1169 non
1195 1122 1400 1171 desistit.
1471 1123 1586 1170 Non
1610 1123 1766 1171 solum
1791 1129 1955 1171 autem
1981 1122 2091 1169 sub-

337 1207 483 1271 positi
508 1206 663 1254 eidem
687 1205 864 1253 feretro
883 1204 965 1251 ,vel
997 1204 1209 1267 adpositi
1245 1211 1478 1253 curantur
1509 1205 1693 1269 aegroti,
1719 1205 1802 1253 sed
1837 1210 1887 1252 et
1922 1205 2092 1253 astulae

339 1289 398 1336 de
423 1288 505 1336 illo
530 1288 750 1336 abscissae
775 1291 923 1350 atque
938 1287 1009 1338 ad
1033 1287 1250 1340 infirmos
1286 1286 1474 1347 adlatae,
1499 1287 1646 1337 citam
1682 1287 1777 1336 illis
1813 1287 1971 1336 solent
2007 1288 2090 1335 ad-

340 1372 463 1419 ferre
488 1371 762 1419 medelam.·

407 1453 507 1501 Hic
554 1471 668 1502 sane
715 1453 1000 1517 priusquam
1042 1453 1292 1517 episcopus
1339 1454 1493 1502 factus
1540 1457 1679 1513 esset,
1723 1454 1821 1502 (luo
1861 1452 2093 1516 praeclara

339 1537 642 1596 monasteria,
665 1553 815 1583 unum
842 1536 1180 1596 sibi‚ssalterum
1201 1535 1354 1584 sorori
1380 1553 1478 1584 suae
1506 1535 1812 1599 AEdilburgae
1838 1539 2089 1582 construx-

339 1624 457 1677 erat,
517 1618 645 1682 quod
706 1623 969 1682 utrumque
1038 1619 1341 1682 regularibus
1399 1618 1670 1682 disciplinis
1719 1617 1899 1682 optime
1952 1616 2092 1664 insti·

338 1706 514 1749 tuerat.
600 1702 706 1750 Sibi
747 1701 943 1764 quidem
984 1701 1036 1748 in
1083 1701 1278 1765 regione
1320 1701 1630 1764 Sudergeona
1644 1702 1676 1760 ²,
1709 1702 1853 1763 juxta
1886 1698 2093 1746 fluvium

338 1783 637 1844 Tamensem,
659 1784 711 1831 in
734 1784 838 1832 loc-o
863 1784 948 1847 qui
966 1787 1168 1831 vocatur
1188 1783 1461 1831 Cerotaesei
1478 1784 1508 1843 ³,
1529 1783 1579 1830 id
1605 1788 1692 1843 est,
1714 1782 1880 1831 Ceroti
1904 1781 2090 1837 Insula;

339 1865 494 1914 sorori
517 1871 681 1914 autem
708 1867 759 1914 in
785 1866 1024 1914 Orientali
1057 1866 1306 1915 Saxonum
1342 1865 1604 1929 provincia,
1629 1866 1682 1913 in
1712 1865 1816 1913 loco
1851 1863 1934 1927 qui
1970 1880 2092 1911 nun-

425 1967 509 2002 who
521 1967 599 2002 had
683 1954 891 2013 cupatur
924 1949 987 1998 ‘In
1023 1949 1344 2012 Berecingum
1359 1949 1391 2007 4,
1429 1948 1481 1996 in
1522 1966 1619 2012 quo
1666 1948 1772 2012 ipsa
1808 1947 1912 1994 Deo
1948 1944 2091 1994 devo-

393 2017 626 2109 ξῐῗὲξῃῗζζξζ
680 2039 842 2081 tarum
880 2035 1034 2079 mater
1065 2048 1120 2079 ac
1151 2031 1318 2078 nutrix
1353 2036 1515 2094 posset
1551 2031 1756 2079 existere
1783 2028 2088 2078 feminarum.

459 2118 554 2159 tery.
681 2114 803 2174 Quae
828 2120 1049 2177 suscepto
1074 2113 1356 2162 monasterii
1382 2113 1629 2177 regimine,
1655 2111 1942 2175 condignam
1967 2127 2016 2158 se
2042 2111 2093 2157 in

338 2196 562 2244 omnibus
585 2196 809 2260 episcopo
845 2197 1010 2255 fratre,
1037 2200 1087 2244 et
1109 2196 1214 2259 ipsa
1239 2202 1365 2244 recte
1388 2196 1598 2244 vivendo
1623 2199 1672 2244 et
1696 2194 1926 2258 subjectis
1950 2210 2092 2257 regu-

336 2278 505 2326 lariter
541 2283 591 2327 et
626 2279 705 2342 pie
751 2280 1043 2328 consulendo
1085 2279 1328 2343 praebuit3
1377 2282 1435 2327 ut
1477 2278 1627 2327 etiam
1667 2277 1873 2326 caelestia
1913 2275 2092 2324 indicio

339 2361 476 2409 fuere
512 2362 757 2411 miracula.

1244 2487 1430 2527 restored
1466 2487 1521 2539 by
1557 2486 1827 2532 AEthelwoffl,
1864 2484 2012 2538 bishop
2050 2486 2093 2525 of

1243 2543 1517 2606 winchester,
1539 2542 1666 2582 about
1681 2553 1771 2582 Λα).
1791 2540 1886 2596 964,
1906 2541 2091 2581 Monast.

1241 2597 1420 2693 Arigynl·
1438 2609 1739 2704 4B?ezriec‘c'mqwm]
1806 2650 1996 2703 Barking
2048 2650 2094 2689 in

396 2487 411 2510 ¹
435 2489 579 2542 supra]
599 2490 674 2529 See
693 2504 733 2542 p.
758 2500 849 2528 210.

393 2542 409 2564 ²
438 2543 718 2597 Suderqeona]
775 2542 1184 2595 Suthrigenadande,

341 2598 382 2638 S.
399 2598 453 2637 V.
513 2599 667 2650 Surrey
704 2599 740 2638 is
787 2599 1007 2638 elsewhere
1053 2598 1185 2638 called

339 2653 573 2704 Suthregia‚
595 2653 807 2705 Suthriga,
828 2653 1063 2694 Suthdreie.

393 2709 408 2732 ³
431 2708 667 2760 Gerotaesei]
688 2709 938 2760 Ceortesige‚
955 2709 1055 2748 S.V.
1078 2708 1187 2747 Now

339 2763 538 2815 Chertsey
557 2776 610 2802 on
638 2763 711 2801 the
738 2763 927 2804 Thames.
986 2762 1189 2802 Founded

339 2818 469 2857 about
502 2828 588 2858 ΑΛ).
625 2816 719 2863 666,
753 2817 905 2868 during
941 2817 1188 2870 Ecgberht’s

340 2873 456 2925 reign
471 2872 515 2911 in
531 2873 662 2922 Kent,
678 2872 735 2924 by
746 2872 1187 2925 Frithowald,viceroy

339 2942 385 2968 or
413 2927 499 2967 earl
531 2928 579 2967 of
606 2927 761 2979 Surrey
790 2927 922 2966 under
949 2927 1185 2974 Wulffiere,

341 2985 445 3035 king
481 2983 529 3022 of
562 2982 737 3029 Mer-cia,
779 2982 862 3021 and
898 2982 1182 3030 Earconwald,

340 3038 583 3078 afterwards
607 3037 752 3088 bishop
781 3037 827 3076 of
841 3037 1026 3077 London.
1083 3037 1185 3076 This

339 3094 426 3135 also
456 3107 540 3133 was
572 3093 701 3132 burnt
733 3091 790 3145 by
817 3091 891 3131 the
920 3091 1071 3141 Danes,
1103 3092 1187 3132 and

1242 2707 1386 2748 Essex.
1456 2707 1658 2746 Founded
1704 2708 1761 2759 by
1806 2705 2091 2752 Earconwald‚

1242 2762 1390 2814 bishop
1418 2762 1464 2801 of
1487 2762 1672 2808 London,
1691 2762 1737 2801 in
1765 2771 1853 2801 ΑΛ).
1873 2760 1967 2811 677,
1987 2761 2050 2800 for
2067 2774 2093 2799 a

1242 2817 1515 2857 Benedictine
1563 2830 1766 2870 nunnery.
1824 2816 1869 2855 It
1915 2829 2000 2855 was
2047 2819 2093 2854 at

1244 2872 1334 2912 first
1363 2872 1576 2911 dedicated
1605 2876 1650 2912 to
1678 2872 1750 2911 the
1781 2871 1930 2921 Virgin
1957 2871 2088 2918 alone,

1241 2928 1318 2967 but
1349 2926 1590 2966 afterwards
1620 2930 1664 2966 to
1693 2927 1769 2965 her
1804 2926 1957 2978 jointly
1985 2924 2090 2965 with

1242 2982 1302 3024 St.
1324 2982 1602 3034 AEthelburge
1630 2996 1677 3021 or
1695 2981 1888 3033 Alburgh
1909 2980 2089 3020 Earcon-

1242 3036 1383 3077 wald's
1420 3037 1552 3087 sister,
1590 3037 1774 3077 Monast.
1815 3035 1944 3088 Angl.
1984 3035 2010 3074 i.
2049 3048 2090 3087 p.

1242 3091 1336 3143 436-
