2216 3554
264 147 361 193 388
885 137 1111 187 Historia
1146 136 1387 186 Abbatum

262 271 519 323 recordans
565 270 840 331 exultabat3
899 269 1047 319 etiam
1095 270 1226 318 senio
1271 270 1486 319 defessus
1531 271 1783 318 beatorum
1828 270 2018 330 aposto-

264 355 425 404 lorum
460 354 662 403 devotus
698 352 874 400 limina
907 352 1118 416 repetiit.
1208 351 1278 400 Et
1312 357 1423 416 post
1457 353 1624 415 longos
1660 350 1870 414 amplius
1905 348 2017 396 XL.

265 453 501 487 annorum
548 436 738 484 labores
786 451 1018 498 curasque
1067 435 1338 495 continuas,
1380 435 1558 500 quibus
1604 432 1908 482 monasteriis
1947 448 2021 478 re-

265 520 436 585 gendis
494 518 684 567 abbatis
735 517 846 581 jure
905 517 1118 581 praefuit,
1179 517 1545 582 incomparabili
1601 516 1803 566 virtutis
1859 529 2022 562 amore

268 603 406 668 quasi
452 618 607 666 nuper
646 601 709 649 ad
749 599 1163 648 conversationem
1203 599 1320 649 vitae
1366 600 1570 649 caelestis
1611 599 1806 657 accituS,
1849 596 2024 646 ultima

268 685 512 734 confectus
547 688 704 742 aetate,
725 687 789 731 et
824 698 974 746 prope
1002 682 1107 745 jam
1141 682 1424 743 moriturus,
1461 699 1630 731 rursus
1668 681 1842 744 incipit
1886 695 2023 743 pere-

267 767 454 832 grinari
493 783 581 830 pro
617 764 831 824 Christo,
867 780 964 827 quo
1010 762 1211 811 liberius
1258 763 1418 826 prisca
1465 761 1848 811 sollicitudinum
1889 776 2025 808 secu-

268 850 449 898 larium
486 848 689 912 spineta,
727 846 917 895 camino
965 844 1211 909 spirituali
1251 845 1442 894 fervens
1483 843 1863 909 compunctionis
1899 841 2027 905 ignis

269 933 507 981 absumat.
599 929 789 977 Deinde
838 928 986 976 etiam
1033 932 1208 976 vestrae
1256 927 1541 991 paternitati
1583 927 1922 991 supplicamus,
1970 930 2028 973 ut

271 1014 402 1079 quod
433 1029 520 1061 nos
554 1012 710 1060 facere
742 1028 840 1059 non
869 1010 1150 1070 meruimus,
1182 1026 1269 1058 vos
1302 1027 1416 1074 erga
1443 1011 1584 1059 illum
1611 1011 1801 1058 ultimae
1832 1007 2029 1072 pietatis

178 1136 182 1140 .
272 1096 428 1146 seduli
459 1112 636 1143 munus
668 1093 931 1158 expleatis:
966 1109 1056 1155 pro
1093 1097 1224 1141 certo
1255 1092 1460 1142 scientes
1484 1093 1600 1157 quia
1627 1093 1717 1142 etsi
1740 1109 1826 1142 vos
1857 1109 2030 1155 corpus

272 1179 460 1227 habetis
492 1177 658 1240 ipsius,
684 1181 734 1225 et
767 1193 854 1224 nos
885 1180 1048 1224 tamen
1085 1180 1135 1223 et
1166 1192 1252 1224 vos
1286 1175 1391 1224 Deo
1415 1175 1647 1224 devotum
1670 1178 1775 1239 ejus
1804 1174 2031 1238 spiritum

273 1263 376 1312 sive
422 1261 475 1308 in
522 1276 719 1323 corpore
766 1263 1055 1316 manentem,
1103 1258 1205 1306 sive
1250 1257 1436 1307 carneis
1483 1258 1688 1307 vinculis
1735 1257 2030 1315 absolutum,

274 1359 507 1407 magnum
540 1360 630 1407 pro
666 1342 846 1391 nostris
881 1341 1154 1390 excessibus
1190 1341 1320 1405 apud
1345 1358 1602 1405 supernam
1626 1341 1856 1405 pietatem
1880 1341 2032 1389 inter-

277 1443 510 1476 cessorem
558 1425 791 1474 habemus
835 1430 885 1474 et
930 1425 1222 1489 patronum!
1311 1414 1404 1472 Et'
1431 1428 1617 1483 caetera,
1665 1441 1773 1488 quae
1819 1423 2034 1487 epistolae

277 1509 528 1574 sequentia
563 1509 827 1557 continent.
890 1546 892 1548 -

353 1605 429 1654 15.
477 1592 694 1640 Reverso
757 1597 922 1640 autem
982 1591 1182 1640 domum
1248 1590 1551 1650 Huaetberto,
1611 1590 1874 1639 advocatur
1931 1589 2033 1654 epi-

279 1691 453 1739 scopus
487 1673 619 1722 Acca
633 1674 664 1733 ¹,
700 1678 751 1722 et
789 1673 933 1722 solita
967 1673 1109 1722 illum
1144 1674 1198 1721 in
1233 1673 1422 1722 abbatis
1457 1674 1667 1723 officium
1702 1672 2034 1722 benedictione

280 1757 546 1808 confirmat.
620 1756 717 1818 Qui
755 1756 888 1805 inter
927 1756 1184 1805 innumera
1221 1756 1501 1806 monasterii
1537 1759 1649 1820 jura
1686 1773 1794 1821 quae
1826 1753 2036 1819 juvenili

280 1857 428 1905 sagax
465 1839 662 1888 solertia
692 1839 1022 1902 recuperabat,
1058 1838 1149 1888 hoc
1183 1839 1236 1887 in
1275 1839 1447 1902 primis
1488 1839 1715 1889 omnibus
1753 1836 2034 1887 delectabile

282 1930 332 1973 et
372 1922 647 1987 gratificum
689 1921 835 1983 fecit3
886 1921 1084 1970 sustulit
1125 1939 1232 1970 ossa
1254 1922 1550 1971 ‘Eosteruini
1589 1921 1793 1981 abbatis,
1833 1937 1943 1984 quae
1984 1919 2038 1966 in

283 2005 475 2070 porticu
522 2004 767 2068 ingressus
815 2003 1026 2052 ecclesiae
1072 2003 1205 2051 beati
1244 2004 1451 2068 apostoli
1495 2003 1635 2053 Petri
1670 2007 1810 2052 erant
1849 2001 2035 2067 posita;

283 2104 470 2138 necnon
506 2090 556 2134 et
591 2102 698 2134 ossa
727 2084 930 2149 Sigfridj
965 2084 1152 2134 abbatis
1184 2102 1240 2134 ac
1271 2085 1495 2150 magistri
1524 2085 1767 2150 quondam
1803 2083 1893 2143 sui,
1930 2100 2039 2147 quae

285 2171 406 2220 foris
447 2169 714 2219 sacrarium
754 2169 817 2216 ad
862 2168 1114 2217 meridiem
1154 2169 1346 2218 fuerant
1393 2169 1600 2227 condita,
1640 2174 1690 2218 et
1735 2173 1942 2231 utraque
1987 2166 2039 2214 in

285 2269 384 2301 una
418 2252 557 2301 theca
593 2252 677 2301 sed
712 2250 871 2300 medio
905 2251 1089 2316 pariete
1123 2251 1280 2300 divisa
1313 2252 1574 2311 recludens,
1612 2251 1746 2300 intus
1786 2250 1839 2298 in
1874 2249 2042 2299 eadem

281 2334 484 2384 ecclesia.
512 2336 656 2397 juxta
690 2351 862 2397 corpus
896 2333 1027 2382 beati
1062 2334 1218 2398 patris
1260 2334 1514 2383 Benedicti
1548 2331 1832 2398 composuit.
1904 2331 2043 2381 Fecit

280 2421 452 2466 autem
492 2417 596 2465 haec
631 2416 710 2465 die
751 2416 927 2466 natalis
965 2416 1181 2482 sigfridi,
1217 2417 1270 2465 id
1309 2421 1397 2477 est,
1433 2416 1687 2465 undecimo
1726 2415 2044 2465 kalendarum

282 2499 647 2564 Septembrium
662 2501 693 2560 ²,
737 2517 834 2564 quo
872 2499 1019 2549 etiam
1056 2499 1135 2548 die
1175 2499 1384 2565 contigit
1424 2499 1550 2549 mira
1588 2498 1687 2548 Dei
1723 2497 2044 2563 providentia,

281 2587 349 2632 -ut
393 2583 695 2632 venerandus
737 2582 923 2632 Christi
963 2583 1174 2632 famulus
1213 2583 1460 2642 Vuitmer,
1503 2583 1642 2647 cujus
1688 2599 1835 2646 supra
1874 2581 2044 2631 memi-

291 2665 466 2725 nimus,
491 2665 755 2724 excederet,
782 2671 830 2713 et
864 2665 918 2713 in
951 2666 1055 2714 loco
1092 2665 1179 2715 ubi
1212 2666 1434 2730 praedicti
1469 2665 1666 2715 abbates
1701 2665 1838 2729 prius
1869 2664 2047 2729 sepulti

284 2747 497 2806 fuerant,
522 2747 624 2811 ipse
649 2747 733 2810 qui
756 2763 925 2796 eorum
948 2748 1168 2797 imitator
1190 2748 1365 2809 fuerat,
1390 2749 1689 2798 conderetur.

365 2829 548 2879 Chri-sti
593 2846 709 2878 vero
763 2829 974 2879 famulus
1022 2831 1310 2893 Ceolfridus‚
1358 2837 1416 2881 ut
1464 2831 1797 2897 supradictum
1848 2835 1936 2890 est,
1986 2828 2048 2877 ad

286 2911 465 2961 -limina
503 2913 756 2960 bea-torum
796 2912 1125 2975 apostolorum
1165 2914 1383 2974 tendens,
1425 2914 1711 2979 priusquam
1750 2913 1838 2962 illo
1877 2929 2048 2978 perve-

288 2995 459 3054 nisset,
505 2999 665 3043 tactus
715 2993 999 3044 infirmitate
1045 2996 1173 3045 diem
1220 2996 1395 3045 clausit
1440 2996 1686 3045 ultimum.
1761 2994 2049 3045 Perveniens

543 3159 559 3184 ²
587 3160 716 3214 Acca]
746 3161 824 3202 See
840 3174 884 3214 p.
907 3172 1001 3214 342,
1023 3161 1107 3202 and
1120 3166 1223 3203 note
1244 3175 1282 3214 3.

544 3214 560 3237 ²
587 3216 800 3259 undecim
845 3216 1116 3259 kalendarum
1164 3217 1479 3272 Septembrium]
1499 3219 1672 3272 August
1694 3229 1758 3260 22.
