2216 3554
310 174 403 219 1:14
882 170 1108 219 Historia
1143 169 1481 219 Ecclesiastica
1839 167 1972 237 [Lm.
1991 185 2049 218 11.

305 303 763 368 subplantationem,
802 302 888 367 qui
923 303 1104 351 divinae
1139 302 1378 352 bonitatis·
1408 301 1633 366 operibus
1668 300 1863 350 invidus
1903 320 2049 352 aemu-

304 387 474 451 Iusque
498 386 733 445 consistit,
758 403 788 433 a
815 385 1036 434 cordibus
1061 386 1249 434 vestris¹
1265 385 1484 448 abjicere,
1510 384 1797 447 injectisque
1824 386 2051 432 manibus

303 469 407 528 hoe,
433 486 553 533 quos
576 475 773 517 eatenus
806 468 1018 516 materiae
1051 485 1281 532 compage
1312 468 1453 516 vobis-
1481 467 1593 515 deos
1625 467 1915 526 fabricastis,
1939 484 2051 514 con-

303 551 582 615 fringendos
618 551 1050 614 diminuendosque
1090 566 1394 612 summopere
1427 552 1698 612 procurate.
1768 548 1887 611 Ipsa
1921 548 2053 596 enim

304 651 471 682 eorum
488 633 746 682 dissolutio
770 633 1124 696 corruptioque,
1151 649 1258 695 quae
1281 649 1527 695 nunquam
1551 631 1797 680 viventem
1822 631 2050 693 spirit-um

302 715 486 776 habuit,
513 732 600 764 nee
622 715 988 764 sensibilitatem
1020 732 1048 762 a
1078 714 1178 762 suis
1201 714 1459 762 factoribus
1482 714 1647 776 potuit
1667 713 1883 776 quolibet
1907 714 2066 760 modo-

303 798 556 861 suscipere,
583 798 719 846 vobis
742 802 964 861 patenter
986 796 1201 844 insinuet
1236 813 1381 860 quam
1410 796 1534 843 nihil
1571 802 1683 844 erat·
1701 795 1830 858 quod
1854 801 2052 843 eatenus

304 879 563 928 colebatis:
606 880 723 927 dum
764 880 979 943 profecto
1017 879 1235 927 meliores
1281 895 1367 926 vos
1414 877 1498 941 qui
1536 878 1763 940 spiritum
1804 876 2053 925 viventem.

303 977 332 1007 a
351 960 563 1008 Domino
587 961 882 1025 percepistis,
908 979 1073 1010 eorum
1098 959 1442 1009 constructioni
1466 959 1784 1007 nihilominus
1799 959 2020 1008 existatis
2040 977 2059 1006 z.

304 1042 484 1106 quippe
509 1060 628 1106 quos
647 1044 780 1090 Deus
804 1043 1111 1106 omnipotens
1134 1059 1196 1090 ex
1219 1042 1365 1105 primi
1391 1041 1602 1088 hominis
1627 1059 1771 1105 quem
1794 1042 2052 1104 plasmavit

303 1125 599 1187 cognatione,
640 1125 858 1173 deductis
894 1141 982 1188 per
1016 1124 1192 1172 saecula
1232 1124 1668 1173 innumerabilibus
1703 1124 2051 1188 propaginibus

301 1207 544 1270 pullulare
569 1207 834 1256 constituit.
907 1206 1143 1255 Aecedite
1175 1222 1290 1269 ergo
1317 1207 1379 1254 ad
1411 1206 1710 1269 agnitionem
1734 1209 1834 1269 ejus
1857 1206 1942 1270 qui
1965 1223 2051 1254 vos

302 1289 498 1347 creavit,
536 1289 621 1352 qui
656 1288 708 1336 in
742 1288 880 1336 vobis
915 1289 1030 1337 vitae
1067 1288 1333 1337 insufflavit
1368 1288 1627 1351 spiritum„
1647 1289 1745 1352 qui>
1766 1306 1856 1352 pro
1891 1297 2051 1338 vestra

301 1371 633 1433 redemptione
658 1371 839 1418 Filium
863 1388 1007 1419 suum
1039 1370 1346 1435 unigenitum
1369 1371 1520 1428 misit,
1543 1377 1600 1419 ut
1623 1388 1709 1419 vos
1733 1373 1794 1419 ab
1826 1372 2052 1435 originali

300 1458 495 1515 peccato
520 1453 740 1516 eriperet,
766 1457 816 1501 et
839 1458 1031 1517 ereptos
1063 1454 1123 1502 de
1154 1457 1395 1517 potestate
1423 1454 1653 1517 nequitiae
1677 1454 1924 1503 diabolicae
1942 1471 2050 1517 pra-

300 1536 469 1583 vitatis
493 1536 767 1584 coelestibus
790 1537 1322 1600 praemiismuneraret.

372 1623 383 1642 ‘
400 1618 641 1682 Suscipite
658 1621 806 1668 verba
827 1621 1214 1683 praedicatorum,
1239 1626 1288 1668 et
1313 1618 1613 1683 evangelium
1638 1619 1731 1668 Dei
1761 1620 1890 1684 quod
1913 1619 2050 1668 vobis

302 1701 597 1750 adnunciant
610 1719 623 1763 5
661 1706 900 1766 quatenus
938 1702 1199 1762 credentes,
1240 1702 1365 1750 sicut
1411 1702 1608 1765 saepius
1630 1703 1829 1751 dictum..
1864 1708 1950 1762 est,
1998 1703 2050 1749 in

301 1783 460 1832 Deum
489 1784 679 1833 Patrem
704 1785 1093 1850 omnipotentem
1108 1790 1159 1833 et
1183 1784 1235 1832 in
1259 1785 1291 1832 J
1294 1801 1429 1832 esum
1452 1785 1703 1833 Christum
1728 1788 1830 1848 ejus
1852 1784 2047 1845 Filium,

302 1871 351 1914 et
398 1866 636 1931 Spiritum
684 1872 918 1928 sanctum,
967 1873 1017 1916 et
1063 1866 1434 1930 inseparabilem
1483 1867 1774 1935 Trinitatem
1794 1885 1808 1928 3
1867 1868 2049 1931 fugatis

302 1949 659 1997 daemoniorum.
690 1950 935 2010 sensibus,
960 1950 1253 2013 expulsaque
1288 1965 1325 1997 a·
1351 1949 1490 1997 vobis
1525 1949 1863 1998 sollicitatione
1909 1967 2049 1998 vene-

302 2031 408 2078 nosi
454 2035 503 2079 et
550 2031 849 2094 deceptibilis
895 2032 1065 2091 hostis,
1106 2048 1195 2095 per
1240 2048 1416 2095 aquam
1462 2037 1511 2080 et
1550 2031 1787 2095 Spiritum
1828 2036 2048 2080 sanctum

301 2113 471 2172 renati,
498 2112 543 2161 ei
569 2113 645 2161 cui
670 2113 983 2173 credideritis,
1015 2114 1068 2161 in
1105 2114 1360 2177 splendore
1391 2114 1557 2178 gloriae
1582 2114 1887 2178 sempiternae
1911 2114 2049 2162 coha-

301 2194 468 2254 bitare,
496 2196 598 2258 ejus
622 2195 895 2259 opitulante
917 2195 1251 2244 munificentia
1273 2196 1492 2245 valeatis.

371 2281 383 2302 ‘
404 2276 643 2326 Praeterea
661 2278 1044 2326 benedictionem
1068 2279 1356 2342 protectoris
1379 2277 1529 2327 vestri
1552 2277 1683 2326 beati
1708 2277 1842 2325 Petri
1857 2282 2049 2341 aposto-

301 2360 459 2408 lorum
483 2360 715 2424 principis
739 2361 874 2409 vobis
899 2361 1209 2422 direximus,
1232 2361 1283 2409 id
1307 2367 1394 2417 est,
1414 2360 1661 2409 camisiam
1686 2377 1794 2408 cum
1818 2366 2049 2408 ornatura

301 2442 349 2489 in
377 2459 496 2490 auro
515 2459 622 2501 una,
649 2447 698 2491 et
720 2443 830 2491 lena
853 2443 1103 2491 anciriana
1121 2443 1137 2470 ¹
1161 2460 1284 2492 una:
1323 2443 1455 2508 quod
1479 2443 1702 2507 petimus,
1730 2449 1790 2490 ut
1810 2459 1865 2490 eo
1883 2443 2049 2506 benig·

303 2523 472 2571 nitatis
497 2525 656 2573 animo
681 2525 837 2588 gloria
870 2532 1034 2575 vestra
1070 2525 1318 2590 suscipiat,
1355 2542 1451 2590 quo
1480 2542 1509 2573 a
1544 2525 1684 2573 nobis
1707 2524 1921 2572 noscitur
1944 2525 2048 2573 des-

302 2605 541 2654 tinatum.’

357 2736 372 2760 ¹
400 2737 492 2777 lem
528 2735 765 2789 anciriana]
806 2739 849 2777 A
881 2738 1012 2784 cloak,
1046 2738 1158 2778 suchv
1200 2738 1284 2779 this
1311 2751 1522 2790 compares
1542 2743 1552 2759 ‘
1566 2736 1730 2778 aminea
1755 2736 1892 2784 laina‚’
1912 2736 2047 2776 which

304 2805 349 2832 as
363 2805 470 2831 were
489 2793 608 2831 made
627 2795 672 2831 at
687 2793 868 2843 Ancyra.
919 2794 988 2832 Du
1005 2794 1146 2845 Gange
1200 2795 1446 2846 apparently
1479 2806 1622 2832 means
1657 2806 1683 2832 a
1713 2792 1834 2832 cloak
1871 2792 1918 2832 of
1945 2791 2060 2831 wool

302 2851 493 2902 suggests
523 2848 753 2888 ‘aminiana
782 2846 914 2897 laena,'
933 2849 1016 2888 and
1044 2849 1147 2888 with
1201 2849 1305 2889 with
1326 2849 1510 2889 unshorn
1528 2861 1624 2900 nap.
