2216 3554
16 1862 21 1869 Α
8 1601 27 1763 ‚wa-4
0 1396 26 1610 &tofis-§merses
0 1098 21 1386 '‘evxff‘fr-:ae'fwss‘
0 1076 7 1089 ὴ
0 1054 3 1062 ⁴
0 1030 3 1038 Α

23 1774 35 1802 x?
25 1706 35 1712 ἶ
23 1693 25 1698 “
22 1486 24 1498 ⁴*
22 1431 24 1434 ⁷

565 152 1045 203 Uuiremuthensium
1080 159 1122 201 et
1158 151 1542 216 amanuensium.
1834 157 1929 203 385

179 284 255 334 sui
279 284 511 348 temporis
545 302 709 350 regem
745 288 796 333 et
830 283 1079 347 episcopos
1115 283 1167 331 in
1203 284 1386 347 synodo
1411 283 1603 347 publice
1632 282 1934 333 confirmasse

179 385 279 415 non
307 367 439 416 latet.
513 366 830 432 Temporibus
853 365 985 414 illius
1014 365 1210 414 tradens
1247 382 1295 414 se
1328 366 1623 414 monasterio
1647 366 1777 414 beati
1802 366 1935 414 Petri

184 450 408 514 apostoli,
435 451 565 515 quod
599 450 797 513 regebat
821 453 1075 497 veteranus
1112 464 1168 496 ac
1202 447 1469 511 religiosus,
1497 452 1545 496 et
1580 447 1633 495 in
1667 448 1802 496 omni
1836 453 1937 497 tam

181 533 385 581 seculari
420 550 565 597 quam
607 532 958 595 scripturarum
1001 529 1202 578 scientia
1243 530 1463 578 eruditus
1501 529 1685 578 Christi
1726 531 1937 578 famulus

181 615 424 675 Vuitmer,
471 618 651 663 terram
698 613 860 662 decem
907 612 1201 662 familiarum
1250 629 1396 676 quam
1444 612 1505 660 ab
1552 611 1780 661 Aldfrido
1826 629 1938 677 rege

181 699 233 746 in
257 698 605 761 possessionem
629 701 874 760 acceperat
897 696 948 744 in
972 697 1077 745 loco
1096 696 1224 745 villae
1245 713 1353 760 quae
1374 695 1596 743 Daldun1
1614 701 1938 761 nuncupatur,

182 781 339 829 eidem
362 779 650 828 monasterio
673 782 919 843 perpetuae
942 779 1256 843 possessionis
1276 782 1386 843 jure
1410 779 1624 828 donavit.

257 880 332 925 13.
371 862 442 911 At
478 861 563 910 ubi
605 861 882 911 Ceolfridus
927 867 1038 926 post
1084 863 1288 911 multam
1335 861 1573 925 regularis
1621 861 1939 910 observantiae

183 946 485 1009 disciplinam
525 961 671 1009 quam
714 945 807 992 sibi
842 945 950 1009 ipsi,
986 945 1170 1009 pariter
1205 962 1261 994 ac
1302 962 1417 994 suus
1453 949 1594 1008 pater
1631 944 1938 1003 Benedictus,

183 1029 414 1092 providus
455 1044 515 1075 ex
555 1027 777 1091 priorum
817 1027 1108 1077 auctoritate
1145 1028 1448 1089 contribuit;
1496 1031 1608 1093 post
1642 1028 1942 1090 incompara-

183 1111 330 1160 bilem
378 1110 549 1159 orandi
607 1111 941 1175 psallendique
1001 1112 1279 1171 sollertiam,
1327 1129 1424 1177 qua
1469 1113 1573 1176 ipse
1632 1110 1944 1175 quotidianus

183 1193 397 1242 exerceri
444 1211 540 1243 non
588 1194 764 1254 desiit;
825 1197 935 1258 post
981 1195 1255 1243 mirabilem
1304 1201 1353 1244 et
1401 1195 1651 1245 coercendi
1698 1194 1944 1258 improbos

183 1277 440 1336 fervorem,
485 1280 535 1325 et
575 1277 864 1325 modestiam
912 1278 1191 1327 consolandi
1237 1277 1455 1327 infirmos
1471 1296 1485 1339 ς
1544 1281 1655 1342 post
1700 1276 1946 1325 insolitam

170 1359 453 1407 'rectoribus
502 1364 552 1407 et
589 1376 709 1408 escae
746 1364 986 1424 potusque
1024 1361 1329 1424 parcitatem,
1367 1366 1416 1410 et
1449 1362 1644 1410 habitus
1671 1359 1915 1408 vilitatem
1931 1375 1944 1418 ;

185 1441 312 1491 vidit
348 1459 397 1491 se
427 1444 529 1505 jam
565 1442 724 1491 senior
747 1448 796 1491 et
831 1443 1003 1506 plenus
1039 1444 1229 1493 dierum
1265 1462 1363 1493 non
1397 1445 1530 1493 ultra
1564 1460 1703 1509 posse
1739 1440 1945 1491 subditis

189 1525 251 1572 ob
275 1525 680 1589 impedimentum
704 1542 941 1589 supremae
979 1527 1153 1588 aetatis,
1178 1527 1394 1576 debitam
1422 1527 1691 1592 spiritualis
1727 1523 1946 1575 exercitii

186 1607 266 1655 vel
300 1608 515 1656 docendo
550 1608 627 1656 vel
657 1607 862 1657 vivendo
898 1610 1158 1674 praecipere
1193 1611 1426 1671 formam;
1474 1610 1629 1658 multa
1664 1609 1751 1657 diu
1786 1624 1948 1657 secum
2017 1615 2024 1626 '

187 1695 349 1739 mente
393 1707 606 1750 versans,
655 1691 828 1739 utilius
874 1692 1100 1753 decrevit,
1145 1693 1259 1742 dato
1303 1693 1538 1741 fratribus
1585 1695 1839 1757 praecepto,
1890 1695 1947 1740 ut

183 1775 327 1836 juxta
373 1773 449 1822 sui
496 1779 680 1822 statuta
725 1773 972 1838 privilegii
1014 1778 1255 1840 juxtaque
1291 1776 1509 1840 regulam
1548 1776 1711 1825 'sancti
1758 1775 1949 1823 abbatis

188 1855 454 1916 Benedicti,
490 1856 552 1904 de
594 1855 696 1904 suis
737 1855 830 1904 sibi
866 1855 964 1920 ipsi
998 1863 1185 1922 patrem
1224 1858 1310 1923 qui
1344 1858 1506 1922 aptior
1540 1862 1665 1907 esset
1700 1858 1947 1923 eligerent,

189 1945 239 1989 et
274 1940 378 2004 ipse
401 1941 657 1989 beatorum
691 1941 1020 2004 apostolorum
1044 1942 1128 1991 ubi
1152 1943 1345 2007 juvenis
1371 1960 1479 1990 cum
1507 1942 1766 1991 Benedicto
1791 1942 1950 1990 fuerat

193 2020 381 2091 [Romae
417 2023 521 2072 loca
556 2028 721 2072 sancta
754 2022 1049 2093 repeteret]:
1102 2032 1340 2091 quatenus
1373 2031 1422 2076 et
1456 2027 1559 2091 ipse
1594 2030 1708 2076 ante
1742 2030 1950 2074 mortem

192 2106 490 2170 aliquamdiu
550 2107 697 2155 seculi
758 2108 887 2156 curis
946 2109 1210 2170 absolutus,
1260 2109 1461 2158 liberius
1520 2109 1717 2158 sibimet
1770 2112 1953 2157 secreta

193 2189 357 2253 quiete
408 2195 636 2250 vacaret;
719 2193 771 2238 et
827 2191 902 2238 1111
962 2196 1156 2256 sumpto
1215 2193 1388 2242 abbate
1439 2193 1642 2257 juniore,
1692 2191 1953 2257 perfectius

192 2274 338 2335 juxta
383 2277 578 2321 aetatem
624 2272 851 2336 magistri
899 2290 1009 2338 quae
1057 2274 1173 2325 vitae
1220 2276 1458 2341 regularis
1506 2278 1664 2325 essent
1722 2275 1954 2324 instituta

194 2361 454 2404 servarent.

266 2438 614 2488 Obnitentibus
659 2440 776 2489 licet
821 2441 977 2505 primo
1025 2442 1263 2505 omnibus,
1305 2449 1357 2493 et
1403 2444 1456 2492 in
1502 2443 1727 2492 lacrimas
1774 2441 1953 2506 singul-

195 2526 372 2586 tusque
431 2539 589 2586 genua
645 2540 755 2572 cum
803 2525 1132 2575 obsecratione
1189 2527 1357 2576 crebra
1402 2526 1724 2586 flectentibus,
1771 2526 1955 2574 factum

196 2611 270 2655 est
306 2605 434 2669 quod
468 2605 637 2654 voluit.
709 2607 960 2671 Tantaque
995 2614 1099 2658 erat
1133 2609 1469 2674 proficiscendi
1503 2609 1693 2674 cupido,
1719 2614 1776 2658 ut
1809 2608 1955 2658 tertia

196 2688 276 2737 die
310 2705 372 2737 ex
406 2705 500 2753 quo
535 2688 769 2739 fratribus
804 2697 1043 2740 secretum
1078 2693 1154 2741 sui
1187 2693 1426 2757 propositi
1460 2693 1668 2757 aperuit,
1704 2692 1798 2742 iter
1832 2693 1954 2741 arri-

195 2774 346 2836 peret.
436 2771 660 2820 Timebat
719 2772 851 2822 enim
899 2775 1027 2839 quod
1072 2776 1246 2836 evenit,
1295 2793 1356 2825 ne
1414 2776 1700 2841 priusquam
1745 2775 1956 2824 Romam

194 2853 448 2919 pervenire
493 2858 671 2918 posset,
713 2856 900 2918 obiret;
961 2857 1107 2907 simul
1145 2859 1382 2921 devitans,
1424 2876 1487 2908 ne
1534 2860 1595 2907 ab
1640 2858 1808 2908 amicis
1853 2858 1955 2907 sive

195 2937 317 2987 viris
351 2936 705 3003 principalibus
735 2938 915 3003 quibus
952 2940 1137 2990 cunctis
1173 2947 1277 2992 erat
1311 2941 1623 3000 honorabilis,
1661 2943 1763 3004 ejus
1798 2946 1956 3004 coepta

196 3020 578 3081 retardarentur,
614 3025 664 3070 et
699 3038 761 3071 ne
795 3024 1000 3087 pecunia
1035 3024 1231 3075 daretur
1264 3025 1338 3074 illi
1375 3042 1404 3074 a
1438 3023 1740 3089 quibusdam,
1778 3022 1954 3087 quibus

198 3104 468 3153 retribuere
517 3119 608 3169 pro
655 3109 872 3170 tempore
912 3107 1165 3172 nequiret3
1225 3108 1351 3158 hanc
1392 3107 1576 3156 habens
1623 3121 1811 3169 semper
1845 3122 1956 3154 con-

201 3214 268 3311 Ἥῑ
295 3215 492 3312 16)(ιῐοῐαη]
513 3214 694 3268 Dalden‚
714 3230 761 3258 οι·
778 3217 950 3268 Dalton,
971 3220 1063 3261 four
1081 3219 1200 3262 miles
1219 3220 1346 3262 south
1365 3219 1412 3260 of
1425 3216 1701 3260 Sunderland.
1758 3216 1956 3266 eamden,

197 3284 215 3311 1
250 3302 260 3315 .
283 3283 308 3324 3
342 3283 379 3314 2.

1050 3359 1132 3398 00
