2216 3554
325 190 421 238 170
899 189 1127 238 Historia
1161 188 1497 238 Ecclesiastico!
1839 184 1973 255 [Lm.
1993 203 2072 235 111.

320 319 446 369 Utta
485 319 780 383 presbytero,
819 319 871 367 in
912 337 1009 384 quo
1043 326 1093 370 et
1127 337 1218 384 per
1253 337 1399 384 quem
1434 319 1723 383 completum
1762 325 1848 379 est,
1886 320 2074 368 audisse

320 403 616 465 perhibebat.

1037 555 1187 606 CAP.
1224 556 1360 605 XVI.

451 689 502 730 Ut
521 690 632 731 idem
651 689 866 731 admotum
884 688 936 730 ab
955 689 1135 735 hostibus
1154 689 1249 728 urbi
1267 688 1387 741 reyiae
1406 689 1540 740 i9nem
1561 688 1718 728 orando
1734 688 1944 729 amoverit.

390 811 563 859 Amm)
605 810 817 873 ejusdem
856 808 1009 872 patris
1050 808 1364 856 memorabile
1405 809 1693 856 miraculum
1732 808 1894 856 ferunt
1935 808 2080 856 multi

322 894 406 958 qui
449 910 588 942 nosse
626 896 909 956 potuerunt.
980 891 1110 938 Nam
1146 897 1363 954 tempore
1398 892 1701 954 episcopatus
1736 893 1852 954 ejus,
1888 890 2081 939 hostilis

323 975 617 1024 Merciorum
653 974 907 1031 exercituS,
935 973 1105 1021 Penda
1140 974 1275 1032 duce,
1302 974 1823 1037 Nordanhymbrorum
1857 973 2080 1037 regiones

323 1059 474 1122 impia
505 1058 637 1106 clade
672 1057 812 1118 longe
845 1055 1038 1119 lateque
1070 1056 1341 1115 devastans,
1365 1058 1587 1119 pervenit
1622 1058 1684 1105 ad
1718 1058 1891 1105 urbem
1925 1072 2080 1119 usque

322 1142 518 1205 regiam,
545 1157 653 1203 quae
678 1156 740 1187 ex
765 1138 940 1186 Bebbae
971 1138 1215 1201 quondam
1238 1138 1419 1203 reginae
1443 1140 1673 1188 vocabulo
1698 1139 2078 1203 cognominatur,

321 1239 524 1286 eamque
572 1221 686 1285 quia
732 1236 888 1284 neque
938 1219 1100 1279 armis,
1147 1237 1302 1284 neque
1357 1221 1606 1270 obsidione
1658 1238 1825 1284 capere
1871 1225 2080 1285 poterat,

322 1305 530 1353 flammis
576 1304 828 1352 absumere
876 1305 1077 1351 conatus
1123 1308 1229 1351 est:
1290 1303 1595 1368 discissisque
1640 1303 1813 1352 viculis
1859 1320 1982 1368 quos
2029 1303 2081 1350 in
2120 1302 2144 1370 X

321 1386 498 1436 vicinia
532 1386 667 1434 urbis
691 1385 892 1445 invenit,
918 1384 1115 1434 advexit
1144 1385 1230 1433 illo
1265 1386 1526 1449 plurimam
1559 1386 1831 1450 congeriem
1853 1385 2080 1444 trabium,

321 1470 584 1533 tignorum,
621 1467 865 1531 parietum
889 1467 1185 1531 virgeorum,
1215 1475 1265 1517 et
1299 1468 1417 1517 tecti
1452 1468 1595 1527 fenei,
1628 1475 1678 1517 et
1712 1468 1789 1516 his
1823 1469 1996 1516 urbem
2028 1467 2082 1515 in

322 1568 499 1614 magna
526 1550 788 1599 altitudine
823 1550 1154 1610 circumdedit,
1179 1568 1208 1598 a
1229 1555 1369 1614 parte
1401 1568 1510 1615 quae
1539 1556 1684 1599 terrae
1718 1557 1790 1599 est
1821 1550 2080 1612 contigua:

322 1641 372 1682 et
409 1634 528 1682 dum
567 1639 771 1682 ventum
811 1637 1141 1696 opportunum
1181 1639 1412 1692 cerneret,
1451 1633 1605 1682 inlato
1645 1633 1758 1697 igne
1798 1632 2082 1682 comburere

322 1716 494 1764 urbem
526 1715 662 1764 nisus
692 1721 781 1764 est.
854 1715 963 1776 Quo
991 1719 1210 1779 tempore
1239 1715 1661 1764 reverentissimus
1692 1715 1896 1764 antistes
1919 1714 2081 1761 Aidan

321 1799 375 1846 in
408 1797 567 1846 insula
601 1798 758 1846 Farne
775 1798 804 1857 ²,
833 1814 941 1861 quae
973 1797 1161 1845 duobus
1190 1797 1341 1846 ferme
1372 1798 1589 1846 millibus
1619 1814 1848 1861 passuum
1873 1798 1935 1845 ab
1959 1796 2082 1845 urbe

322 1881 492 1944 procul
533 1880 682 1939 abest,
722 1881 1020 1928 morabatur.
1090 1880 1188 1929 Illo
1228 1881 1359 1928 enim
1395 1881 1571 1944 saepius
1611 1884 1805 1929 secretae
1847 1878 2082 1928 orationis

324 1969 374 2012 et
425 1962 608 2011 silentii
657 1978 801 2011 causa
846 1962 1063 2010 secedere
1110 1968 1376 2011 consuerat.
1470 1962 1694 2026 Denique
1741 1977 1893 2026 usque
1939 1961 2082 2010 hodie

323 2045 482 2093 10011111
517 2044 643 2092 sedis
678 2043 809 2091 illius
845 2043 1076 2091 solitariae
1117 2044 1169 2091 in
1210 2045 1378 2093 eadem
1415 2044 1575 2093 insula
1614 2044 1769 2092 solent
1816 2043 2080 2092 ostendere.

326 2127 420 2187 Qui
451 2143 559 2174 cum
583 2126 742 2174 ventis
777 2125 1047 2173 ferentibus
1077 2126 1244 2189 globos
1268 2126 1396 2190 ignis
1431 2143 1486 2174 ac
1520 2126 1709 2174 fumum
1744 2142 1890 2189 supra
1920 2141 2083 2172 muros

324 2209 462 2256 urbis
508 2208 715 2257 exaltari
771 2208 1079 2271 conspiceret,
1127 2209 1284 2256 fertur
1329 2209 1528 2257 elevatis
1582 2209 1642 2256 ad
1701 2209 1872 2256 caelum
1931 2207 2084 2255 oculis

325 2291 658 2354 manibusque,
705 2307 815 2338 cum
862 2291 1088 2354 lacrymis
1135 2291 1348 2340 dixisse:
1410 2296 1422 2317 ‘
1438 2291 1576 2351 Vide,
1624 2291 1849 2349 Domine,
1898 2294 2083 2354 quanta

325 2374 455 2422 mala
487 2372 604 2421 facit
638 2371 827 2421 Penda?
900 2372 1009 2433 Quo
1051 2373 1198 2433 dicto,
1241 2373 1410 2422 statim
1445 2373 1624 2422 mutati
1669 2374 1730 2421 ab
1777 2374 1896 2421 urbe
1931 2371 2081 2431 venti,

325 2456 377 2504 in
413 2472 493 2504 eos
527 2455 610 2518 qui
656 2455 985 2512 accenderant,
1027 2455 1332 2503 flammarum
1378 2457 1601 2504 incendia
1647 2460 1959 2515 retorserunt,
2010 2454 2082 2502 ita

324 2545 382 2587 ut
405 2537 591 2601 aliquot
621 2536 740 2596 laesi,
766 2554 930 2586 omnes
962 2537 1140 2597 territi,
1166 2538 1456 2603 impugnare
1487 2539 1618 2588 ultra
1649 2539 1818 2588 urbem
1843 2542 2083 2587 cessarent

315 2637 472 2685 -quam
494 2619 732 2668 divinitus
748 2619 912 2683 juvari
935 2628 1274 2684 cognoverant.

380 2742 395 2766 ²
425 2742 582 2795 Fame]
614 2743 751 2783 Farne
766 2757 812 2783 or
826 2743 937 2785 Fern
955 2745 1114 2792 Island,
1135 2745 1271 2785 which
1285 2744 1321 2785 is
1335 2744 1398 2785 off
1411 2744 1716 2798 Bamborough,
1737 2748 1784 2784 at
1804 2744 1875 2784 the
1895 2743 2081 2784 distance

327 2798 376 2838 of
389 2802 473 2839 two
491 2798 623 2841 miles.
680 2798 756 2839 See
775 2799 828 2839 iv.
857 2808 920 2852 27.
