2216 3554
630 150 956 201 Oudberthum
989 149 1423 216 Archiepiscopum.
1800 156 1894 200 411

153 298 253 331 esse
276 282 484 338 videtur,
510 283 699 332 salubre
730 281 984 331 consilium
1011 284 1230 330 vestrum
1263 297 1496 344 quaerens,
1532 285 1581 331 et
1617 282 1738 331 scire
1772 283 1900 331 desi-

153 365 338 426 derans,
385 366 573 414 insinuo
619 365 894 414 libertatem
940 362 1267 427 praedicandi:
1322 363 1443 423 dico,
1490 369 1547 412 ut
1593 364 1647 411 in
1693 363 1900 412 Actibus

151 446 498 510 Apostolorum
531 448 709 496 Paulus
744 447 989 510 apostolus
1028 445 1355 495 sacerdotibus
1389 446 1638 495 intimavit
1669 446 1832 495 dicens
1847 446 1864 473 ¹
1887 462 1897 494 ε

155 534 167 555 ‘
186 530 444 580 Gontestor
477 547 562 580 vos
601 529 833 578 hodierna
872 529 963 589 die,
1007 530 1122 593 quia
1168 529 1378 577 mundus
1425 545 1532 577 sum
1577 530 1637 577 ab
1684 529 1901 578 omnium

153 613 403 676 sanguine.
474 613 590 660 Non
618 611 747 661 enim
779 611 1050 676 subterfugi
1083 628 1180 675 quo
1212 610 1375 659 minus
1398 611 1739 660 annunciarem
1762 611 1901 660 vobis

153 711 294 743 omne
319 696 569 744 consilium
592 696 700 744 Dei.
770 693 1031 744 Attendite
1053 693 1206 754 vobis,
1231 698 1280 742 et
1303 692 1528 741 universo
1553 693 1705 757 gregi,
1729 694 1782 741 in
1807 711 1901 757 quo

152 794 238 825 vos
285 778 498 842 Spiritus
545 779 749 828 Sanctus
796 778 960 842 posuit
1007 777 1255 841 episcopos
1294 793 1461 841 regere
1503 776 1750 825 ecclesiam
1791 775 1900 834 Dei,

154 876 300 923 quam
324 861 580 925 acquisivit
603 861 696 910 sibi
726 861 958 925 sanguine
990 859 1105 910 suo.’
1175 860 1418 924 Regnum,
1444 858 1619 923 inquit,
1648 858 1742 906 Dei
1774 858 1904 906 inter

152 960 237 992 vos
261 944 512 992 ambulans
540 944 812 1008 praedicavi,
838 948 896 992 ut
926 961 1003 992 me
1038 943 1251 992 alienum
1285 942 1347 991 ab
1383 941 1599 990 omnium
1632 941 1904 1005 perditione

153 1041 404 1075 servarem.
478 1028 610 1075 Nam
648 1028 892 1091 apostolus
910 1025 928 1053 2
972 1031 984 1052 ‘
1000 1025 1305 1091 episcopum,'
1347 1024 1584 1089 propheta
1598 1022 1617 1051 3
1660 1028 1673 1050 ‘
1692 1024 1903 1087 specula-

152 1109 338 1171 torem,’
360 1110 609 1159 Salvator4
627 1111 798 1159 mundi
820 1115 832 1136 ‘
844 1114 1087 1175 pastorem
1105 1108 1332 1158 ecclesiae’
1352 1108 1645 1156 sacerdotem
1664 1107 1900 1171 appellat:

154 1196 203 1241 et
237 1210 403 1242 omnes
437 1197 674 1242 tacentem
710 1197 904 1257 peccata
938 1192 1107 1257 populi
1142 1193 1401 1251 doctorem,
1437 1190 1687 1254 sanguinis
1722 1190 1904 1239 anima-

153 1291 263 1324 rum
286 1277 588 1339 perditarum
612 1276 702 1325 sub
726 1276 918 1324 silentio
945 1272 1125 1342 [reum]
1152 1291 1252 1323 esse
1277 1274 1601 1338 comprobant.

225 1370 270 1419 5.
312 1359 517 1422 Propter
556 1359 648 1407 1100
693 1358 942 1407 horribilis
989 1363 1039 1406 et
1085 1357 1297 1406 maxima
1344 1357 1601 1406 necessitas
1649 1356 1791 1420 cogit,
1832 1359 1904 1416 ut,

150 1442 294 1503 juxta
329 1441 515 1489 dictum
548 1441 755 1504 apostoli
773 1441 805 1500 5,
830 1457 917 1489 nos
957 1440 1162 1488 formam
1197 1440 1456 1488 debeamus
1491 1439 1717 1488 exhibere
1751 1438 1905 1487 fideli-

153 1522 258 1581 bus,
294 1523 386 1571 hoc
421 1529 505 1584 est,
541 1524 634 1572 nisi
669 1540 746 1572 me
781 1523 918 1572 fallat
953 1523 1132 1587 opinio,
1155 1523 1224 1572 ita
1253 1523 1384 1587 juste
1411 1523 1674 1572 vivendum
1704 1521 1906 1583 doctori,

153 1622 215 1653 ne
251 1605 382 1653 dicta
417 1623 503 1654 sua
537 1606 919 1670 repugnantibus
954 1606 1096 1654 factis
1137 1611 1350 1666 evacuet,
1389 1609 1438 1654 et
1472 1622 1532 1653 ne
1567 1622 1677 1653 cum
1714 1604 1808 1652 sibi
1848 1603 1908 1651 (10

154 1687 349 1752 proprio
385 1694 523 1737 caute
545 1689 693 1748 vivat,
719 1693 883 1737 tacens
919 1689 1075 1737 alieno
1112 1689 1370 1737 damnetur
1403 1694 1610 1751 peccato.
1684 1687 1813 1748 Quia
1846 1686 1909 1735 ad

154 1770 244 1819 hoc
286 1776 358 1819 est
396 1771 607 1820 ecclesiae
650 1771 744 1820 Dei
783 1772 1087 1836 praepositus,
1122 1776 1181 1820 ut
1222 1789 1321 1820 non
1356 1772 1511 1821 solum
1545 1772 1666 1820 bene
1701 1769 1908 1819 vivendo

155 1854 277 1902 alios
311 1854 532 1919 exemplo
568 1854 807 1914 instituat,
845 1855 930 1903 sed
965 1855 1110 1904 etiam
1146 1855 1437 1903 fiducialiter
1471 1854 1777 1918 praedicando
1813 1852 1908 1901 sin-

155 1937 284 2000 gulis
321 1940 432 1985 ante
468 1937 631 1986 oculos
665 1942 861 2001 peccata
894 1955 981 1986 sua
1014 1938 1308 1987 constituat:
1346 1942 1394 1986 et
1426 1955 1533 2001 quae
1560 1953 1703 2000 poena
1733 1935 1910 1983 habeat

158 2019 319 2079 duros,
345 2023 394 2068 et
429 2037 537 2083 quae
572 2019 726 2082 gloria
762 2019 1053 2080 obedientes,
1086 2020 1324 2079 ostendat,
1354 2019 1482 2084 quia,
1507 2019 1651 2083 juxta
1677 2019 1879 2067 verbum
1894 2017 1911 2043 ⁶

158 2100 362 2148 Domini
406 2102 467 2150 ad
512 2103 831 2164 Ezechielem,
878 2105 956 2153 cui
1003 2103 1296 2167 dispensatio
1343 2103 1481 2153 verbi
1528 2102 1779 2151 commissa
1824 2106 1909 2160 est,

158 2182 307 2231 etiam
347 2183 390 2232 si
430 2189 592 2234 sancte
627 2186 773 2247 vivat,
812 2190 862 2235 et
898 2191 1063 2235 tamen
1097 2186 1286 2250 perdite
1326 2187 1544 2234 viventes
1585 2200 1784 2248 arguere
1825 2188 1912 2232 aut

160 2266 411 2315 erubescat
452 2271 537 2315 aut
574 2272 774 2329 metuat,
818 2286 929 2317 cum
969 2269 1190 2318 omnibus
1232 2268 1318 2333 qui
1359 2285 1413 2317 eo
1455 2272 1644 2317 tacente
1679 2267 1913 2331 perierint

159 2349 321 2413 periit.
394 2350 461 2398 Et
497 2351 617 2414 quid
653 2351 698 2399 ei
732 2351 951 2415 proderit
983 2369 1080 2400 non
1111 2352 1278 2416 puniri
1307 2368 1408 2411 suo,
1435 2351 1521 2416 qui
1543 2350 1815 2416 puniendus
1839 2353 1913 2398 est

160 2432 316 2481 alieno
362 2435 590 2497 peccato?
671 2433 1076 2483 Taciturnitatem
1123 2434 1319 2499 quidem
1365 2435 1625 2484 sacerdotis
1671 2433 1913 2481 Dominus

160 2515 223 2564 ad
269 2515 573 2564 Ezechielem
618 2516 818 2580 loquens
866 2516 1151 2566 terribiliter
1191 2517 1430 2581 prohibet,
1474 2523 1523 2566 et
1563 2516 1912 2581 speculatorem

161 2598 457 2646 sacerdotem
498 2599 725 2662 appellat,
768 2602 826 2648 ut
871 2599 996 2649 sicut
1037 2600 1349 2664 speculatoris
1390 2605 1463 2649 est
1504 2600 1563 2649 (10
1604 2600 1710 2648 1000
1751 2596 1912 2647 altiori

160 2680 271 2743 plus
307 2681 531 2729 omnibus
563 2682 912 2746 contemplari:
955 2682 1028 2731 ita
1063 2684 1282 2732 sacerdos
1316 2684 1459 2732 debet
1492 2699 1592 2732 esse
1627 2682 1912 2731 meritorum

161 2763 463 2812 sublimitate
510 2764 695 2824 celsior,
744 2770 795 2813 et
834 2765 1030 2829 majoris
1076 2766 1290 2815 scientiae
1337 2765 1513 2814 habere
1553 2764 1775 2829 gratiam,
1818 2779 1913 2827 qua

160 2845 314 2909 possit
337 2849 534 2895 caeteros
557 2845 812 2896 instruere.
885 2846 1161 2908 ‘Audiens,'
1184 2848 1347 2913 inquit
1370 2848 1566 2897 divinus
1592 2864 1761 2906 sermo,
1790 2851 1801 2873 ⁶
1817 2861 1912 2893 ser-

161 2944 352 2976 monem
382 2929 698 2977 annunciabis
730 2928 792 2978 iis
828 2946 888 2978 ex
921 2929 1027 2979 me.'
1096 2930 1305 2990 Iudicat,
1331 2936 1387 2980 ut
1411 2931 1503 2979 1100
1527 2931 1655 2978 dicat
1679 2928 1912 2988 sacerdOS,

163 3010 294 3074 quod
328 3027 389 3059 ex
423 3010 590 3060 divina
624 3011 828 3061 lectione
863 3012 1100 3074 didicerit,
1137 3013 1268 3078 quod
1301 3013 1376 3062 illi
1411 3013 1544 3062 Deus
1586 3010 1912 3076 inspiraverit,

216 3133 230 3156 ¹
258 3135 413 3188 dicem]
440 3135 545 3175 Acts
563 3149 632 3175 xx.
656 3134 801 3177 26-28.
1120 3136 1136 3160 ⁴
1162 3137 1370 3193 Salvator]
1397 3138 1510 3178 John
1530 3151 1570 3179 X.
1595 3149 1630 3179 2.

217 3189 234 3212 2
261 3191 480 3298 apostolus}
511 3191 621 3232 Ibid.
645 3192 708 3233 28.
1119 3192 1136 3217 ⁶
1163 3193 1352 3247 apostoli]
1385 3204 1402 3231 1
1426 3193 1518 3233 Pet.
1539 3206 1578 3232 V.
1601 3204 1637 3242 3.

218 3244 234 3268 ³
255 3246 455 3298 propheta
495 3246 621 3287 Ezek.
642 3246 702 3286 iii.
726 3254 788 3298 17,
808 3246 954 3287 xxxiii.
973 3253 1009 3299 7.
1117 3246 1136 3271 ⁶
1162 3249 1343 3302 verbum]
1376 3248 1502 3289 Ezek.
1522 3247 1580 3287 iii.
1608 3247 1670 3296 18,
1691 3245 1836 3287 xxxiii.
1859 3246 1895 3287 8.
