2216 3554
154 213 275 264 CAP.
298 211 452 282 XVII]
780 211 950 263 Gentis
982 209 1156 277 Anylm
1167 227 1267 262 um.
1812 214 1832 257 1
1844 215 1870 258 7
1881 215 1904 259 1

843 437 990 487 OAP.
1029 437 1194 486 XVH.

240 585 292 627 Ut
312 590 484 639 appo-sta
501 585 673 627 eecleeiae
690 585 759 625 cui
772 584 883 625 idem
897 584 1132 625 accumbens
1150 583 1320 633 obierat,
1341 582 1512 624 ardente
1532 587 1677 624 caetera
1697 583 1827 633 domo,

433 656 619 708 flammis
637 655 801 710 absumi
819 654 1047 707 nequiverit
1063 670 1081 700 ;
1113 658 1150 695 et
1170 654 1404 694 deinterna
1423 653 1511 693 vita
1531 654 1629 705 ejus.

226 791 386 840 HUNO
423 808 532 840 cum
569 790 670 839 dies
706 789 881 838 mortis
921 789 1085 852 egredi
1120 806 1146 837 e
1182 805 1381 852 corpore
1423 791 1624 851 cogeret,
1663 788 1913 850 completis

159 873 299 921 annis
334 873 635 938 episcopatus
671 872 747 921 sui
783 872 1039 931 sexdecim,
1075 876 1179 919 erat
1214 871 1267 918 in
1300 871 1419 919 villa
1453 870 1600 933 regia,
1637 887 1735 918 non
1770 870 1913 932 longe

159 956 220 1004 ab
252 957 370 1004 urbe
394 956 454 1004 de
477 973 572 1020 qua
602 955 793 1019 praefati
826 972 1006 1004 sumus.
1076 954 1140 1003 In
1172 954 1262 1002 hac
1294 954 1427 1002 enim
1455 954 1636 1001 habens
1664 953 1914 1002 ecclesiam

161 1044 210 1087 et
234 1038 521 1098 cubiculum,
557 1037 733 1101 saepius
768 1037 949 1085 ibidem
983 1037 1159 1085 diverti
1195 1053 1250 1086 ac
1285 1052 1493 1096 manere,
1522 1042 1668 1099 atque
1702 1035 1817 1084 inde
1853 1036 1915 1083 ad

159 1120 519 1184 praedicandum
554 1120 928 1184 circumquaque
963 1119 1097 1168 exire
1130 1123 1477 1168 consueverat:
1527 1119 1658 1183 quod
1681 1118 1840 1183 ipsum
1864 1123 1915 1167 et

162 1204 215 1251 in
256 1203 367 1251 aliis
400 1203 532 1251 villis
572 1202 700 1266 regis
741 1203 896 1250 facere
934 1203 1131 1260 solebat,
1167 1206 1340 1265 utpote
1377 1201 1450 1249 nil
1485 1201 1695 1265 propriae
1729 1219 1914 1265 posses-

161 1286 325 1345 sioniS,
372 1292 572 1349 excepta
617 1285 814 1333 ecclesia
868 1301 956 1333 sua
1006 1289 1057 1333 et
1108 1285 1435 1348 adjacentibus
1492 1284 1662 1348 agellis
1718 1285 1914 1333 habens.

159 1369 496 1421 'retenderunt
530 1384 644 1430 ergo
684 1367 729 1415 ei
764 1367 1022 1431 aegrotanti
1062 1369 1329 1414 tentorium
1364 1367 1426 1415 ad
1461 1367 1806 1416 occidentalem
1839 1384 1915 1416 ec-

163 1451 320 1500 clesiae
354 1456 557 1513 partem,
581 1450 652 1498 ita
675 1453 732 1497 ut
755 1450 915 1513 ipsum
938 1449 1205 1498 tentorium
1240 1448 1417 1512 parieti
1451 1449 1655 1498 haereret
1690 1450 1915 1499 ecclesiae.

164 1533 310 1582 Unde
340 1532 520 1581 factum
555 1536 643 1590 est,
668 1536 726 1580 ut
760 1531 961 1580 adclinis
995 1532 1194 1580 destinae
1231 1549 1338 1595 quae
1374 1532 1671 1580 extrinsecus
1706 1532 1918 1581 ecclesiae

162 1633 250 1679 pro
286 1615 555 1663 munimine
591 1619 696 1662 erat
731 1613 967 1678 adposita,
992 1615 1220 1678 spiritum
1242 1614 1359 1663 vitae
1391 1614 1640 1663 exhalaret
1671 1615 1915 1663 ultimum.

164 1696 300 1746 Obiit
345 1702 509 1744 autem
557 1695 760 1758 septimo
778 1696 794 1722 ¹
839 1695 1026 1744 decimo
1084 1695 1387 1759 episcopatus
1435 1696 1511 1744 sui
1568 1714 1712 1756 anno,
1759 1697 1918 1761 pridie

163 1778 481 1827 kalendarum
529 1778 904 1841 Septembrium.
999 1777 1149 1841 Cujus
1207 1795 1381 1842 corpus
1427 1796 1543 1826 mox
1588 1778 1702 1827 inde
1760 1785 1918 1828 trans-

162 1861 318 1909 latum
375 1861 438 1908 ad
499 1860 707 1908 insulam
775 1860 1255 1920 Lindisfarnensium‚
1314 1865 1460 1925 atque
1522 1861 1575 1909 in
1609 1902 1752 1944 Bishop
1765 1902 1811 1936 Ai
1812 1902 1889 1937 dan

164 1943 436 1992 coemeterio
482 1944 691 1991 fratrum
738 1943 985 2007 sepultum
1031 1949 1118 1992 est.
1207 1943 1278 1991 At
1323 1944 1577 2007 interjecto
1649 1952 1785 2008 buried
1805 1955 1847 1988 at

164 2033 380 2090 tempore
415 2026 676 2089 aliquanto,
706 2043 816 2074 eum
850 2026 1084 2074 fabricata
1117 2033 1241 2075 esset
1274 2025 1345 2075 ibi
1379 2027 1577 2075 basilica
1622 2002 1883 2045 L1nd1sfarn03

165 2109 330 2172 major,
355 2114 502 2172 atque
525 2109 576 2156 in
607 2108 840 2158 honorem
871 2109 1140 2158 beatissimi
1171 2110 1502 2174 apostolorum
1528 2110 1764 2175 principis
1788 2110 1922 2158 dedi-

168 2197 289 2250 cata,
321 2191 407 2239 illo
442 2208 548 2239 ossa
582 2193 684 2254 ejus
718 2192 968 2252 translata,
1011 2196 1156 2256 atque
1191 2193 1254 2241 ad
1288 2194 1539 2242 dexteram
1579 2194 1750 2243 altaris
1780 2196 1923 2256 juxta

168 2273 528 2324 venerationem
551 2279 689 2322 tanto
712 2274 940 2338 pontifice
963 2275 1162 2339 dignam
1184 2277 1381 2325 condita
1405 2282 1534 2326 sunt.

238 2356 478 2406 Successit
512 2373 628 2405 vero
664 2356 709 2404 ei
744 2357 796 2403 in
832 2357 1165 2421 episcopatum
1200 2358 1374 2418 Finan,
1400 2365 1448 2407 et
1483 2358 1586 2423 ipse
1621 2359 1705 2407 illo
1741 2359 1801 2407 ab
1836 2357 1924 2405 Hii

172 2439 455 2489 Scottorum
477 2438 635 2487 insula
664 2456 719 2487 ac
751 2440 1043 2488 monasterio
1077 2440 1360 2500 destinatus,
1387 2458 1441 2489 ac
1465 2447 1585 2490 tem·
1649 2462 1857 2498 succeeded

171 2537 290 2585 pore
310 2538 410 2568 non
437 2537 588 2583 pauco
620 2521 670 2568 in
700 2521 979 2585 episcopatu
1008 2523 1291 2586 permansit.
1361 2523 1582 2587 Contigit
1653 2513 1704 2555 by
1718 2513 1854 2547 Finan.

173 2610 336 2652 autem
358 2607 469 2667 post
491 2603 678 2667 aliquot
711 2621 875 2663 annOS,
899 2608 958 2652 ut
979 2604 1148 2653 Penda
1183 2605 1478 2654 Merciorum
1509 2623 1597 2655 rex
1626 2623 1735 2654 cum
1761 2605 1926 2653 hostili

174 2686 390 2735 exercitu
427 2685 527 2735 haec
561 2686 614 2733 in
647 2686 752 2735 loca
784 2687 1079 2750 perveniens,
1106 2704 1215 2736 cum
1239 2693 1413 2737 cuncta
1443 2706 1551 2753 quae
1580 2694 1772 2752 poterat
1795 2689 1926 2736 ferro

175 2769 464 2832 fiammaque
488 2769 725 2832 perderet,
749 2769 885 2818 vicus
908 2786 1098 2833 quoque
1126 2770 1208 2819 ille
1236 2770 1289 2818 in
1321 2787 1416 2834 quo
1447 2772 1648 2820 antistes
1682 2771 1805 2819 obiit
1829 2787 1927 2818 una

177 2868 286 2901 cum
327 2850 526 2900 ecclesia
565 2856 830 2900 memorata
867 2851 1074 2902 flammis
1108 2853 1457 2903 absumeretur.
1528 2853 1624 2904 Sed
1658 2853 1839 2901 mirum
1874 2853 1926 2900 in

233 2996 249 3019 ¹
272 2995 446 3046 septimo
466 3025 476 3035 .
501 3025 511 3035 .
535 3025 544 3035 .
562 2995 691 3049 anno]
719 2995 843 3035 From
867 2995 953 3036 this
989 2996 1026 3037 it
1080 2995 1172 3048 635,
1202 2998 1240 3038 if
1266 2998 1331 3039 his
1368 2999 1649 3039 consecration
1683 2997 1782 3036 took
1810 2995 1926 3048 place

178 3063 352 3105 appears
380 3050 486 3097 that,
518 3063 565 3089 as
594 3051 707 3102 Aug.
729 3061 795 3100 31,
823 3061 910 3091 Aa).
931 3050 1025 3103 651,
1078 3052 1216 3093 before
1234 3055 1418 3107 August,
1430 3069 1477 3095 or
1495 3054 1540 3093 in
1558 3064 1645 3092 ΑΛ).
1661 3051 1755 3101 634,
1773 3051 1810 3089 if
1819 3050 1927 3090 after

182 3119 266 3146 was
303 3107 347 3145 in
385 3104 559 3143 Aidan's
605 3105 875 3145 seventeenth
915 3119 1023 3157 year,
1080 3108 1262 3160 August.
1319 3109 1405 3149 But
1434 3110 1468 3149 it
1496 3121 1627 3148 seems
1661 3110 1704 3145 to
1737 3106 1787 3144 be
1815 3104 1953 3144 fixed'

182 3163 295 3212 Aug.
325 3171 389 3210 31,
421 3169 504 3199 AD.
527 3157 620 3209 635,
648 3164 760 3199 must
786 3159 893 3199 have
917 3160 1022 3200 been
1078 3166 1122 3202 to
1148 3173 1236 3203 ΑΛ).
1265 3163 1347 3216 634
1386 3164 1443 3217 by
1470 3164 1545 3203 the
1574 3158 1849 3201 ‘tricesimus'
1886 3158 1932 3199 of

182 3217 226 3255 in
253 3214 320 3254 his
343 3216 442 3254 first.
504 3213 821 3267 Consequently,
848 3214 901 3254 he
927 3227 1023 3269 may
1077 3230 1112 3258 c.
1139 3217 1201 3259 26.

183 3269 317 3310 either
334 3269 441 3310 have
460 3269 565 3309 been
592 3268 854 3309 consecrated
871 3268 916 3309 in
937 3280 1020 3312 aa).
