2216 3554
169 254 287 303 CAP.
309 251 479 322 xxvr]
790 253 951 303 Gentis
984 253 1262 316 Anqlo'rum.
1303 264 1306 266 ’
1846 263 1910 309 55

165 388 390 449 poterant
412 382 729 448 praedicando,
745 387 916 432 cuncta
938 383 1080 446 hujus
1103 383 1275 432 mundi
1293 383 1430 433 velut
1448 385 1603 434 aliena
1626 390 1908 450 spernendo,

166 484 222 515 ea
244 472 440 516 tantum
469 484 575 530 quae
604 466 760 515 victui
792 467 1057 514 necessaria
1087 466 1394 526 videbantur,
1421 468 1482 515 ab
1519 468 1586 516 eis
1618 485 1737 532 quos
1773 471 1912 519 doce-

165 551 298 608 bant,
336 548 626 612 accipiendo,
663 548 924 596 secundum
966 564 1022 596 ea
1068 561 1175 611 qu'oe
1214 548 1449 597 docebant
1490 550 1582 613 ipsi
1624 567 1711 614 per
1748 554 1913 600 omnia

165 632 383 690 vivendo,
409 636 456 679 et
492 636 717 693 paratum
752 630 814 677 ad
847 629 1133 693 patiendum
1169 630 1371 679 adversa
1403 648 1622 695 quaeque,
1655 634 1732 682 vel
1764 634 1913 682 etiam

165 711 227 762 ad
266 708 569 762 moriendum
613 723 702 775 pro
754 730 810 760 ea
858 724 1004 776 quam
1053 712 1382 776 praedicabant
1431 714 1650 775 veritate,
1694 717 1912 764 animum

164 796 395 846 habendo.
465 793 594 855 Quid
629 792 799 842 mora?
836 795 1146 843 crediderunt
1178 796 1416 855 nonnulli,
1442 800 1491 845 et
1523 798 1912 861 baptizabantur,

163 879 393 926 mirantes
418 870 779 939 simplicitatem
810 876 1082 925 innocentis
1106 877 1236 936 vitae,
1263 895 1317 926 ac
1352 879 1654 928 dulcedinem
1679 881 1913 930 doctrinae

163 977 328 1009 eorum
371 959 585 1007 caelestis.
656 959 780 1007 Erat
822 965 988 1008 autem
1027 977 1178 1024 prope
1215 960 1372 1024 ipsam
1420 961 1668 1010 civitatem
1709 964 1770 1011 ad
1816 965 1913 1012 ori·

162 1042 349 1089 entem¹
401 1042 595 1090 ecclesia
645 1042 700 1090 in
751 1042 982 1091 honorem
1031 1043 1186 1090 sancti
1213 1043 1430 1091 ·Martini
1464 1044 1737 1108 antiquitus
1784 1047 1913 1095 facta

160 1125 275 1172 dum
311 1124 467 1172 adhuc
492 1124 698 1172 Romani
715 1125 1015 1174 Brittaniam
1040 1126 1400 1186 incolerent,1in
1433 1144 1528 1190 qua
1559 1129 1739 1192 regina,
1766 1147 1911 1193 quam

159 1206 487 1255 Christianam
511 1207 657 1254 fuisse
680 1208 1012 1270 praediximus,
1039 1225 1174 1256 orare
1198 1216 1528 1258 consueverat.
1598 1210 1660 1258 In
1684 1211 1772 1259 hac
1796 1229 1911 1275 ergo

158 1295 207 1337 et
230 1288 323 1352 ipsi
346 1289 505 1351 primo
529 1289 801 1349 convenire,
825 1290 1041 1353 psallere,
1070 1308 1222 1350 orare,
1248 1290 1420 1340 miss-as
1454 1294 1622 1352 facere,
1648 1293 1912 1356 praedicare

158 1375 207 1420 et
230 1371 477 1435 baptizare
506 1377 754 1435 coeperunt
769 1385 787 1432 ·;
823 1373 974 1421 donec
1005 1390 1116 1436 rege
1140 1373 1203 1422 ad
1231 1374 1374 1422 fidem
1409 1392 1653 1436 converso,
1679 1374 1911 1440 majorem

157 1453 446 1516 praedicandi
493 1470 580 1516 per
625 1454 798 1514 omnia,
836 1460 885 1503 et
918 1455 1141 1504 ecclesias
1176 1456 1442 1504 fabricandi
1490 1458 1567 1506 vel
1602 1460 1909 1507 restaurandi

156 1534 404 1583 licentiam
427 1535 715 1598 acciperent.

226 1617 300 1666 At
322 1618 409 1666 ubi
433 1617 534 1681 ipse
559 1618 707 1667 etiam
729 1619 860 1668 inter
882 1619 1000 1668 alios
1019 1620 1286 1669 delectatus
1301 1620 1406 1668 vita
1430 1621 1749 1672 mundissima
1773 1641 1907 1674 sanc-

156 1705 330 1758 torum,
366 1706 415 1748 et
448 1700 698 1763 promissis
744 1718 909 1750 eorum
954 1702 1263 1762 suavissimis,
1300 1720 1408 1766 quae
1453 1720 1566 1751 vera
1654 1746 1822 1787 Ain-597-

154 1799 256 1831 esse
286 1782 629 1830 miraculorum
657 1799 847 1847 quoque
878 1784 1143 1831 multorum
1178 1784 1451 1832 ostensione
1482 1784 1564 1831 fir-
1616 1799 1858 1857 AEthelberht

154 1856 418 1923 maverant,
454 1865 651 1912 credens
697 1863 1007 1934 baptizatus-‘³‘
1048 1870 1135 1925 est,
1171 1883 1354 1929 coepere
1401 1868 1565 1929 plures
1619 1859 1652 1884 ²⁸
1667 1850 1858 1891 bapmzed.

152 1947 214 1994 ad
260 1946 551 1994 audiendum
597 1947 797 1996 verbum
847 1947 1098 2007 confluere,
1141 1965 1196 1996 ac
1245 1948 1414 1996 relicto
1461 1948 1750 2011 gentilitatis
1791 1949 1908 2007 ritu,

152 2028 329 2077 unitati
364 2045 413 2076 se
449 2034 626 2077 sanctae
663 2029 850 2078 Christi
883 2030 1114 2078 Ecclesiae
1151 2031 1390 2079 credendo
1427 2031 1620 2079 sociare.
1691 2031 1910 2091 Quorum

151 2110 264 2159 fidei
303 2115 353 2159 et
390 2111 689 2160 conversioni
736 2112 806 2160 ita
845 2113 1207 2175 congratulatus
1244 2130 1345 2162 esse
1394 2108 1481 2161 rei(
1516 2113 1815 2177 perhibetur,
1850 2118 1908 2161 ut

151 2192 338 2240 nullum
386 2197 549 2241 tamen
585 2199 777 2256 cogeret
823 2194 884 2242 ad
927 2195 1354 2244 Christianismum
1370 2212 1383 2255 3
1422 2196 1520 2244 «sed
1566 2196 1907 2244 tantummodo

151 2275 395 2323 credentes
422 2275 618 2324 arctiori
657 2276 930 2336 dilectione,
955 2277 1093 2341 quasi
1131 2277 1348 2326 concives
1393 2277 1486 2326 sibi
1515 2279 1654 2342 regni
1689 2279 1907 2339 caelestis,

150 2358 531 2421 amplecteretur.
605 2359 854 2408 Didicerat
881 2360 1010 2408 enim
1042 2378 1070 2408 a
1095 2362 1375 2410 doctoribus
1406 2362 1782 2426 auctoribusque
1806 2379 1907 2411 suae

150 2437 334 2496 salutis,
360 2437 613 2485 servitium
635 2437 834 2487 Christi
862 2439 1209 2499 voluntarium,
1236 2458 1335 2488 non
1369 2441 1652 2489 coactitium
1686 2458 1788 2489 esse
1825 2441 1906 2489 de-

150 2519 274 2567 bere.
345 2518 448 2568 Nec
472 2520 680 2579 distulit,
706 2521 826 2584 quin
850 2522 999 2569 etiam
1022 2522 1139 2586 ipsis
1163 2522 1443 2571 doctoribus
1469 2523 1568 2571 suis
1594 2524 1752 2571 locum
1777 2524 1905 2572 sedis

150 2618 317 2649 eorum
349 2601 522 2663 gradui
556 2619 835 2666 congruum,
861 2603 915 2650 in
939 2603 1251 2652 Doruverni³
1276 2605 1535 2669 metropoli
1569 2621 1655 2654 sua
1687 2606 1903 2665 donaret,

150 2683 293 2730 simul
319 2689 368 2731 et
399 2684 686 2732 necessarias
710 2684 762 2732 in
794 2685 1001 2734 diversis
1026 2685 1274 2749 speciebus
1305 2687 1626 2749 possessiones
1650 2688 1903 2736 conferret.

205 2826 218 2849 ¹
247 2827 304 2867 ad
342 2826 554 2879 orientem]
614 2833 624 2850 ⁸
638 2828 703 2868 On
743 2827 816 2867 the
855 2829 997 2880 gentle
1051 2829 1136 2869 and
1164 2830 1449 2883 traditionally
1477 2830 1565 2870 said
1592 2834 1636 2870 to
1662 2830 1770 2870 have
1797 2830 1904 2869 been

149 2881 260 2933 slope
279 2895 372 2921 now
394 2882 588 2934 occupied
606 2882 663 2934 by
682 2883 755 2923 the
775 2884 997 2923 venerable
1052 2898 1105 2923 on
1115 2884 1448 2938 §Nhit-Sunday.
1506 2886 1677 2937 Stanley
1696 2885 1840 2925 thinks
1867 2885 1904 2923 it

148 2936 304 2976 church
333 2936 379 2975 of
402 2937 465 2976 St.
486 2937 660 2985 Martin,
681 2938 796 2977 itselt'
814 2938 860 2976 of
881 2952 907 2978 a
935 2939 998 2978 far
1052 2952 1137 2978 was
1155 2943 1201 2978 at
1221 2940 1283 2979 St.
1304 2939 1527 2986 Martin's3
1558 2954 1597 2992 p.
1626 2953 1687 2992 19.

149 2991 257 3030 later
276 2991 386 3038 date,
411 2991 488 3030 but
515 2991 696 3044 possibly
716 2993 926 3044 retaining
952 2993 997 3032 in
1107 2994 1123 3017 ³
1146 2994 1406 3046 Doruverni]
1438 2995 1709 3035 AEthelberht
1737 2992 1909 3032 himself

148 3046 204 3085 its
224 3046 339 3085 walls
358 3059 469 3084 some
489 3047 532 3084 of
549 3046 619 3084 the
640 3046 814 3098 original
834 3047 997 3087 Roman
1051 3048 1134 3087 had
1162 3049 1452 3101 transplanted
1479 3050 1546 3090 his
1574 3048 1726 3101 capital
1754 3052 1797 3086 to
1818 3048 1901 3086 Re-

149 3100 286 3140 bricks
306 3101 352 3139 of
369 3099 559 3140 Bertha's
579 3099 752 3152 chapel.'
810 3102 994 3153 Stanley,
1050 3103 1256 3155 gulbium,
1305 3105 1498 3156 building
1550 3119 1575 3143 a
1620 3117 1712 3142 new
1758 3101 1900 3154 palace

150 3168 189 3206 p.
219 3165 281 3206 14.
338 3156 380 3193 A
407 3155 619 3207 suffragan
646 3155 791 3208 bishop
819 3156 903 3196 had
931 3156 996 3197 his
1050 3158 1181 3197 there.
1239 3158 1425 3198 Monast.
1446 3159 1576 3210 Angl.
1596 3171 1636 3209 p.
1662 3166 1723 3206 25.
1773 3155 1900 3194 ‘That

151 3213 240 3248 seat
268 3211 312 3248 in
340 3209 424 3248 this
452 3210 607 3249 church
635 3210 701 3248 till
722 3210 801 3249 the
828 3211 930 3251 time
958 3211 1004 3251 of
1053 3212 1126 3251 the
1181 3213 1356 3265 parallel
1411 3214 1455 3252 of
1498 3211 1768 3252 Constantine
1814 3223 1900 3250 was

150 3263 373 3303 Lanfranc.
423 3264 608 3303 Monast.
629 3265 758 3316 Angl.
779 3265 807 3305 i.
822 3265 896 3305 26.
1053 3272 1222 3320 present
1250 3273 1294 3307 to
1322 3268 1395 3307 the
1424 3268 1560 3306 minds
1588 3266 1632 3305 of
1655 3266 1773 3304 those
1802 3277 1900 3303 con-

205 3316 220 3339 ²
249 3317 498 3371 baptizatas]
529 3319 715 3372 Perhaps
734 3319 779 3359 in
797 3331 883 3361 ΑΔ).
904 3330 996 3375 597,
1054 3322 1206 3362 cerned
1234 3321 1270 3362 is
1287 3322 1480 3371 vevident,
1511 3324 1586 3360 not
1613 3320 1768 3372 merely
1794 3319 1898 3359 from
