2216 3554
134 169 255 217 CAP.
275 162 464 233 xxva]
748 160 927 211 'Gentis
960 158 1248 223 Anylormn.
1275 162 1282 168 ’
1812 159 1877 204 69

132 315 283 361 usque
302 298 363 345 ad
380 290 1072 360 prohibitionempercipiendi
1096 287 1250 337 sancti
1266 278 1601 350 mysteriave]
1625 280 1879 335 missarum

131 379 383 428 sollemnia
416 375 716 426 celebrandi:
765 388 877 422 'cum
912 373 1114 420 fortasse
1150 377 1237 419 aut
1272 370 1423 417 festus
1458 369 1562 416 dies
1598 369 1765 431 exigit,
1796 375 1881 418 aut

131 461 350 509 exhiberi
368 458 774 523 mysterium„pro
792 472 858 503 eo'
869 455 1000 518 quod
1017 454 1236 502 sacerdos
1260 452 1384 499 alius
1402 451 1453 498 in
1477 452 1580 499 loco
1605 451 1753 508 deest,
1773 449 1881 511 ipsa

133 545 386 593 necessitas
426 540 684 604 compellit.
755 539 885 586 Nam
927 538 968 584 si
1010 537 1188 584 adsunt
1227 535 1311 584 alii
1359 535 1444 598 qui
1479 534 1692 597 implere
1738 532 1881 579 mini-

131 627 336 676 sterium
368 625 571 682 valeant,
608 620 787 669 inlusio
823 636 911 683 pro
947 619 1142 682 crapula
1164 618 1316 676 facta,
1353 635 1382 665 a
1417 616 1738 680 perceptione·
1759 615 1882 663 sacri

133 708 349 771 mysterii
372 705 625 770 prohibere
649 720 746 750 non
770 703 941 760 debet3
978 702 1061 749 sed
1085 701 1146 748 ab
1165 699 1497 748 immolatione
1521 700 1644 747 sacri
1662 698 1883 761 mysterii

131 791 384 848 abstinere,
426 793 485 837 ut
524 786 750 844 arbitror,
790 783 1045 832 humiliter
1085 783 1228 830 debet
1249 800 1257 829 :
1311 782 1352 830 si
1392 786 1556 830 tamen
1598 780 1884 830 dormientis

131 877 340 920 mentem
363 871 496 934 turpi
520 868 867 932 imaginatione
891 884 988 914 non
1013 865 1311 914 concusserit
1326 866 1356 913 ¹.
1414 866 1544 915 Nam
1568 871 1682 913 sunt
1707 865 1883 928 quibus

130 954 198 1002 ita
222 955 503 1017 plerumque
527 952 705 1000 inlusio
730 951 958 1009 nascitur,
977 955 1033 997 ut
1057 965 1223 997 eorum
1247 948 1451 1007 animus,
1474 947 1621 996 etiam
1643 946 1695 994 in
1715 963 1884 994 somno

130 1036 343 1099 corporis
358 1035 568 1099 positus,
584 1034 811 1097 turpibus
836 1031 1266 1094 imaginationibus
1292 1049 1389 1078 non
1413 1032 1636 1079 foedetur.
1699 1030 1808 1090 Qua
1833 1029 1884 1075 in

130 1135 181 1166 re
206 1136 358 1166 unum
382 1118 452 1165 ibi
477 1117 763 1176 ostenditur,
783 1116 887 1179 ipsa
911 1131 1046 1162 mens
1070 1131 1166 1172 rea,
1186 1131 1283 1162 non
1307 1118 1470 1162 tamen
1495 1114 1573 1162 vel
1597 1130 1683 1161 suo
1701 1111 1886 1177 judicio

130 1201 294 1261 libera,
333 1218 443 1249 cum
467 1217 543 1257 se,
584 1201 672 1247 etsi
710 1198 972 1246 dormienti
1014 1213 1226 1259 corpore,
1266 1197 1391 1244 nihil
1433 1196 1654 1244 meminit
1688 1195 1881 1250 vidisse,

129 1283 368 1332 tamenin
391 1282 570 1346 vigiliis
602 1281 829 1344 corporis,
855 1279 1079 1327 meminit
1114 1279 1164 1326 in
1179 1278 1455 1341 <ingluviem
1487 1279 1724 1327 cecidisse.
1797 1276 1886 1326 Sin

120 1382 245 1415 ‘vero
281 1383 342 1415 ex
375 1366 513 1428 turpi
550 1364 844 1427 cogitatione
879 1362 1132 1425 vigilantis
1167 1361 1325 1409 oritur
1359 1361 1540 1409 inlusio
1583 1361 1883 1419 dormientis,

120 1457 265 1513 -patet
290 1449 451 1498 animo
469 1453 631 1496 reatus
651 1464 765 1495 suus
787 1465 796 1494 :
834 1446 968 1494 videt
992 1445 1124 1493 enim
1147 1462 1176 1492 a
1200 1461 1296 1507 qua
1319 1445 1480 1492 radice
1503 1444 1778 1508 inquinatio
1802 1444 1887 1492 illa

130 1533 428 1596 processerit,
446 1532 559 1595 quia
578 1531 707 1594 quod
727 1529 958 1592 cogitavit
978 1527 1146 1587 sciens,
1162 1528 1251 1575 hoc
1274 1528 1477 1590 pertulit
1501 1528 1730 1576 nesciens.
1790 1527 1886 1576 Sed

130 1615 429 1679 pensandum
454 1613 661 1677 est‚⁴ips‘a
685 1612 916 1675 cogitatio
938 1618 1104 1671 utrum
1128 1610 1446 1674 suggestione,
1467 1628 1529 1658 an
1554 1609 1885 1669 delectatione,

130 1700 221 1756 vel,
258 1697 388 1761 quod
423 1699 578 1758 majus
615 1701 702 1754 est,
739 1693 923 1757 peccati
959 1710 1191 1741 consensu
1226 1692 1466 1740 acciderit.
1538 1693 1713 1740 Tribus
1756 1692 1887 1740 enim

131 1779 315 1828 modis2
338 1779 570 1841 impletur
593 1795 734 1825 omne
759 1782 1010 1840 peccatum
1023 1791 1037 1835 3
1074 1774 1302 1823 videlicet
1330 1775 1650 1838 suggestione,
1679 1775 1887 1822 delecta·

129 1863 274 1921 tione,
301 1878 548 1909 consensu.
620 1859 879 1924 Suggestio
921 1858 1101 1921 quippe
1126 1856 1190 1905 'fit
1224 1874 1312 1920 per
1339 1858 1598 1916 diabolum,
1632 1857 1887 1905 delectatio

132 1962 218 2008 per
253 1960 456 2002 carnem,
494 1960 749 1991 consensus
783 1959 870 2005 per
906 1940 1162 2004 spiritum:
1215 1940 1330 2003 quia
1366 1946 1414 1988 et
1449 1940 1655 2004 primam
1694 1941 1887 2004 culpam

132 2043 325 2090 serpens
350 2025 601 2089 suggessit,
627 2024 735 2073 Eva
759 2025 895 2072 velut
918 2040 1029 2072 caro
1054 2023 1292 2070 delectata
1316 2027 1402 2082 est,
1421 2022 1586 2071 Adam
1612 2040 1726 2071 vero
1750 2023 1887 2070 velut

130 2110 331 2174 spiritus
366 2108 638 2157 consensit:
687 2111 737 2155 et
772 2107 1038 2155 necessaria
1073 2111 1147 2154 est
1182 2123 1358 2168 magna
1394 2105 1637 2166 discretio,
1667 2110 1724 2154 ut
1758 2106 1888 2153 inter

131 2192 486 2256 suggestionem
503 2196 647 2253 atque
667 2189 1048 2249 delectationem,
1069 2188 1200 2236 inter
1218 2188 1589 2236 delectationem
1614 2192 1662 2235 et
1687 2205 1886 2236 consen-

131 2291 249 2333 sum,
269 2274 422 2337 judex
447 2273 525 2322 sui
549 2272 740 2321 animus
764 2272 1040 2336 praesideat.
1114 2271 1238 2320 Cum
1263 2272 1392 2319 enim
1418 2271 1657 2336 malignus
1683 2272 1887 2335 spiritus

130 2361 379 2421 peccatum
404 2355 622 2420 suggerit
645 2356 697 2402 in
720 2362 895 2413 mente,
921 2355 961 2403 si
985 2354 1116 2402 nulla
1139 2354 1325 2418 peccati
1358 2355 1614 2403 delectatio
1639 2359 1885 2418 sequatur,

131 2444 382 2502 peccatum
418 2438 693 2486 omnimodo
728 2442 1066 2501 perpetratum
1101 2455 1197 2485 non
1234 2443 1335 2485 est:
1380 2454 1489 2485 cum
1513 2455 1630 2486 vero
1656 2438 1886 2486 delectari

133 2538 243 2569 caro
279 2521 491 2583 coeperit,
515 2526 632 2568 tunc
666 2524 914 2583 peccatum
950 2519 1122 2583 incipit
1157 2519 1316 2568 nasei:
1367 2520 1407 2568 si
1442 2524 1605 2568 autem
1642 2520 1791 2568 etiam
1826 2537 1886 2568 ex

133 2602 477 2651 deliberatione
534 2602 786 2661 consentit,
834 2606 952 2650 tunc
1010 2606 1260 2665 peccatum
1319 2602 1623 2665 cognoscitur
1668 2602 1833 2666 perfici
1854 2603 1885 2648 3.

134 2686 193 2733 In
240 2685 544 2748 suggestione
590 2684 745 2749 igitur
786 2684 969 2748 peccati
1016 2685 1212 2732 initium
1254 2689 1340 2744 est,
1381 2685 1433 2732 in
1472 2685 1792 2733 delectatione
1829 2684 1887 2733 fit

188 2829 202 2852 ¹
231 2828 530 2880 imayimtione
585 2843 667 2869 non
722 2829 979 2882 concusserit]
1035 2829 1194 2869 brando
1226 2843 1340 2870 sacro
1368 2831 1566 2882 mysterio
1591 2834 1731 2871 censet
1758 2830 1886 2870 absti-

136 2883 365 2936 ‘Indulget
384 2885 424 2924 S.
446 2885 604 2924 Doctor
629 2884 900 2937 pollutionem
929 2897 981 2923 ex
1036 2885 1248 2926 nendum.’
1311 2886 1448 2925 Notes
1494 2892 1539 2925 to
1576 2886 1683 2938 Epp.
1722 2886 1777 2926 xi.
1818 2884 1884 2936 64.

134 2939 263 2978 nimio
309 2940 401 2985 cibo
447 2939 589 2990 passiS,
628 2943 675 2978 ut
722 2939 775 2979 ad
822 2952 978 2979 sacram
1033 2939 1159 2992 Greg.
1181 2940 1258 2991 Op.
1280 2941 1343 2980 ed.
1365 2941 1551 2980 Benedd.

135 2993 440 3034 Eucharistiam
477 2993 719 3033 sumendam
756 2995 978 3042 accedant3
1089 2993 1104 3016 ²
1140 2995 1283 3036 Tribus
1321 2997 1429 3035 enim
1472 2995 1623 3047 modis]
1682 2994 1742 3034 Of.
1781 2994 1884 3033 Gre-

135 3049 169 3087 si
187 3052 327 3088 tamen
346 3048 638 3087 dormientium
664 3053 846 3088 mentem
866 3049 982 3089 nulla
1035 3049 1186 3102 gorius'
1217 3051 1509 3102 Commentary
1537 3064 1587 3089 011
1622 3050 1650 3089 J
1655 3049 1706 3088 ob
1743 3052 1794 3099 (c.
1824 3049 1882 3089 iii.

136 3103 269 3154 turpis
286 3103 482 3155 cogitatio
501 3103 760 3143 concusserit.
809 3103 854 3143 si
871 3104 981 3143 enim
1040 3116 1103 3152 11,
1128 3106 1197 3155 12)
1220 3105 1291 3146 lib.
1312 3106 1365 3145 iv.
1392 3113 1410 3154 ξ
1434 3118 1499 3157 49.

136 3158 325 3209 turpibus
372 3158 624 3209 imaginibus
670 3170 786 3198 mens
826 3158 982 3199 foedata
1092 3159 1107 3183 ³
1128 3160 1291 3213 perfici]
1343 3161 1406 3201 Of.
1435 3161 1581 3199 James
1614 3157 1641 3196 i.
1681 3169 1742 3208 15,
1774 3158 1800 3207 ἡ
1840 3156 1882 3197 δὲ

133 3211 271 3261 fuerit,
296 3217 382 3254 tam
409 3226 435 3254 a·
462 3212 660 3253 sumendo
683 3226 807 3267 quam
827 3226 852 3256 a
880 3214 982 3256 cele·
1038 3214 1212 3268 ἁμαρτία
1230 3215 1552 3255 ἀποτελεσθεῖσα
1570 3218 1692 3254 lesda.
