2216 3554
307 193 405 240 214
875 187 1104 237 Historia
1137 185 1478 236 Ecclesiastica
1831 183 1970 256 [LIB.
1988 202 2061 236 lv.

305 321 525 388 apostoli,
560 320 648 370 ubi
682 319 1028 384 archiepiscopi
1069 319 1258 370 Cantiae
1297 317 1504 383 sepeliri,
1541 323 1599 366 ut
1638 318 1871 382 praefatus
1886 319 1902 346 ¹
1938 334 2060 378 sum,

305 407 476 455 solent.
547 405 849 467 Praeceperat
871 403 1002 451 enim
1025 402 1280 451 Theodoro
1304 401 1504 450 abeunti
1521 401 1729 450 domnus
1753 401 2062 464 apostolicus,

303 493 362 537 ut
393 488 445 536 in
469 487 659 536 dioecesi
691 503 778 535 sua
811 486 1103 549 provideret,
1128 491 1177 534 et
1210 485 1348 534 daret
1373 484 1419 533 ei
1449 483 1611 533 locum
1633 484 1685 531 in
1709 500 1804 548 quo
1829 501 1939 532 cum
1965 484 2064 532 suis

304 577 416 634 apte
441 569 614 635 degere
638 567 891 633 potuisset.

1057 746 1200 799 OAP.
1237 748 1310 799 Π.

304 886 355 927 Ut
377 886 587 927 Theodoro
613 890 759 927 cumta
783 889 1046 938 perayrante,
1066 884 1302 936 Amylorum
1329 882 1504 924 ecclesiae
1536 896 1626 925 cum
1653 883 1855 925 catholiea
1883 884 2063 932 veritate,

413 956 631 997 literarum
658 968 811 1007 quoque
838 958 1078 994 sanctarum
1107 953 1299 1005 coeperint
1327 952 1482 994 studiis
1511 953 1671 993 imbui:
1700 959 1737 993 et
1764 956 1808 993 ut
1834 953 1967 993 Putta
1991 967 2066 1005 pro

411 1026 627 1066 Damiano
646 1023 870 1076 Hrofensis
889 1022 1062 1063 ecclesiae
1081 1023 1137 1063 sit
1147 1023 1291 1076 factus
1311 1023 1495 1063 antistes.

370 1154 635 1201 Pnnvmm
667 1157 833 1200 autem
857 1149 1140 1199 Theodorus
1164 1150 1227 1198 ad
1258 1150 1507 1199 ecclesiam
1531 1167 1668 1200 suam
1702 1151 1910 1200 secundo
1933 1158 2064 1216 post-

354 1246 592 1288 Archbishop
648 1250 794 1298 quam
832 1237 1137 1282 consecratus
1173 1237 1247 1281 est
1287 1249 1430 1292 anno,
1467 1233 1557 1281 sub
1592 1234 1672 1282 die
1714 1238 1853 1283 sexto
1895 1233 2065 1284 kalen·

363 1296 582 1381 Ἓξὲἶᾟω
645 1313 818 1360 darum
853 1313 886 1361 J
890 1312 1132 1372 uniarum,
1168 1311 1455 1372 Dominica;
1494 1317 1545 1360 et
1580 1312 1696 1361 fecit
1737 1312 1789 1360 in
1825 1330 1880 1362 ea
1915 1329 2066 1363 annos

414 1396 530 1431 Kent.
643 1394 822 1458 viginti
869 1400 919 1443 et
969 1411 1139 1455 unum,
1187 1409 1376 1442 menses
1426 1397 1540 1453 tres,
1589 1393 1692 1443 dies
1738 1395 1918 1460 viginti
1965 1412 2064 1445 sex.

300 1475 518 1540 Moxque
548 1482 808 1542 peragrata
838 1477 999 1526 insula
1026 1481 1146 1536 tota,
1179 1492 1567 1541 quaquaversum
1594 1476 1870 1542 Anglorum
1898 1484 2067 1544 gentes

300 1560 626 1619 morabantur,
650 1577 765 1608 nam
790 1566 839 1609 et
863 1559 1183 1608 libentissime
1207 1559 1269 1607 ab
1294 1559 1518 1608 omnibus
1541 1561 1896 1624 suscipiebatur
1919 1567 2067 1627 atque

300 1641 607 1701 audiebatur,
644 1650 832 1692 rectum
866 1643 1065 1692 vivendi
1101 1642 1336 1702 ordinem,
1373 1643 1527 1692 ritum
1561 1644 1750 1707 paschae
1791 1645 2066 1694 celebrandi

300 1726 597 1786 canonicum,
635 1742 722 1790 per
757 1726 920 1775 omnia
954 1725 1221 1774 comitante
1256 1730 1306 1773 et
1341 1732 1631 1789 cooperante
1677 1726 1934 1776 Hadriano
1970 1729 2066 1776 dis-

300 1808 582 1858 seminabat.
678 1808 830 1873 Isque
876 1808 1064 1872 primus
1114 1813 1218 1856 erat
1266 1807 1318 1855 in
1356 1796 1741 1872 archiepiscopis,
1790 1810 1868 1858 cui
1906 1811 2066 1860 omnis

300 1890 575 1953 Anglorum
612 1892 843 1940 ecclesia²
885 1907 1058 1939 manus
1097 1890 1212 1939 dare
1253 1891 1561 1941 consentiret.
1645 1892 1713 1940 Et
1754 1893 1867 1956 quia
1908 1893 2066 1943 literis

301 1973 448 2021 sacris
475 1974 618 2021 simul
651 1981 701 2023 et
735 1973 1061 2031 saecularibus,
1085 1979 1143 2022 ut
1174 1972 1402 2034 diximus,
1427 1973 1732 2023 abundanter
1755 1975 1897 2024 ambo
1926 1983 2065 2025 erant

300 2055 542 2116 instructi,
587 2060 878 2120 congregata
928 2055 1279 2119 discipulorum
1330 2061 1534 2116 caterva,
1578 2057 1795 2106 scientiae
1836 2058 2065 2107 salutaris

301 2138 521 2202 quotidie
556 2138 762 2186 flumina
794 2138 1058 2201 irrigandis
1094 2154 1261 2186 eorum
1295 2138 1522 2187 cordibus
1553 2141 1873 2189 emanabant:
1910 2141 1981 2189 ita
2008 2145 2066 2189 ut

301 2222 450 2270 etiam
485 2221 699 2270 metricae
735 2220 867 2280 artiS‚
906 2220 1216 2269 astronomiae
1259 2224 1308 2269 et
1350 2221 1667 2271 arithmeticae
1702 2223 2065 2273 ecclesiasticae⁸

302 2304 609 2366 disciplinam
646 2303 777 2351 inter
814 2319 1063 2351 sacrorum
1103 2303 1294 2366 apicum
1333 2304 1582 2353 volumina
1617 2304 1728 2354 suis·
1759 2306 2065 2356 auditoribus

302 2387 654 2436 contraderent.
713 2386 906 2435 Indicio
931 2391 1004 2434 est
1028 2386 1159 2449 quod
1182 2403 1335 2450 usque
1359 2386 1503 2436 hodie
1528 2394 1790 2452 supersunt
1813 2390 1874 2438 de
1898 2407 2066 2439 eorum

302 2469 567 2532 discipulis,
594 2469 679 2532 qui
711 2469 939 2518 Latinam
968 2467 1287 2533 Graecamque
1321 2469 1538 2534 linguam
1564 2488 1700 2536 aeque
1724 2477 1782 2521 ut
1815 2473 2065 2538 propriam

302 2552 354 2599 in
401 2569 497 2616 qua
539 2551 644 2599 nati
690 2558 818 2611 sunt,
866 2556 1061 2600 norunt.
1146 2552 1320 2616 Neque
1366 2570 1584 2617 unquam
1627 2571 1823 2618 prorsus
1866 2573 1927 2604 ex
1968 2572 2065 2620 quo

304 2633 602 2683 Brittaniam
641 2635 891 2698 petierunt
931 2634 1098 2699 Angli,
1141 2635 1356 2684 feliciora
1396 2636 1530 2685 fuere
1567 2642 1816 2702 tempora;
1859 2639 1976 2687 dum
2015 2644 2065 2688 et

302 2759 355 2800 he
383 2759 582 2799 returned
608 2762 652 2798 to
676 2759 823 2805 Rome,
843 2759 1038 2800 Hadrian
1066 2773 1156 2800 suc·
1213 2773 1376 2811 209—a
1412 2761 1639 2801 somewhat
1669 2763 1954 2814 questionable
1992 2777 2064 2804 au·

303 2814 456 2854 ceeded
475 2813 577 2854 him.
624 2813 702 2854 See
716 2815 908 2855 Historia
922 2815 1153 2863 Abbatum,
1210 2815 1573 2868 thority-—makes
1602 2817 1675 2857 the
1702 2830 1828 2871 popes
1855 2819 1951 2871 give
1978 2819 2065 2859 this

302 2869 449 2947 below.
1211 2871 1426 2923 authority
1446 2872 1615 2920 earlier;
1643 2873 1728 2912 and
1747 2873 1902 2920 Thorn,
1923 2874 2065 2926 Twys-

359 2977 376 3001 ²
395 2923 802 3030 {iffifflffiss
827 2932 1011 3032 Ξὲἑῑξεῗὶι]
1048 2980 1154 3019 wi1-
1210 2925 1811 3034 gssssbpiifffdgi‘ililieussgi'vzi
1824 2928 2065 3034 &2113ss
2116 2986 2122 2991 ·

305 3035 412 3081 kins,
442 3034 596 3074 Concil.
630 3034 777 3085 Magn.
807 3034 999 3075 Britann.
1029 3036 1056 3074 i.
1086 3046 1153 3086 41,
1209 3036 1322 3084 land,
1343 3037 1552 3085 Scotland,
1573 3037 1656 3077 and
1676 3038 1856 3077 Ireland.

303 3090 419 3141 gives
456 3089 714 3143 'Vitalianus’
760 3089 889 3128 letter
942 3090 1154 3142 investing
1263 3091 1280 3114 ³
1306 3091 1596 3145 ecclesiasticas]
1629 3092 1718 3131 The
1751 3097 1819 3132 art
1849 3092 1897 3132 of
1924 3092 2063 3132 calcu·

303 3145 541 3184 Theodorus
560 3144 663 3184 with
690 3143 775 3183 this
803 3157 940 3195 power
964 3158 1063 3183 over
1081 3145 1154 3184 the
1207 3146 1344 3198 lating
1389 3147 1560 3186 Church
1606 3160 1796 3187 seasons:
1853 3160 1900 3187 as
1946 3147 2064 3188 Beda

304 3199 436 3239 whole
463 3199 641 3251 English
659 3198 838 3238 Church.
895 3199 1084 3238 William
1112 3200 1162 3238 of
1209 3201 1378 3241 teaches
1411 3202 1456 3240 in
1491 3201 1557 3240 his
1588 3203 1759 3242 treatise
1787 3201 1854 3242 De
1882 3202 2062 3243 Ratione

304 3255 605 3308 Malmesbury,
655 3254 723 3294 De
766 3254 884 3294 Gest.
935 3254 1080 3294 Pontt.
1126 3255 1154 3294 i.
1208 3257 1470 3308 Temporum.
1529 3256 1571 3298 S.
