2216 3554
327 177 350 221 1
360 179 422 224 24
910 173 1139 223 Historia
1172 174 1502 225 Ecclesiastica
1853 171 1985 244 [LIB.
2009 190 2065 225 11.

1040 356 1186 405 CAP.
1223 356 1360 406 XIV.

435 478 486 519 Ut
505 479 615 520 idem
636 479 824 520 AEduini
842 493 932 520 cum
951 493 1028 520 sua
1044 484 1159 531 yeme
1169 480 1312 531 fidelis
1331 481 1384 521 sit
1397 480 1540 532 factus
1554 496 1574 526 ,·.
1604 485 1639 520 et
1659 479 1732 520 ubi
1750 478 1958 519 Paulinus

1056 550 1335 602 baptizaverit.

392 661 582 711 IGITUR
605 662 789 725 accepit
811 679 898 710 rex
922 661 1134 710 Aeduini
1159 680 1267 711 cum
1294 661 1480 711 cunctis
1504 662 1659 724 gentis
1691 678 1788 709 suae
1813 661 2066 721 nobilibus,

324 760 379 792 ac
413 745 549 807 plebe
583 744 878 807 perplurima
915 745 1060 792 fidem
1094 751 1142 793 et
1179 745 1425 793 lavacrum
1468 749 1643 792 sanctae
1678 743 2068 806 regenerationis,

323 843 449 873 anno
474 826 612 889 regni
635 826 710 874 sui
733 826 1001 885 undecimo,
1028 826 1112 891 qui
1141 832 1213 874 est
1244 844 1397 875 annus
1432 827 1699 874 Dominicae
1724 824 2069 873 incarnationis

325 907 695 955 sexcentesimus
719 907 972 955 vicesimus
1007 907 1252 971 septimus,
1279 909 1338 955 ab
1375 908 1617 956 adventul
1649 925 1761 956 vero
1792 906 2069 971 Anglorum

323 988 375 1037 in
412 989 710 1037 Brittaniam
745 1007 901 1037 annus
937 990 1128 1038 circiter
1163 990 1449 1038 centesimus
1485 990 1817 1054 octogesimus.
1902 990 2070 1052 Bapti-

402 1091 584 1126 Eadwine
661 1076 798 1120 zatus
822 1069 926 1120 est-‚2
956 1078 1118 1120 autem
1142 1073 1352 1120 Eburaci
1376 1072 1453 1120 die
1490 1079 1653 1121 sancto
1682 1073 1883 1136 paschae,
1910 1071 2069 1135 pridie

400 1139 590 1230 *jsfflfiilzffl’
662 1154 833 1201 iduum
867 1152 1130 1217 Aprilium,
1167 1154 1219 1201 in
1254 1155 1452 1203 ecclesia
1489 1155 1642 1203 sancti
1679 1155 1811 1203 Petri
1849 1153 2066 1218 apostoli,

407 1238 578 1278 A..1>.627‚
664 1252 807 1298 quam
828 1235 1007 1283 ibidem
1032 1236 1134 1299 ipse
1158 1237 1217 1284 de
1241 1236 1372 1300 ligno
1398 1254 1508 1284 cum
1532 1237 1905 1285 catechizaretur
1923 1243 2070 1299 atque

323 1316 387 1364 ad
414 1316 779 1380 percipiendum
811 1318 1052 1380 baptisma
1085 1318 1398 1377 imbueretur,
1433 1319 1580 1367 citato
1612 1336 1754 1382 opere
1786 1318 2069 1367 construxit.

323 1399 385 1445 In
422 1415 518 1462 qua
551 1399 699 1447 etiam
734 1400 932 1448 civitate
967 1401 1068 1464 ipse
1102 1401 1288 1449 doctori
1323 1408 1469 1464 atque
1503 1401 1715 1450 antistiti
1750 1417 1836 1449 suo
1866 1401 2070 1448 Paulino

323 1482 483 1529 sedem
507 1481 811 1546 episcopatus
835 1483 1048 1532 donavit.
1119 1483 1234 1531 Mox
1260 1488 1424 1532 autem
1447 1489 1503 1532 ut
1526 1483 1769 1547 baptisma
1789 1489 2071 1532 consecutus

324 1569 410 1622 est,
449 1564 653 1623 curavit,
692 1565 894 1613 docente
929 1565 1095 1613 eodem
1133 1564 1354 1624 Paulin0,
1391 1566 1621 1629 majorem
1654 1567 1759 1629 ipso
1797 1565 1848 1612 in
1883 1565 1985 1613 loco
2021 1571 2069 1613 et

322 1646 654 1710 augustiorem>
674 1647 734 1695 de
758 1647 917 1711 lapide
941 1648 1173 1697 fabricare
1204 1648 1465 1708 basilicam,
1490 1649 1543 1696 in
1567 1649 1702 1713 cujus
1726 1648 1883 1696 medio
1908 1648 2069 1712 ipsum

323 1729 451 1792 quod
490 1729 625 1792 prius
666 1730 858 1789 fecerat,
896 1731 1161 1778 oratorium
1201 1731 1539 1780 includeretur.
1624 1729 1912 1794 Praeparatis
1954 1746 2068 1792 ergo

322 1811 648 1860 fundamentis
671 1811 723 1858 in
745 1829 864 1875 gyro
888 1812 1065 1875 prioris
1083 1813 1280 1860 oratorii
1303 1830 1389 1876 per
1407 1813 1644 1876 quadrum
1668 1813 1810 1876 coepit
1835 1812 2069 1860 aedificare
2107 1823 2110 1829 ’

322 1892 580 1941 basilicam.
652 1893 748 1942 Sed
781 1893 1062 1957 priusquam
1096 1894 1303 1942 altitudo
1335 1894 1539 1957 parietis
1565 1901 1688 1942 esset
1723 1900 2065 1953 consummata,

321 1990 406 2022 rex
442 1974 545 2037 ipse
579 1975 727 2038 impia
760 1991 874 2023 nece
909 1975 1090 2023 occisus
1127 1992 1250 2038 opus
1284 1975 1413 2023 idem
1446 1976 1707 2024 successori
1738 1993 1824 2024 suo
1855 1977 2067 2024 Osualdo

322 2056 668 2120 perficiendum
691 2056 900 2119 reliquit.
966 2056 1205 2105 Paulinus
1230 2064 1392 2106 autem
1418 2075 1477 2106 ex
1501 2075 1556 2106 eo
1578 2063 1796 2121 tempore
1821 2075 1905 2105 sex
1929 2058 2067 2106 annis

323 2138 576 2197 continuis,
616 2139 667 2186 id
702 2143 789 2197 est,
825 2138 887 2186 ad
924 2139 1071 2186 finem
1106 2156 1259 2202 usque
1294 2140 1488 2204 imperii
1523 2141 1650 2204 regis
1684 2140 1831 2199 illius,
1864 2141 2066 2189 verbum

322 2220 430 2279 Dei,
450 2221 691 2269 adnuente
709 2238 764 2268 ac
787 2221 979 2269 favente
1002 2221 1122 2284 ipso,
1141 2221 1193 2268 in
1212 2239 1266 2269 ea
1285 2222 1533 2284 provincia
1549 2222 1841 2285 praedicabat
1858 2239 1874 2271 ε·
1904 2223 2067 2271 crede-

405 2322 501 2356 with
514 2322 574 2357 his
660 2303 873 2366 bantque
908 2309 959 2351 et
996 2304 1372 2366 baptizabantur
1403 2310 1643 2368 quotquot
1679 2306 1849 2353 erant⁸
1883 2322 2067 2368 praeor-

419 2371 562 2413 family.
662 2385 817 2432 dinati
842 2386 901 2434 ad
925 2385 1076 2434 vitam
1095 2392 1324 2434 aeternam
1341 2403 1353 2446 ;
1391 2386 1442 2433 in
1462 2387 1639 2450 quibus
1664 2391 1803 2435 erant
1827 2387 1994 2435 Osfrid
2018 2391 2067 2435 et

294 2455 540 2512 Eadfrid'
561 2465 651 2513 filii
691 2468 819 2530 regis
856 2467 1084 2526 Aeduini‚
1122 2468 1206 2531 qui
1246 2469 1388 2516 ambo
1432 2468 1477 2517 ei
1524 2468 1659 2516 exuli
1704 2468 1808 2518 nati
1845 2475 1960 2518 sunt
2006 2470 2065 2518 de

323 2547 678 2611 Quoenburga4
712 2548 813 2597 filia
848 2549 1006 2597 Cearli
1039 2549 1167 2613 regis
1202 2550 1507 2599 Merciorum.

391 2628 636 2692 Baptizati
669 2637 782 2680 sunt
814 2635 1031 2695 tempore
1063 2637 1289 2695 sequente
1322 2637 1372 2681 et
1405 2633 1489 2681 alii
1520 2633 1662 2682 liberi
1693 2635 1792 2696 ejus
1817 2633 1877 2682 de
1903 2632 2065 2680 AEdil-

377 2738 391 2762 ¹
421 2739 471 2778 ab
492 2739 671 2781 adventu
698 2770 706 2779 .
729 2771 739 2782 .
762 2769 771 2779 .
790 2743 1067 2796 octoyesimus]
1099 2741 1165 2781 Of.
1222 2741 1269 2781 of
1293 2755 1318 2781 a
1351 2742 1463 2781 Rum
1494 2742 1672 2782 married
1705 2743 1852 2790 Oswio,
1884 2742 1989 2794 king
2025 2742 2071 2781 of

321 2808 362 2847 P·
378 2797 668 2890 ²3‘isscilottz'ia2tics
714 2849 787 2889 est]
841 2850 930 2891 The
979 2851 1166 2891 Annales
1221 2796 1428 2891 Remini}
1448 2797 1587 2891 slqngfi
1608 2797 1867 2839 AEthelffith.
1923 2798 2062 2839 Nemi

323 2862 526 2943 Gambriss
554 2903 684 2944 insert
712 2887 786 2943 th&
808 2905 1016 2958 following
1034 2906 1167 2945 under
1221 2866 1261 2905 P·
1275 2860 1510 2959 ³⁷}’u0tcjuot'
1526 2883 1663 2958 erant]
1683 2907 1789 2946 Acts
1808 2906 1893 2946 xiii.
1914 2907 1980 2957 48.

322 2969 406 2999 A.D.
441 2957 521 2997 626
538 2971 547 2997 ε
597 2964 607 2980 ⁶
623 2958 779 3010 Etguin
817 2960 1051 3010 baptizatus
1087 2965 1162 3009 est,
1272 2960 1289 2983 ⁴
1320 2961 2064 3014 Quoenburqa]Cwenburh‚daughter

324 3018 366 3054 et
381 3014 481 3052 Run
496 3012 602 3052 filius
617 3013 791 3065 Urbgen
804 3014 1032 3065 baptizavit
1045 3015 1164 3056 euna)
1219 3015 1264 3054 of
1271 3016 1404 3064 Cearl,
1416 3016 1552 3056 whom
1565 3016 1760 3055 Florence
1775 3016 1820 3054 of
1829 3016 2062 3055 Worcester

323 3069 437 3107 Note
470 3068 563 3107 that
590 3068 705 3107 Beda
737 3068 832 3107 does
863 3073 936 3108 not
972 3083 1045 3121 say
1071 3070 1165 3109 that
1218 3070 1422 3110 identifies
1434 3071 1535 3110 with
1547 3071 1713 3117 creoda,
1728 3069 1902 3109 Penda's
1915 3071 2062 3122 grand-

322 3123 526 3163 Paulinus
544 3123 722 3174 actually
740 3122 930 3174 baptized
948 3123 1063 3172 him;
1091 3124 1164 3163 the
1219 3125 1366 3165 father.
1426 3125 1525 3165 This
1557 3139 1704 3177 proves
1737 3125 1830 3164 that
1863 3125 2062 3164 Eadwine

324 3178 461 3218 saxon
474 3177 691 3217 Chronicle
706 3178 741 3217 is
761 3178 833 3217 the
847 3178 936 3217 first
952 3178 1165 3230 authority
1218 3184 1330 3219 must
1356 3180 1463 3219 have
1482 3180 1586 3219 been
1610 3180 1655 3219 in
1675 3179 1835 3218 Mercia
1852 3179 1990 3219 before
2008 3180 2061 3220 he

322 3232 417 3273 that
431 3237 581 3274 asserta
591 3232 687 3275 this.
729 3232 819 3272 The
829 3233 1166 3285 granddaughter
1218 3234 1319 3275 took
1337 3235 1476 3288 refuge
1495 3235 1540 3275 in
1558 3234 1698 3275 North
1715 3234 1869 3274 Wales.
