2216 3554
359 195 451 238 184
932 190 1157 238 Histom'a
1191 189 1529 238 Ecclesiastica
1870 187 2003 257 [Lm.
2021 205 2098 237 111.

354 324 644 373 famulorum
671 322 868 381 Christi,
888 322 1192 386 disciplinam
1209 322 1324 371 vitae
1350 322 1597 385 regularis,
1616 321 1668 368 in
1693 324 1930 385 quantum
1952 322 2098 370 rudes

356 407 512 455 adhuc
536 423 702 469 capere
726 408 964 468 poterant,
990 404 1229 453 custodire
1253 405 1430 452 docuit.

424 489 644 551 Cumque
678 491 892 550 tempore
926 503 1023 534 non
1056 503 1207 550 pauco
1242 487 1295 533 in
1329 486 1528 549 praefata
1562 485 1823 548 provincia,
1861 486 2099 548 gaudente

425 602 624 646 Sigeberht
694 586 818 632 rege,
845 568 1174 632 congaudente
1198 569 1422 615 universo
1445 567 1642 630 populo,
1662 561 1776 615 vitae
1800 567 2002 615 caelestis
2027 567 2100 613 in-

419 653 632 692 muniere&
697 651 886 700 stitutio
924 650 1261 714 quotidianum
1297 654 1506 698 sumeret
1532 654 1858 712 augmentum,
1896 649 2102 710 contigit

355 733 513 796 ipsum
539 749 700 796 regem
718 732 980 796 instigante
999 732 1215 780 omnium
1235 733 1472 780 bonorum
1490 731 1701 790 inimico,
1721 731 2102 795 propinquorum

357 833 555 864 suorum
581 833 728 864 manu
751 814 972 863 interfici.
1043 814 1202 864 Erant
1237 821 1399 862 autem
1434 814 1530 861 duo
1558 814 1778 876 germani
1813 815 1986 862 fratres
2019 813 2104 876 qui

357 899 446 947 hoc
469 898 653 947 facinus
679 903 963 960 patrarunt3
1002 896 1087 959 qui
1119 913 1228 944 cum
1252 897 1669 959 interrogarentur
1691 913 1840 959 quare
1867 896 1956 944 hoc
1979 896 2103 944 face-

357 987 481 1040 rent,
505 981 576 1028 nil
600 980 730 1028 aliud
754 979 1042 1042 respondere
1073 983 1352 1042 potuerunt,
1377 979 1472 1028 nisi
1495 980 1555 1027 ob
1588 979 1678 1027 hoc
1711 996 1760 1027 se
1784 979 1933 1026 iratos
1956 979 2106 1026 fuisse

358 1069 408 1113 et
431 1063 652 1112 inimicos
676 1061 793 1125 regi,
820 1061 950 1124 quod
982 1061 1065 1109 ille
1088 1061 1295 1109 nimium
1319 1062 1420 1110 suis
1454 1077 1647 1124 parcere
1683 1061 1857 1109 soleret
1880 1059 2102 1119 inimicis,

357 1152 406 1194 et
428 1146 575 1194 factas
599 1145 660 1192 ab
685 1144 752 1192 eis
778 1143 980 1206 injurias
1006 1160 1120 1192 mox
1143 1143 1504 1192 obsecrantibus
1535 1143 1726 1206 placida
1750 1147 1909 1191 mente
1934 1142 2106 1190 demit-

356 1233 492 1278 teret.
563 1226 695 1274 Talis
730 1231 834 1273 erat
870 1225 1011 1288 culpa
1047 1225 1173 1289 regis
1208 1242 1297 1288 pro
1334 1242 1429 1289 qua
1464 1226 1775 1285 occideretur,
1802 1226 1932 1288 quod
1964 1242 2105 1274 evan-

356 1311 508 1374 gelica
531 1312 772 1372 praecepta
795 1308 969 1356 devoto
994 1309 1138 1356 corde
1162 1314 1374 1356 servaret
1395 1327 1404 1356 ε
1443 1308 1494 1355 in
1519 1325 1615 1371 qua
1637 1312 1801 1356 tamen
1825 1310 1926 1370 ejus
1950 1313 2107 1356 morte

355 1392 567 1451 innoxia,
583 1394 728 1454 juxta
763 1390 1051 1454 praedictum
1080 1390 1174 1438 viri
1211 1391 1320 1450 Dei,
1353 1408 1465 1439 vera
1500 1395 1574 1438 est
1608 1390 1712 1453 ejus
1745 1390 1887 1452 culpa
1916 1389 2104 1453 punita.

357 1475 614 1523 Habuerat
638 1473 765 1521 enim
784 1490 910 1521 unus
929 1490 989 1520 ex
1013 1473 1090 1521 his
1115 1473 1197 1537 qui
1223 1489 1331 1521 eum
1356 1473 1636 1521 occiderunt
1659 1472 1930 1532 comitibus,
1949 1472 2106 1520 inlici-

355 1564 462 1607 tum
487 1556 776 1620 conjugium,
803 1555 934 1619 quod.
966 1573 1076 1604 cum
1109 1555 1359 1619 episcopus
1383 1556 1641 1619 prohibere
1671 1561 1719 1603 et
1751 1554 1987 1618 corrigere
2010 1571 2108 1602 non

354 1644 530 1704 posset,
557 1639 994 1688 excommunicavit
1009 1655 1136 1696 eum,
1155 1643 1300 1702 atque
1319 1639 1542 1687 omnibus
1561 1638 1646 1701 qui
1672 1655 1721 1686 se
1741 1637 1909 1686 audire
1927 1637 2110 1685 vellent

356 1722 586 1787 praecepit
610 1739 670 1770 ne
689 1722 887 1769 domum
905 1722 1008 1784 ejus
1027 1722 1268 1770 intrarent
1285 1739 1441 1785 neque
1459 1722 1518 1769 de
1534 1721 1652 1770 cibis
1670 1720 1803 1769 illius
1821 1720 2106 1783 acciperent.

357 1803 660 1868 Contempsit
688 1810 852 1853 autem
884 1821 971 1852 rex
1004 1810 1314 1868 praeceptum,
1340 1810 1388 1853 et
1420 1809 1617 1867 rogatus
1640 1821 1669 1851 a
1693 1803 1879 1861 comite,
1905 1803 2108 1851 intravit

357 1888 641 1951 epulaturus
666 1886 864 1934 domum
900 1887 1030 1948 ejus:
1066 1886 1149 1949 qui
1184 1904 1292 1935 cum
1324 1887 1534 1946 abiisset,
1562 1885 1778 1935 obviavit
1812 1884 1857 1933 ei
1889 1884 2106 1932 antistes.

356 1969 432 2017 At
466 1986 552 2016 rex
588 1969 781 2016 intuens
812 1985 935 2028 eum,
970 1986 1082 2016 mox
1114 1970 1423 2018 tremefactus
1452 1969 1647 2017 desiluit
1679 1984 1815 2032 equo,
1841 1967 2107 2030 ceciditque

357 2055 467 2099 ante
510 2051 654 2114 pedes
694 2051 811 2114 ejus,
846 2051 1036 2099 veniam
1073 2057 1235 2100 reatus
1273 2053 1535 2116 postulans.
1605 2052 1736 2101 Nam
1772 2055 1821 2098 et
1858 2050 2108 2113 episcopus

356 2133 543 2197 pariter
578 2133 806 2181 desiluit:
844 2133 1031 2183 sederat
1068 2134 1194 2183 enim
1226 2139 1274 2183 et
1308 2135 1411 2198 ipse
1444 2134 1498 2182 in
1533 2151 1670 2198 equo.
1742 2133 1908 2181 Iratus
1944 2137 2105 2181 autem

355 2215 520 2278 tetigit
542 2232 704 2278 regem
734 2214 974 2277 jacentem
1009 2216 1146 2281 virga
1171 2234 1315 2281 quam
1351 2219 1549 2265 tenebat
1580 2234 1742 2275 manu,
1767 2220 1816 2264 et
1843 2215 2108 2279 pontificali

357 2296 644 2345 auctoritate
690 2301 1013 2359 protestatus:
1069 2306 1080 2324 ‘
1096 2299 1218 2348 Dico
1266 2300 1384 2359 tibi,'
1424 2300 1601 2363 inquit,
1639 2305 1650 2327 ‘
1666 2299 1780 2364 quia
1820 2297 2019 2346 noluisti
2059 2302 2108 2344 te

358 2380 603 2430 continere
626 2397 655 2428 a
678 2379 820 2428 domo
842 2381 1025 2443 perditi
1049 2387 1100 2430 et
1123 2383 1341 2432 damnati
1365 2384 1513 2443 illius,
1538 2390 1594 2432 tu
1617 2383 1670 2431 in
1693 2383 1801 2446 ipsa
1817 2382 1961 2429 domo
1986 2380 2110 2429 mori

357 2463 532 2513 habes.'
606 2463 699 2512 Sed
736 2463 1026 2513 credendum
1062 2473 1134 2515 est
1169 2467 1282 2530 quia
1315 2468 1431 2516 talis
1467 2483 1598 2515 mors
1632 2466 1728 2515 viri
1763 2463 1978 2528 religiosi
2011 2480 2109 2511 non

359 2546 515 2595 solum
550 2545 697 2593 talem
732 2546 920 2609 culpam
954 2547 1168 2608 diluerit,
1194 2549 1277 2597 sed
1312 2550 1457 2598 etiam
1491 2549 1720 2598 meritum
1752 2548 1854 2610 ejus
1886 2546 2105 2594 auxerit:

359 2628 473 2692 quia
508 2627 740 2676 nimirum
776 2629 837 2678 ob
879 2647 1071 2678 causam
1113 2631 1324 2695 pietatis,
1362 2631 1477 2698 quia
1522 2637 1722 2695 propter
1757 2627 2108 2679 observantiam
2190 2681 2200 2693 .

360 2711 696 2759 mandatorum
722 2711 906 2759 Christi
930 2713 1149 2775 contigit.

428 2791 666 2841 Successit
700 2797 863 2841 autem
900 2794 1150 2857 Sigbercto
1190 2795 1243 2843 in
1278 2812 1485 2859 regnum
1522 2793 1790 2853 Suidhelm,
1825 2792 1955 2840 filius
1991 2791 2107 2839 Sex-

442 2914 520 2949 and
531 2923 613 2948 suo-
704 2875 849 2933 baldi,
876 2877 961 2939 qui
990 2877 1264 2940 baptizatus
1287 2884 1360 2936 est
1383 2879 1443 2926 ab
1466 2878 1573 2940 ipso
1598 2876 1758 2924 Cedde
1786 2875 1838 2922 in
1861 2872 2109 2937 provincia

414 2963 563 3020 needed
586 2965 639 3007 by
703 2957 1027 3007 Orientalium
1060 2958 1331 3023 Anglorum
1343 2961 1374 3018 ¹,
1411 2960 1463 3007 in
1497 2959 1606 3007 vico
1640 2958 1774 3019 regio
1810 2956 1894 3019 qui
1929 2954 2109 3002 dicitur

411 3013 646 3049 sw1thhe1m.
700 3040 1037 3091 Rendlaesham
1052 3042 1084 3099 ²,
1117 3042 1169 3089 id
1201 3050 1288 3102 est,
1318 3042 1508 3090 Mansio
1540 3040 1766 3100 Rendili3
1804 3036 2109 3099 suscepitque

414 3156 428 3179 ¹
458 3157 505 3197 in
527 3156 742 3208 provincia
764 3155 1038 3198 Orientalium
1056 3158 1206 3209 Anylo-
1314 3157 1332 3181 ²
1358 3155 1664 3209 Rendloesham]
1715 3152 2006 3196 Rendlesham‚
2054 3165 2111 3190 on

361 3211 470 3263 rum]
510 3211 687 3264 Though
719 3212 915 3251 Boniface
943 3226 1027 3252 was
1062 3213 1206 3266 bishop
1260 3213 1333 3252 the
1346 3214 1455 3252 river
1467 3211 1686 3257 Deben,in
1696 3209 1867 3250 Suffolk.
1906 3206 2106 3255 Camden,

361 3266 406 3306 of
422 3266 493 3306 the
514 3267 808 3320 East·Angles,
833 3280 872 3321 p.
897 3267 986 3306 180.
1260 3268 1304 3309 ii,
1330 3278 1417 3320 155,
1443 3266 1534 3318 167.
