2216 3554
81 180 203 228 CAP.
223 177 361 248 xm]
714 179 878 228 Gentis
911 178 1200 241 Anqlorum.
1733 183 1828 227 241

14 351 28 356 -
79 330 188 360 eum
227 313 311 376 qui
340 327 482 360 verus
520 316 592 359 est
626 310 776 369 Deus,
810 313 860 358 et
890 309 1207 357 interioribus
1239 324 1289 356 se
1323 308 1465 355 bonis
1498 312 1547 355 et
1582 308 1833 356 exteriori-

80 396 170 442 bus
205 395 383 443 caelesti
417 393 574 457 gratia
609 392 799 440 ditasse.
872 393 1003 439 Nam
1045 401 1094 440 et
1134 390 1339 438 antistes
1378 407 1488 438 cum
1526 390 1740 438 venisset
1778 391 1834 437 in

77 477 387 539 provinciam,
430 481 712 538 tantamque
751 474 821 522 ibi
866 475 1009 522 famis
1057 491 1249 537 poenam
1289 472 1491 532 videret,
1541 473 1706 520 docuit
1753 489 1832 520 eos

78 559 307 621 piscando
342 559 527 610 victum
563 573 795 621 quaerere.
879 558 1103 619 Namque
1151 572 1282 603 mare
1325 561 1373 603 et
1414 554 1616 602 flumina
1663 571 1832 602 eorum

77 640 291 702 piscibus
326 641 663 699 abundabant3
705 640 789 687 sed
829 638 1046 703 piscandi
1086 637 1263 701 peritia
1304 636 1439 700 genti
1474 637 1606 683 nulla
1642 635 1735 684 nisi
1771 637 1832 684 ad

78 723 315 785 anguillas
349 729 540 771 tantum
575 709 744 770 inerat.
835 721 1063 770 Collectis
1103 736 1220 782 ergo
1260 720 1596 782 undecumque
1644 720 1831 767 retibus

77 805 439 868 anguillaribus,
481 804 699 852 homines
742 803 978 851 antistitis
1019 802 1257 850 miserunt
1298 800 1350 848 in
1393 818 1539 860 mare,
1575 807 1624 849 et
1664 801 1831 850 divina

78 904 127 934 se
156 887 360 950 juvante
395 887 552 950 gratia
586 904 701 934 mox
738 903 901 949 cepere
935 885 1090 949 pisces
1121 883 1300 933 diversi
1335 883 1528 946 generis
1559 887 1827 931 trecentos:

78 970 254 1031 quibus
288 970 527 1017 trifariam
564 969 747 1027 divisis,
785 974 980 1016 centum
1015 966 1311 1031 pauperibus
1346 966 1597 1024 dederunt,
1635 972 1829 1014 centum

77 1052 153 1098 his
189 1070 217 1099 a
252 1052 426 1115 quibus
461 1052 584 1106 retia
619 1057 912 1114 acceperant,
950 1057 1142 1099 centum
1178 1050 1232 1097 in
1268 1066 1381 1098 suos
1418 1066 1534 1096 usus
1570 1049 1828 1096 habebant.

78 1135 185 1194 Quo
219 1134 447 1182 beneficio
481 1134 690 1182 multum
725 1134 928 1181 antistes
965 1150 1046 1181 cor
1081 1132 1299 1180 omnium
1333 1132 1385 1179 in
1418 1149 1558 1180 suum
1588 1132 1830 1179 convertit

76 1234 304 1276 amorem,
339 1221 388 1266 et
422 1217 652 1265 libentius
682 1233 737 1265 eo
769 1217 1064 1280 praedicante
1097 1216 1303 1265 caelestia
1338 1232 1532 1279 sperare
1567 1221 1826 1278 coeperunt,

31 1306 36 1310 ”
78 1301 213 1361 cujus
242 1298 507 1347 ministerio
542 1299 829 1361 temporalia
859 1299 987 1346 bona.
1019 1302 1343 1361 sumpserunt.

146 1382 255 1442 Quo
290 1387 502 1444 tempore
537 1398 623 1428 rex
657 1380 935 1428 AEdilualch
966 1381 1166 1429 donavit
1194 1378 1582 1428 reverentissimo
1614 1379 1829 1428 antistiti

77 1464 292 1513 Vilfrido
327 1467 507 1510 terram
543 1462 792 1525 octoginta
827 1467 1012 1526 septem
1046 1463 1356 1521 familiarum,
1391 1462 1478 1510 ubi
1520 1479 1629 1511 suos
1670 1462 1827 1510 homi-

76 1562 159 1592 nes
184 1545 268 1608 qui
292 1546 457 1594 exules
481 1546 795 1607 vagabantur,
821 1545 1029 1608 recipere
1054 1550 1229 1608 posset,
1256 1545 1486 1592 vocabulo
1572 1562 1745 1597 wilfrith

77 1626 296 1685 Selaeseu‚
325 1628 453 1690 quod
484 1627 664 1675 dicitur
692 1627 865 1676 Latine
901 1627 1070 1675 Insula
1102 1626 1260 1675 Vituli
1293 1626 1486 1674 Marini.
1524 1614 1798 1704 Μὲἓέζῇῗζπ

76 1709 166 1756 Est
217 1709 346 1756 enim
401 1710 534 1758 locus
585 1710 668 1757 ille
715 1710 930 1772 undique
990 1708 1115 1756 mari
1163 1709 1488 1757 circumdatus
1588 1712 1725 1754 selsey.

74 1798 249 1853 praeter
282 1792 344 1839 ab
379 1792 638 1850 occidente,
676 1793 803 1840 unde
839 1792 983 1840 habet
1019 1792 1289 1854 ingressum
1322 1791 1659 1855 amplitudinis
1691 1792 1829 1854 quasi

66 1874 226 1938 jactus
255 1875 448 1923 fundae:
487 1874 643 1938 qualis
678 1875 809 1922 locus
845 1891 873 1922 a
908 1859 1403 1937 Latinis‘peninsula,
1429 1890 1457 1921 a
1488 1873 1672 1922 Graecis
1709 1874 1828 1921 solet

74 1956 380 2005 cherronesos
404 1957 579 2005 vocari.
653 1957 802 2005 Hunc
835 1974 948 2021 ergo
974 1957 1132 2004 locum
1157 1973 1267 2004 cum
1292 1956 1551 2019 accepisset
1577 1956 1829 2019 episcopus

72 2039 266 2098 wlfrid,
301 2039 527 2089 fundavit
562 2040 633 2088 ibi
673 2039 1020 2088 monasterium
1036 2040 1066 2098 ¹,
1107 2056 1161 2086 ac
1203 2039 1413 2103 regulari
1453 2039 1556 2086 vita
1594 2038 1827 2097 instituit,

74 2122 281 2169 maxime
317 2139 377 2171 ex
418 2123 494 2170 his
530 2140 650 2187 quos
693 2140 855 2171 secum
897 2123 1167 2171 adduxerat
1202 2122 1464 2170 fratribus:
1508 2121 1639 2185 quod
1674 2138 1828 2184 usque

74 2204 215 2251 hodie
261 2221 551 2253 successores
599 2206 702 2269 ejus
748 2210 914 2254 tenere
960 2208 1240 2253 noscuntur.
1314 2204 1447 2252 Nam
1491 2204 1595 2267 ipse
1636 2204 1734 2251 illis
1778 2203 1829 2250 in

74 2286 293 2349 partibus
338 2304 489 2335 annos
536 2287 765 2352 quinque,
802 2287 854 2335 id
901 2291 988 2347 est,
1025 2303 1176 2350 usque
1217 2286 1282 2335 ad
1329 2292 1537 2334 mortem
1574 2286 1828 2348 Ecgfridi2

74 2368 215 2430 regis,
242 2369 415 2417 merito
447 2371 670 2418 omnibus
702 2369 1014 2429 honorabilis,
1041 2369 1252 2417 officium
1278 2369 1580 2433 episcopatus
1606 2374 1654 2417 et
1677 2370 1827 2417 verbo

74 2450 325 2499 exercebat
365 2456 415 2500 et
460 2469 615 2516 opere.
708 2451 777 2500 Et
818 2452 1044 2516 quoniam
1085 2452 1158 2499 illi
1199 2468 1286 2500 rex
1327 2468 1437 2499 cum
1484 2452 1688 2515 praefata
1734 2452 1829 2500 loci

73 2533 383 2596 possessione,
419 2550 585 2582 omnes
627 2534 712 2598 qui
758 2535 938 2583 ibidem
981 2538 1132 2593 erant,
1169 2533 1424 2583 facultates
1463 2551 1574 2582 cum
1609 2533 1739 2597 agris
1777 2538 1828 2581 et

74 2616 347 2663 hominibus
380 2615 593 2676 donavit,
627 2633 790 2666 omnes
821 2616 916 2665 fide
954 2617 1139 2666 Christi
1174 2616 1441 2675 institutos,
1477 2616 1608 2664 unda
1643 2615 1826 2679 baptis-

75 2698 218 2746 matis
253 2698 410 2746 abluit
427 2715 440 2759 ;
476 2699 606 2747 inter
640 2716 775 2763 quos,
812 2716 976 2747 servos
1012 2704 1061 2747 et
1094 2699 1294 2748 ancillas
1322 2699 1553 2747 ducentos
1582 2697 1825 2762 quinqua-

73 2781 210 2844 ginta
229 2797 239 2828 :
278 2797 398 2843 quos
422 2797 586 2829 omnes
610 2787 667 2829 ut
690 2782 979 2845 baptizando
1003 2799 1032 2830 a
1055 2781 1287 2831 servitute
1313 2782 1576 2830 daemonica
1600 2781 1822 2839 salvavit,

74 2864 220 2911 etiam
245 2863 472 2911 libertate
496 2863 718 2912 donando
743 2863 966 2912 humanae
987 2866 1107 2927 jugo
1132 2864 1383 2912 servitutis
1407 2864 1627 2913 absolvit.

130 2994 141 3016 ¹
162 2992 469 3046 monaeterium]
487 2992 643 3044 Giving
655 2992 689 3031 it
704 2996 748 3032 to
761 2993 920 3046 Eappa,
1030 2992 1047 3015 ²
1074 2997 1242 3035 ‘mortem
1256 2993 1468 3046 Ecyflddi]
1491 2993 1592 3033 This
1607 2993 1824 3045 happened

74 3062 153 3088 one
172 3050 217 3089 of
232 3048 298 3088 his
317 3048 465 3102 priests
484 3047 572 3100 just
590 3047 838 3088 mentioned.
976 3049 1082 3102 May
1105 3061 1169 3098 21,
1188 3060 1276 3093 A.1>.
1295 3049 1375 3102 685
1394 3064 1404 3100 3
1433 3049 1555 3096 infra,
1574 3062 1608 3088 c.
1630 3047 1693 3089 26.
