2216 3554
182 182 300 232 CAP.
315 178 418 250 111.]
819 180 983 230 Gentis
1015 177 1304 242 Anqlorum.
1833 184 1928 229 143

181 316 234 363 in
258 314 418 362 sinum
449 312 557 362 sibi.
625 312 692 361 Et
715 312 833 360 dum
864 311 959 360 iret
991 311 1224 370 cubitum,
1250 310 1430 358 oblitus
1461 309 1552 358 hoc
1584 309 1761 358 alicubi
1785 311 1930 374 depo-

182 414 310 456 nere,
334 396 554 459 permisit
573 412 660 443 suo
683 394 736 442 in
753 393 865 442 sinu
887 409 1181 457 permanere.
1251 392 1320 440 At
1344 391 1503 439 medio
1523 391 1676 439 noctis
1696 395 1926 456 tempore,

182 496 291 527 cum
332 478 598 542 evigilaret,
635 476 784 525 sensit
823 476 981 524 nescio
1022 474 1138 539 quid
1178 474 1349 537 frigidi
1390 491 1476 521 suo
1517 473 1658 521 lateri
1698 474 1928 536 adjacere,

181 561 470 625 admotaque
514 577 661 608 manu
707 558 950 623 requirere
999 558 1119 621 quid
1166 562 1301 616 esset,
1352 556 1422 604 ita
1463 572 1635 604 sanum
1676 557 1930 605 brachium

181 659 473 707 manumque
496 642 689 709 reperit,
712 658 766 691 ac
789 641 831 690 si
854 640 976 689 nihil
999 657 1216 705 unquam
1239 638 1370 688 tanti
1393 638 1640 704 languoris
1664 639 1928 689 habuisset.

914 891 1060 942 OAP.
1094 891 1198 941 III.

238 1017 291 1057 Ut
307 1017 416 1058 idem
433 1030 503 1058 rex
520 1016 732 1068 postulans
750 1016 799 1057 de
817 1022 929 1068 yente
946 1016 1174 1057 Scottorum
1192 1015 1429 1063 antistitem,
1451 1018 1649 1070 acceperit
1661 1018 1889 1069 AEdanwm,

318 1087 522 1138 eidemque
539 1086 588 1126 in
606 1085 745 1126 insula
764 1085 1106 1137 Lindisfarnensi
1125 1086 1260 1126 sedem
1279 1086 1530 1138 episcopatus
1550 1087 1777 1130 donaverit.

249 1198 390 1247 Imm
413 1216 527 1263 ergo
547 1199 745 1258 Osuald,
766 1216 879 1248 mox
897 1199 981 1248 ubi
1005 1216 1210 1263 regnum
1229 1198 1455 1262 suscepit,
1475 1199 1750 1250 desiderans
1774 1205 1928 1250 totam

145 1280 258 1363 (cui
292 1299 495 1347 praeesse
536 1273 707 1378 coepit)
727 1289 920 1348 gentem
954 1282 1066 1331 fidei
1108 1281 1395 1330 Christianae
1428 1282 1587 1345 gratia
1682 1302 1835 1339 Oswald

182 1363 349 1424 imbui,
397 1367 532 1430 cujus
578 1365 906 1430 experimenta
956 1364 1254 1427 permaxima
1308 1363 1361 1411 in
1407 1381 1589 1428 expug-
1631 1353 1889 1438 Βὲῐὲὲξοζοῐξξθ
1935 1434 1938 1437 ¹

182 1447 353 1495 nandis
375 1448 590 1497 barbaris
617 1451 719 1511 jam
751 1454 954 1540 cepe-¹2³}
980 1447 1115 1495 misit
1145 1447 1206 1494 ad
1241 1449 1447 1510 majores
1470 1451 1590 1495 natu
1661 1453 1848 1495 abishop‚

181 1529 471 1589 Scottorum,
496 1531 623 1579 inter
646 1547 767 1595 quos
789 1523 990 1578 eiulans
1013 1530 1115 1593 ipse
1139 1529 1447 1593 baptismatis
1481 1535 1792 1591 sacramenta,
1817 1548 1930 1579 cum

180 1610 254 1659 his
286 1611 372 1675 qui
407 1630 567 1661 secum
601 1617 740 1661 erant
774 1613 1026 1671 militibus,
1061 1616 1342 1660 consecutus
1376 1617 1507 1673 erat3
1544 1616 1711 1676 petens
1747 1619 1802 1662 ut
1837 1615 1930 1663 sibi

180 1693 459 1742 mitteretur
503 1695 717 1754 antistes,
760 1695 896 1758 cujus
938 1695 1158 1743 doctrina
1202 1711 1257 1742 ac
1302 1694 1574 1743 ministerio
1619 1713 1736 1759 gens
1783 1715 1928 1762 quam

179 1777 376 1839 regebat
400 1776 989 1845 Anglorum,(l)ominicae)
1000 1777 1112 1825 fidei
1138 1780 1188 1825 et
1211 1777 1337 1824 dona
1356 1777 1572 1835 disceret,
1594 1784 1642 1826 et
1666 1779 1930 1843 susciperet

177 1864 486 1908 sacramenta.
558 1861 730 1925 Neque
764 1860 1013 1924 aliquanto
1048 1859 1237 1908 tardius
1273 1860 1404 1923 quod
1437 1860 1583 1924 petiit
1616 1861 1928 1937 imPQffXit²

177 1941 390 2005 accepit¹
415 1959 622 2006 namque
657 1943 938 2006 pontificem
960 1943 1204 1991 AEdanum
1229 1960 1428 1991 summae
1454 1961 1588 1991 man·
1631 1964 1708 1999 and
1722 1966 1884 2002 receives

94 1995 449 2072 *Atffifudinis
473 2027 522 2072 et
543 2024 738 2087 pietatis
760 2041 817 2073 ac
844 2024 1186 2072 moderaminis
1208 2024 1383 2104 γίτιῇῑῑι,
1408 2025 1587 2073 haben·
1686 2015 1831 2058 Aidan3

177 2111 371 2168 temque
416 2107 574 2154 zelum
615 2106 722 2166 Dei,
760 2106 979 2170 quamvis
1026 2124 1123 2154 non
1163 2080 1617 2171 fflffic”²‘”secundum
1664 2108 1926 2157 scientiam.

179 2187 402 2252 Namque
446 2188 575 2236 diem
621 2189 842 2252 paschae2
861 2176 1226 2253 (Dominicum)
1240 2205 1374 2237 more
1422 2207 1523 2239 suae
1571 2190 1745 2255 gentis,
1789 2193 1929 2256 cujus

178 2269 353 2332 saepius
398 2270 695 2320 mentionem
740 2271 959 2331 fecimus,
1000 2289 1028 2320 a
1070 2276 1244 2335 quarta
1283 2272 1470 2321 decima
1507 2273 1626 2322 luna
1671 2291 1826 2338 usque
1867 2275 1929 2323 ad

179 2351 473 2400 vicesimam⁴
502 2354 756 2416 observare
796 2354 993 2403 solebat.
1063 2354 1174 2403 Hoc
1212 2355 1403 2403 etenim'
1434 2356 1601 2405 ordine
1639 2358 1929 2421 septentrio-

180 2432 301 2481 nalis
337 2433 611 2483 Scottorum
645 2435 908 2499 provincia,
935 2443 983 2484 et
1019 2436 1176 2484 omnis
1203 2437 1336 2486 natio
1371 2437 1620 2487 Pictorum
1651 2440 1735 2488 illo
1771 2441 1929 2489 adhuc

179 2519 394 2579 tempore
439 2516 614 2579 pascha
659 2516 975 2565 Dominicum
1023 2518 1307 2577 celebrabat,
1354 2519 1598 2569 aestimans
1645 2539 1696 2570 se
1742 2522 1794 2570 in
1842 2523 1930 2572 hac

181 2598 514 2647 observatione
548 2600 702 2648 sancti
736 2617 791 2649 ac
826 2600 966 2649 laude
993 2601 1131 2663 digni
1165 2602 1318 2665 patris
1352 2601 1604 2651 Anatolii³
1639 2605 1821 2669 script-a
1857 2623 1927 2655 se-

180 2685 357 2731 cutam.
427 2681 568 2742 Quod
590 2699 652 2730 an
675 2700 847 2731 verum
870 2684 950 2743 sit,
974 2684 1158 2747 peritus
1182 2684 1386 2748 quisque
1409 2686 1636 2736 facillime
1668 2690 1925 2752 cognoscit.

181 2762 336 2812 Porro
369 2771 536 2827 gentes
566 2765 858 2825 Scottorum,
883 2783 991 2830 quae
1026 2766 1076 2815 in
1112 2767 1436 2816 australibus*
1469 2769 1723 2819 Hiberniae
1758 2772 1928 2820 insulse

180 2845 401 2911 partibus
441 2847 769 2907 morabantur,
806 2848 1095 2911 jamdudum
1133 2849 1196 2897 ad
1235 2849 1613 2900 admonitionem
1653 2853 1926 2917 apostolicae

181 2928 306 2977 sedis
340 2928 589 2988 antistitis,
626 2930 802 2993 pascha
836 2930 1061 2980 canonico
1095 2931 1196 2981 ritu
1231 2933 1481 2983 observare
1516 2935 1799 2983 didicerunt.

237 3072 252 3096 ¹
276 3073 447 3126 WW]
488 3083 574 3114 ΑΒ·
607 3072 701 3125 635·
757 3074 821 3114 Cf·
853 3088 893 3127 p.
932 3075 1020 3127 148,
1070 3076 1205 3117 ‘about
1224 3089 1310 3119 ΑΒ,
1338 3087 1428 3131 270,
1449 3080 1542 3120 who
1563 3083 1688 3118 wrote
1713 3092 1737 3117 a
1758 3077 1927 3117 treatise

181 3132 278 3169 note
301 3141 335 3168 2.
1079 3145 1134 3172 on
1152 3133 1225 3173 the
1244 3134 1420 3174 Paschal
1440 3135 1612 3174 Canons.
1669 3133 1781 3173 SteV.

238 3182 254 3205 ²
279 3184 390 3223 diem
399 3182 581 3235 pascha]
602 3182 677 3222 See
698 3197 737 3235 p·
757 3195 848 3235 194,
868 3188 964 3225 nofe
981 3198 1021 3238 4.
1131 3186 1148 3211 ⁴
1173 3189 1444 3242 australibus]
1466 3189 1543 3229 See
1562 3202 1601 3240 p.
1627 3198 1716 3238 133,
1737 3190 1833 3226 note
1857 3198 1891 3227 2.

236 3239 251 3262 ³
279 3237 489 3291 Anatolii]
548 3237 705 3290 Bishop
743 3238 789 3278 of
820 3238 1023 3281 Laodicea
