2216 3554
617 147 665 197 U
660 148 1073 212 yremuthemsium
1106 154 1150 195 et
1185 147 1565 212 Gyruuensium.
1860 158 1953 205 381

206 281 334 330 hunc
369 280 506 329 vobis
542 281 694 330 accito
730 280 949 344 episcopo
986 279 1166 344 rogetis
1207 280 1433 328 abbatem
1475 285 1701 330 consueta
1738 283 1959 335 benedic-

206 364 338 413 tione
370 364 571 412 firmari.
642 364 770 412 Nam
803 363 886 426 qui
920 361 1130 421 carnali‚’
1155 361 1332 425 inquit,
1361 363 1556 412 ‘ordine
1591 366 1803 415 carnales
1834 368 1959 418 filios

204 452 453 511 generant,
478 446 661 495 carnali
684 462 874 494 necesse
897 448 971 492 est
1002 462 1056 492 ac
1083 449 1287 493 terrenae
1319 462 1417 494 suae
1447 445 1722 496 haereditati
1745 452 1958 500 carnales

203 535 516 592 terrenosque
562 532 782 592 quaerant
827 527 1068 575 haeredes:
1117 532 1170 575 at
1216 527 1302 591 qui
1349 527 1626 590 spirituales
1680 529 1787 578 Deo
1834 531 1959 581 filios

200 611 445 674 spirituali
469 611 648 660 semine
671 610 807 660 verbi
834 614 1102 674 procreant,
1128 609 1403 673 spiritualia
1436 614 1628 674 oportet
1661 612 1760 661 sint
1785 620 1958 663 cuncta

202 710 310 757 quae
345 699 509 758 agunt.
604 693 743 741 Inter
777 692 1054 756 spirituales
1092 710 1202 741 suos
1237 693 1565 753 liberoseum
1601 697 1832 758 majorem
1870 699 1957 762 qui

199 776 424 840 ampliori
456 776 654 840 spiritus
677 775 835 840 gratia
864 776 928 824 sit
959 776 1192 839 praeditus
1225 775 1483 835 aestiment,
1507 778 1748 840 quomodo
1774 782 1956 829 terreni

197 865 419 922 parentes
443 876 584 923 quem
616 859 831 923 primum
867 864 1013 923 partu
1047 858 1275 918 fuderint,
1307 876 1419 907 eum
1451 858 1746 924 principium
1779 863 1956 912 libero-

198 958 309 989 rum
341 958 541 990 suorum
565 958 862 1004 cognoscere,
888 947 937 990 et
972 941 1159 990 caeteris
1187 941 1239 991 in
1270 942 1528 1006 partienda
1559 961 1645 992 sua
1668 944 1954 995 haereditate

195 1024 550 1087 praeferendum
573 1024 746 1072 ducere
771 1024 953 1073 solent.’

263 1107 438 1170 Neque
484 1107 576 1155 hoc
629 1107 947 1167 reticendum,
983 1107 1113 1171 quod
1146 1107 1438 1156 venerabilis
1474 1109 1622 1157 abbas
1659 1109 1954 1160 Benedictus

195 1189 257 1238 ad
281 1190 652 1253 temperandum
682 1207 809 1253 saepe
841 1190 998 1254 longae
1020 1190 1178 1238 noctis
1201 1190 1418 1250 taedium,
1445 1208 1594 1255 quam
1618 1210 1719 1256 prae
1743 1193 1953 1242 infirmi-

193 1273 312 1321 tatis
349 1290 491 1321 onere
528 1273 734 1322 ducebat
769 1273 1051 1334 insomnem,
1089 1273 1322 1322 advocato
1364 1274 1557 1335 lectore,
1594 1276 1670 1323 vel
1707 1277 1954 1340 exemplar

194 1355 446 1418 patientiae
487 1356 526 1405 J
528 1356 603 1416 ob,
640 1356 719 1404 vel
760 1356 895 1404 aliud
933 1356 1052 1420 quid
1094 1356 1445 1419 scripturarum
1484 1375 1581 1421 quo
1625 1359 1952 1408 consolaretur

193 1446 420 1501 aegrotus,
454 1456 550 1503 quo
586 1439 839 1502 depressus
873 1439 924 1486 in
957 1439 1136 1487 infimis
1168 1439 1385 1488 vivacius
1413 1439 1475 1487 ad
1506 1457 1717 1503 superna
1741 1440 1952 1505 erigere-

191 1526 286 1579 tur,
313 1538 473 1570 coram
498 1538 548 1571 se
571 1521 763 1570 recitari
788 1521 1009 1585 jubebat.
1081 1521 1151 1570 Et
1175 1521 1292 1585 quia
1315 1521 1595 1570 nullatenus
1627 1523 1688 1570 ad
1712 1524 1951 1573 orandum

190 1620 403 1667 surgere,
428 1621 527 1652 non
559 1605 700 1652 facile
729 1605 791 1652 ad
827 1605 1118 1668 explendum
1154 1604 1309 1653 solitae
1334 1604 1614 1668 psalmodiae
1640 1622 1835 1655 cursum
1859 1607 1950 1656 lin-

188 1703 335 1750 guam
351 1704 576 1736 vocemve
595 1693 785 1751 poterat
809 1687 982 1746 levare,
1000 1687 1171 1735 didicit
1187 1687 1265 1736 vir
1279 1687 1491 1750 prudens
1515 1686 1688 1736 affectu
1704 1688 1950 1752 religionis

189 1768 418 1828 dictante,
466 1786 555 1834 per
602 1770 816 1833 singulas
863 1770 1053 1819 diurnae
1095 1771 1196 1818 sive
1243 1773 1494 1817 nocturnae
1535 1770 1765 1819 orationis
1806 1771 1949 1821 horas

190 1852 377 1917 aliquos
395 1853 456 1900 ad
482 1870 531 1902 se
556 1853 764 1901 fratrum
782 1870 968 1913 vocare,
989 1853 1166 1917 quibus
1184 1853 1393 1917 psalmos
1413 1857 1664 1902 consuetos
1684 1854 1872 1904 duobus
1895 1856 1948 1905 in

188 1935 346 1984 choris
369 1936 724 1995 resonantibus,
751 1940 800 1985 et
831 1936 936 1999 ipse
961 1953 1071 1984 cum
1095 1935 1163 1983 eis
1192 1935 1424 1999 quatinus
1457 1941 1649 1998 poterat
1685 1938 1946 2000 psallendo,

188 2019 320 2082 quod
343 2037 432 2083 per
456 2037 506 2068 se
531 2020 687 2068 solum
711 2019 1012 2085 nequiverat,
1036 2036 1204 2067 eorum
1222 2018 1475 2082 juvamine
1500 2019 1763 2082 suppleret.

262 2117 337 2150 10.
374 2101 444 2150 At
478 2103 565 2151 ubi
601 2108 804 2167 uterque
845 2103 993 2151 abbas
1033 2102 1240 2151 lassatus
1282 2101 1569 2150 infirmitate
1604 2101 1811 2162 diutina,
1844 2106 1946 2167 jam

187 2201 237 2233 se
273 2185 420 2233 morti
455 2184 682 2245 vicinum,
721 2203 808 2234 nec
844 2185 1054 2249 regendo
1091 2185 1389 2233 monasterio
1425 2185 1655 2232 idoneum
1689 2185 1793 2234 fore
1833 2205 1945 2236 con-

186 2267 374 2330 spexit:
425 2273 562 2316 tanta
603 2285 812 2332 namque
852 2285 932 2316 eos
969 2268 1128 2317 affecit
1168 2267 1427 2316 infirmitas
1462 2268 1621 2316 carnis
1656 2272 1714 2316 ut
1749 2270 1944 2333 perfice-

186 2354 322 2399 retur
354 2351 405 2398 in
441 2351 509 2399 eis
544 2350 699 2400 virtus
735 2351 934 2411 Christi,
965 2355 1022 2399 ut
1058 2368 1169 2399 cum
1205 2351 1414 2416 quadam
1450 2351 1528 2399 die
1558 2352 1943 2402 desiderantibus

186 2434 256 2482 eis
291 2451 340 2483 se
382 2434 590 2483 invicem
631 2434 915 2498 priusquam
951 2435 1010 2485 de
1051 2434 1142 2483 hoc
1189 2434 1348 2483 seculo
1390 2434 1658 2497 migrarent
1694 2436 1859 2484 videre
1895 2446 1944 2486 et

186 2517 378 2581 alloqui,
423 2517 668 2580 Sigfridus
715 2517 766 2564 in
812 2518 991 2566 feretro
1040 2519 1377 2581 deportaretur
1423 2517 1485 2567 ad
1531 2518 1810 2567 cubiculum
1855 2521 1942 2568 ubi

186 2600 479 2648 Benedictus
515 2603 565 2648 et
600 2599 703 2663 ipse
739 2616 824 2648 suo
853 2601 1048 2664 jacebat
1081 2601 1134 2648 in
1169 2601 1383 2664 grabato,
1416 2600 1582 2664 eisque
1616 2618 1713 2649 uno
1750 2602 1802 2650 in
1838 2604 1941 2651 loco

184 2683 521 2732 ministrorum
553 2699 701 2731 manu
740 2683 1032 2747 compositis,
1067 2688 1212 2748 caput
1251 2684 1509 2747 utriusque
1546 2684 1599 2732 in
1638 2685 1807 2733 eodem
1843 2701 1941 2734 cer-

182 2766 324 2815 vicali
371 2766 626 2825 locaretur,
675 2765 962 2815 lacrimabili
1017 2767 1304 2831 spectaculo,
1352 2784 1440 2815 nec
1485 2772 1681 2815 tantum
1727 2768 1940 2817 habuere

181 2847 362 2895 virium
403 2853 461 2896 ut
502 2848 701 2911 propius
746 2848 905 2912 posita
948 2866 1032 2898 ora
1077 2849 1140 2897 ad
1187 2849 1504 2897 osculandum
1552 2866 1602 2898 se
1648 2850 1938 2898 alterutrum

182 2930 473 2993 conjungere
507 2935 705 2994 possent
722 2947 737 2991 3
774 2931 858 2979 sed
893 2934 944 2980 et
978 2930 1069 2980 hoc
1104 2931 1318 2980 fraterno
1355 2932 1720 2994 compleverunt
1754 2931 1935 2980 officio:

179 3012 304 3061 inito
354 3013 644 3061 Benedictus
691 3030 799 3061 cum
847 3030 916 3074 eo,
960 3031 1167 3078 cumque
1212 3014 1450 3064 universis
1497 3014 1593 3062 fra·
1664 3028 1866 3066 [morsa]

179 3095 339 3145 tribus
397 3095 581 3144 salubri
639 3096 854 3156 consilio,
912 3097 1056 3145 acciit
1128 3098 1352 3146 abbatem
1416 3097 1729 3154 Ceolfridum‚
1791 3112 1936 3158 quem

180 3178 470 3227 monasterio
523 3178 653 3227 beati
706 3179 845 3227 Pauli
904 3179 1109 3244 apostoli
1162 3181 1457 3245 praefecerat,
1504 3179 1665 3228 virum
1711 3178 1937 3228 videlicet

179 3260 273 3310 sibi
319 3278 418 3310 non
465 3264 568 3310 tam
617 3262 774 3311 carnis
820 3263 1183 3325 necessitudine,
1227 3281 1374 3328 quam
1420 3264 1659 3312 virtutum
1707 3260 1935 3311 societate
