2216 3554
152 168 276 219 CAP.
301 170 469 239 XXIV]
814 172 978 222 Gentis
1011 172 1294 236 Anqlorwm.
1811 181 1905 226 271

155 307 311 373 strum
358 321 500 352 suum
540 320 736 367 vespere
783 302 1104 363 incumbente,
1140 308 1280 352 nocte
1329 322 1424 368 qua
1472 306 1532 354 de
1579 308 1752 356 saeculo
1801 315 1908 359 erat

152 386 387 448 exiturus,
435 392 491 436 ut
541 387 595 434 in
642 403 698 435 ea
750 386 844 434 sibi
900 386 1062 434 locum
1115 387 1392 450 quiescendi
1449 397 1771 453 praepararet:
1823 395 1909 456 qui

152 469 357 518 miratus
405 487 491 518 cur
535 469 625 517 hoc
671 474 878 532 rogaret,
926 469 1012 532 qui
1066 487 1374 533 nequaquam
1429 472 1588 520 adhuc
1642 475 1908 524 moriturus

150 568 253 600 esse
299 552 571 610 videbatur,
611 551 724 600 fecit
769 557 933 599 tamen
981 553 1113 616 quod
1159 553 1365 602 dixerat.
1460 554 1679 619 Cumque
1726 556 1907 606 ibidem

149 634 299 697 positi
330 634 544 683 vicissim
577 634 739 697 aliqua
769 633 1010 697 gaudente
1045 635 1224 694 animo,
1249 654 1348 684 una
1373 654 1483 684 cum
1509 637 1577 686 eis
1607 639 1692 702 qui
1725 639 1906 688 ibidem

149 721 262 765 ante
298 717 502 775 inerant,
537 717 849 780 loquerentur
884 734 938 766 ac
975 719 1272 782 jocarentur,
1309 725 1359 767 et
1400 722 1505 781 jam
1542 721 1714 769 mediae
1749 723 1907 771 noctis

148 803 344 863 tempus
384 805 509 848 esset
555 806 900 859 transcensum,
937 800 1265 864 interrogavit,
1304 801 1345 849 si
1387 802 1726 852 eucharistiam
1772 805 1906 853 intus

147 881 380 930 haberent
396 882 426 930 ¹.
498 881 886 944 Respondebam,
923 887 934 908 ‘
954 882 1085 943 Quid
1121 900 1242 946 opus
1277 889 1351 931 est
1386 884 1711 933 eucharistia?
1748 904 1904 950 neque

147 964 279 1011 enim
338 963 460 1012 mori
512 964 669 1012 adhuc
720 964 867 1012 habes
916 965 1001 1028 qui
1051 970 1154 1013 tam
1202 965 1425 1014 hilariter
1469 967 1719 1016 nobiscum
1767 970 1905 1019 velut

147 1062 310 1109 sospes
350 1047 593 1110 loqueris.'
677 1047 865 1095 Rursus
900 1048 1014 1096 ille:
1057 1048 1155 1096 ‘Et
1192 1046 1386 1108 tamen,’
1421 1049 1508 1109 ait,
1547 1050 1739 1100 ‘afferte
1780 1053 1903 1100 mihi

145 1129 515 1177 eucharistiam.'
587 1129 696 1190 Qua
731 1135 925 1193 accepta
965 1130 1018 1178 in
1053 1147 1200 1179 manu
1215 1132 1247 1191 2,
1282 1131 1616 1195 interrogavit,
1653 1133 1695 1181 si
1736 1151 1904 1183 omnes

143 1211 386 1274 placidum
433 1228 546 1275 erga
592 1229 641 1260 se
688 1212 919 1270 animum,
970 1217 1018 1261 et
1073 1213 1175 1261 sine
1222 1215 1416 1278 querela
1463 1216 1801 1265 controversiae
1847 1235 1902 1266 ac

90 1282 95 1286 ’
146 1294 361 1342 rancoris
417 1294 664 1344 haberent.
759 1294 1142 1359 Respondebant
1195 1313 1372 1354 omnes,
1419 1297 1799 1360 placidissimam
1850 1318 1900 1348 se

143 1383 358 1424 mentem
392 1379 454 1425 ad
489 1379 644 1438 illum,
681 1383 731 1427 et
771 1379 834 1427 ab
875 1379 1006 1427 omni
1047 1379 1122 1427 ira
1163 1384 1401 1428 remotam
1435 1380 1643 1430 habere:
1693 1400 1900 1447 eumque

142 1457 358 1507 vicissim
394 1461 645 1525 rogabant,
681 1461 920 1525 placidam
955 1478 1072 1526 erga
1106 1461 1238 1525 ipsos
1274 1468 1485 1511 mentem
1521 1463 1709 1513 habere.
1801 1466 1899 1527 Qui

142 1542 396 1590 confestim
419 1544 695 1606 respondit:
734 1548 746 1569 ‘
763 1543 1015 1592 Pla'cidam
1045 1559 1134 1606 ego
1162 1549 1389 1604 mentem,
1415 1545 1564 1605 filioli,
1591 1564 1705 1611 erga
1735 1565 1899 1597 omnes

140 1622 235 1670 Dei
275 1624 479 1673 famulos
516 1625 660 1689 gero?
748 1625 921 1690 Sicque
963 1643 1013 1674 se
1061 1626 1241 1675 caelesti
1286 1628 1511 1675 muniens
1553 1628 1745 1690 viatico,
1782 1630 1897 1680 vitae

139 1705 340 1754 alterius
374 1707 614 1769 ingressui
652 1709 869 1772 paravit;
919 1714 968 1757 et
1010 1709 1344 1773 interrogavit,
1388 1727 1534 1774 quam
1553 1765 1557 1769 ,
1573 1728 1726 1775 prope
1772 1719 1897 1761 esset

137 1786 258 1835 hora
282 1806 378 1852 qua
409 1790 582 1838 fratres
616 1792 679 1839 ad
703 1792 929 1839 dicendas
964 1791 1175 1839 Domino
1207 1792 1373 1839 laudes
1403 1798 1664 1841 nocturnas
1695 1795 1898 1844 excitari

137 1869 381 1921 deberent.
452 1873 847 1936 Respondebant,
888 1874 1031 1922 ‘Non
1071 1874 1216 1936 longe
1256 1874 1357 1922 est.'
1444 1875 1513 1923 At
1553 1876 1666 1923 ille:
1717 1877 1895 1937 ‘Bene‚

137 1969 253 2016 ergo
290 1961 622 2020 exspectemus
660 1957 830 2005 horam
865 1956 1029 2005 illam.’
1100 1957 1165 2004 Et
1205 1956 1400 2020 signans
1442 1973 1492 2004 se
1535 1958 1674 2021 signo
1715 1966 1894 2008 sanctae

137 2037 306 2097 crucis,
345 2040 601 2088 reclinavit
641 2046 785 2104 caput
831 2040 893 2089 ad
940 2039 1160 2099 cervical,
1195 2040 1534 2103 modicumque
1572 2041 1891 2103 obdormiens,

136 2119 208 2167 ita
240 2137 351 2169 cum
386 2123 581 2170 silentio
617 2122 774 2170 vitam
809 2122 984 2170 finivit.
1057 2122 1234 2186 Sicque
1262 2122 1447 2170 factum
1471 2129 1543 2171 est
1571 2128 1628 2171 ut
1652 2126 1893 2187 quomodo

138 2201 348 2265 simplici
379 2222 435 2253 ac
469 2222 592 2268 pura
626 2201 788 2253 mente
824 2204 1183 2268 tranquillaque
1209 2204 1464 2253 devotione
1495 2205 1708 2254 Domino
1743 2207 1891 2255 servi-

137 2290 256 2344 erat,
292 2285 362 2334 ita
403 2287 551 2336 etiam
586 2287 851 2350 tranquilla
886 2290 1043 2335 morte
1082 2287 1318 2334 mundum
1360 2288 1638 2351 relinquens
1678 2288 1741 2337 ad
1790 2292 1892 2352 ejus

135 2367 371 2417 visionem
419 2369 623 2429 veniret,
660 2370 839 2433 illaque
887 2369 1053 2433 lingua
1095 2386 1202 2433 quae
1248 2373 1325 2417 tot
1371 2369 1604 2418 salutaria
1645 2372 1792 2420 verba
1838 2372 1892 2419 in

135 2451 331 2499 laudem
364 2451 532 2515 ipsius,
565 2452 800 2516 signando
834 2468 947 2511 sese,
975 2457 1024 2500 et
1058 2451 1289 2514 spiritum
1321 2468 1463 2499 suum
1498 2453 1549 2500 in
1581 2470 1753 2502 manus
1788 2457 1893 2517 ejus

135 2534 516 2582 commendando
552 2535 828 2584 clauderet:
866 2534 950 2598 qui
982 2534 1129 2582 etiam
1163 2535 1395 2598 praescius
1432 2535 1510 2583 sui
1545 2535 1708 2585 obitus
1740 2537 1889 2585 exsti-

131 2617 266 2676 tisse,
291 2634 353 2665 ex
376 2617 452 2665 his
477 2634 584 2681 quae
609 2617 927 2677 narravimus,
952 2617 1160 2666 videtur.

189 2769 204 2795 ¹
232 2770 440 2823 haberent]
476 2773 488 2791 ‘
501 2770 546 2810 It
569 2783 668 2823 may
685 2770 737 2810 be
760 2770 891 2823 safely
916 2769 979 2810 in·
1035 2769 1227 2810 reserved
1255 2769 1301 2809 in
1327 2769 1401 2810 the
1420 2769 1645 2823 infirmary,
1670 2770 1763 2810 that
1790 2769 1890 2817 they

134 2826 282 2874 ferreti,
319 2826 342 2865 I
376 2825 516 2871 think,
543 2825 649 2865 from
677 2825 763 2865 this
791 2838 976 2877 passage,
1035 2824 1171 2878 might
1208 2825 1259 2864 be
1298 2829 1343 2864 at
1372 2825 1485 2865 hand
1523 2839 1577 2865 on
1614 2839 1699 2878 any
1728 2825 1889 2865 sudden

132 2882 228 2921 that
252 2880 297 2920 in
326 2880 400 2920 the
425 2880 540 2932 early
558 2880 699 2920 Saxon
724 2880 890 2920 Church
908 2880 981 2919 the
1037 2878 1309 2932 emergency.'
1363 2881 1477 2921 Stev.

134 2936 399 2976 consecrated
438 2936 637 2975 elements
670 2948 778 2974 were
817 2940 890 2974 not
926 2935 983 2974 al·
1093 2933 1110 2956 ²
1137 2935 1183 2976 in
1203 2935 1350 2988 manu]
1383 2935 1472 2975 The
1491 2938 1653 2975 custom
1677 2935 1778 2974 then
1796 2947 1890 2985 pre-

136 3005 246 3044 ways
274 2992 400 3043 given
426 2995 471 3029 to
498 2990 571 3029 the
601 2990 801 3042 recipient
829 2990 886 3042 by
912 2990 985 3035 the
1039 2989 1188 3037 vailed‚
1229 2990 1365 3030 which
1405 3004 1488 3030 was
1527 2989 1771 3030 afterwards
1810 2988 1889 3026 for-

131 3046 245 3085 hand
268 3045 315 3085 of
335 3046 407 3085 the
430 3045 714 3097 consecrating
736 3044 879 3096 priest‚
906 3045 985 3084 but
1039 3044 1204 3091 bidden,
1238 3045 1330 3085 that
1369 3045 1442 3084 the
1480 3044 1791 3085 communicant
1830 3055 1890 3081 re-

131 3101 270 3153 might
324 3101 374 3139 be
429 3099 698 3139 transulitted
744 3100 850 3139 from
895 3099 983 3139 him
1036 3100 1180 3140 ceived
1216 3100 1291 3140 the
1327 3100 1527 3140 elements
1566 3100 1605 3138 in
1651 3098 1721 3138 the
1759 3096 1887 3136 hand.

131 3155 317 3208 through
355 3155 527 3194 another
564 3159 608 3194 to
645 3155 717 3194 the
754 3154 980 3194 commuui-
1037 3154 1114 3195 See
1147 3155 1369 3207 Bingham,
1400 3169 1470 3194 xv.
1496 3168 1535 3193 V.
1567 3158 1586 3201 ς
1620 3152 1658 3198 6,
1693 3151 1785 3191 who
1812 3151 1889 3190 has

132 3215 258 3262 cant3
296 3210 381 3250 and
409 3210 585 3259 further,
619 3210 714 3250 that
743 3210 846 3262 they
874 3222 981 3249 were
1036 3210 1236 3250 collected
1255 3223 1379 3263 many
1394 3209 1529 3262 proofs
1544 3207 1590 3248 of
1605 3207 1690 3247 this
1711 3210 1887 3246 custom.
