2216 3554
86 203 205 253 CAP.
222 199 362 271 ΠΗ]
700 202 865 252 Gentis
899 200 1188 263 Anqlorum.
1733 206 1826 252 107

82 334 237 382 nostri
251 332 548 395 Adulualdiss
570 334 709 399 regis,
725 333 992 397 reperimus
1011 339 1192 396 quanta
1216 331 1339 381 sacri
1358 331 1536 397 eloquii
1560 333 1829 381 eruditione

83 418 186 478 ejus
209 418 423 465 animum
447 418 507 466 ad
530 435 655 466 verae
678 415 1000 465 conversionis
1035 421 1083 463 et
1115 414 1402 462 indubitatae
1436 414 1549 462 fidei
1573 415 1829 463 credulita-

83 504 182 545 tem
207 499 481 549 fraternitas
508 503 666 549 vestra
696 499 994 563 perduxerit.
1065 497 1172 559 Qua
1202 515 1261 545 ex
1296 514 1349 545 re
1379 497 1439 545 de
1463 496 1829 560 longanimitate

84 581 349 630 clementiae
374 582 574 631 caelestis
606 586 783 631 certam
814 581 1119 630 adsumentes
1143 580 1382 639 fiduciam,
1406 597 1503 628 non
1536 579 1692 628 solum
1716 596 1828 641 sup-

24 685 33 692 *
82 664 349 725 positarum
382 664 427 711 ei
462 664 680 728 gentium
714 663 1039 727 plenissimam
1073 662 1289 720 salutem,
1315 662 1464 709 immo
1489 677 1680 725 quoque
1711 661 1829 710 vici-

84 761 272 805 narum,
292 750 463 794 vestrae
489 744 847 810 praedicationis
865 743 1133 795 ministerio
1151 744 1390 792 credimus
1413 743 1795 807 subsequendam
1816 761 1826 790 z

84 832 331 888 quatenus,
356 828 481 877 sicut
513 830 748 892 scriptum
779 834 867 887 est,
891 826 1211 876 consummati
1243 826 1399 889 operis
1426 825 1566 874 vobis
1597 842 1777 873 merces
1801 843 1830 873 a

83 909 377 959 retributore
411 910 627 959 omnium
661 912 903 959 bonorum
937 908 1150 958 Domino
1182 909 1440 969 tribuatur,
1470 912 1520 957 et
1550 925 1661 956 vere
1690 912 1718 932 “
1735 907 1829 954 Per

83 991 300 1039 omnem²
322 997 504 1041 terram
523 993 676 1041 exisse
700 1009 870 1041 sonum
889 1008 1067 1051 eorum,
1088 995 1137 1039 et
1159 990 1213 1038 in
1232 991 1351 1039 fines
1371 991 1502 1039 orbis
1525 996 1666 1039 terrae
1684 989 1830 1037 verba

82 1072 339 1135 ipsorum,''
386 1075 673 1123 universalis
718 1075 938 1140 gentium
986 1073 1231 1134 confessio,
1273 1078 1494 1138 suscepto
1541 1072 1829 1122 Christianae

81 1160 376 1205 sacramento
411 1157 536 1217 fidei,
572 1162 881 1222 protestetur.
1779 1212 1781 1216 ⁸

152 1242 164 1263 ‘
179 1236 392 1286 Pallium
424 1245 658 1303 praeterea
692 1256 779 1303 per
812 1240 1014 1288 latorem
1047 1238 1358 1302 praesentium
1391 1237 1687 1287 fraternitati
1714 1242 1829 1295 tuae,

81 1319 394 1382 benignitatis
419 1322 591 1369 studiis
620 1321 818 1370 invitati
842 1321 1121 1381 direximus,
1149 1322 1279 1385 quod
1302 1321 1526 1370 videlieet
1555 1324 1749 1369 tantum
1779 1318 1831 1365 in

80 1402 390 1451 sacrosanctis
408 1403 701 1452 celebrandis
720 1403 961 1467 mysteriis
979 1404 1145 1452 utendi
1167 1405 1417 1452 licentiam
1440 1402 1796 1467 impertivimus
1816 1417 1828 1447 ε

81 1485 390 1533 concedentes
408 1485 557 1533 etiam
575 1485 669 1534 tibi
693 1486 1020 1535 ordinationes
1039 1486 1386 1551 episcoporum,
1408 1486 1633 1550 exigente
1653 1498 1829 1547 oppor-

79 1567 306 1626 tunitate,
355 1568 555 1616 Domini
601 1569 929 1632 praeveniente
976 1569 1302 1618 misericordia
1347 1569 1618 1618 celebrare:
1666 1567 1736 1614 ita
1773 1571 1831 1614 ut

81 1647 264 1697 Christi
316 1649 640 1713 Evangelium
692 1651 1015 1714 plurimorum
1069 1651 1454 1711 adnunciatione,
1501 1652 1555 1699 in
1608 1648 1831 1699 omnibus

78 1731 304 1795 gentibus
340 1749 447 1796 quae
484 1732 691 1780 necdum
726 1749 964 1783 conversae
1000 1740 1127 1792 sunt,
1161 1735 1406 1783 dilatetur.
1476 1732 1680 1782 Studeat
1715 1748 1830 1794 ergo

78 1818 165 1862 tua
199 1813 491 1873 fraternitas,
521 1814 612 1862 hoc
640 1816 769 1878 quod
804 1816 931 1864 sedis
965 1817 1239 1880 apostolicae
1273 1815 1577 1864 humanitate
1600 1814 1830 1878 percepit,

77 1897 366 1944 intemerata
407 1896 583 1944 mentis
630 1897 906 1947 sinceritate
948 1914 1152 1949 servare.
1243 1898 1507 1947 Intendens
1554 1898 1718 1960 cujus8
1758 1896 1831 1944 rei

79 1978 399 2027 similitudine
429 1985 530 2027 tam
554 1980 852 2043 praecipuum
875 1981 1218 2029 indumentum
1240 1981 1453 2029 humeris
1485 1980 1583 2029 tuis
1615 1980 1831 2043 bajulan-

79 2061 195 2108 dum
219 2061 498 2125 susceperis,
556 2062 818 2125 'Palemque
842 2068 891 2111 te
915 2063 1115 2111 Domini
1138 2063 1396 2127 implorata
1420 2063 1674 2112 clementia
1696 2062 1832 2111 exhi-

77 2143 291 2192 bendum
314 2144 469 2203 stude,
494 2149 551 2192 ut
583 2143 762 2193 indulti
795 2145 1008 2194 muneris
1043 2146 1246 2210 praemia
1269 2163 1367 2194 non
1391 2163 1500 2194 cum
1523 2140 1830 2205 reatitudine,

79 2226 163 2274 sed
196 2242 306 2274 cum
341 2225 601 2274 commodis
636 2226 922 2287 animarum,
947 2231 1061 2277 ante
1094 2229 1311 2277 tribunal
1345 2227 1524 2276 summi
1559 2233 1608 2276 et
1634 2228 1832 2276 venturi

80 2308 111 2356 J
114 2307 270 2357 udicis
296 2312 622 2372 repraesentes
683 2309 815 2359 Deus
838 2315 888 2358 te
920 2310 1212 2359 incolumem
1244 2311 1497 2372 custodiat,
1523 2311 1831 2360 dilectissime

79 2391 256 2440 frater!

134 2527 147 2550 ¹
167 2527 424 2582 Adulualdi]
455 2529 482 2571 i.
497 2543 532 2570 e.
554 2529 759 2576 Eadbald‚
780 2530 874 2572 who
892 2530 927 2570 is
1037 2531 1053 2555 ⁸
1089 2529 1311 2572 Intendens
1342 2530 1476 2585 cujus]
1515 2531 1751 2584 ‘Thinking
1788 2531 1832 2571 in

80 2583 166 2623 also
183 2584 315 2623 called
334 2585 554 2632 AEodbald,
575 2586 818 2626 Auduvald.
983 2587 1162 2627 emblem
1182 2586 1229 2626 of
1240 2586 1383 2636 what‚'
1401 2586 1472 2627 διο.

134 2637 150 2660 ²
169 2638 250 2678 Per
283 2639 457 2692 omnem]
514 2640 655 2680 Psalm
684 2641 768 2680 xix.
795 2653 845 2693 43
873 2640 925 2681 cf.

80 2693 166 2733 also
184 2693 305 2734 Rom.
323 2707 364 2735 x,
390 2695 452 2735 18.
