2216 3554
173 209 294 259 CAP.
320 209 476 276 xxa]
822 208 987 258 Gentis
1022 207 1304 271 Anqlorum.
1859 216 1921 260 47

173 344 474 393 clementiam
511 341 848 392 contulerunt:
898 340 1163 404 statimque
1200 340 1550 388 adolescentem
1580 341 1760 406 ⁴beatus
1802 341 1924 391 Ger-

173 444 344 475 manus
369 427 531 475 sedere
562 424 810 487 compulit,
836 423 1076 471 adtrectat
1099 422 1335 485 poplitem
1367 422 1620 470 debilitate
1652 431 1922 484 curvatum,

173 518 222 559 et
244 528 331 574 per
353 514 456 558 tota
480 506 778 555 infirmitatis
803 505 959 569 spatia
976 505 1275 553 medicabilis
1300 506 1498 552 dextera
1522 506 1777 567 percurrit,
1799 508 1925 555 salu-

173 595 402 655 bremque
439 595 623 639 tactum
668 588 848 637 sanitas
889 587 1067 636 festina
1108 587 1434 650 subsequitur,
1474 587 1675 635 ariditas
1713 606 1924 649 succum,

173 675 310 724 nervi
334 673 486 722 officia
499 677 794 734 receperunt,
815 674 865 718 et
889 670 941 717 in
966 675 1226 733 conspectu
1242 670 1459 716 omnium
1478 669 1580 717 filio
1605 670 1926 731 incolumitas,

172 757 303 821 patri
327 756 454 803 filius
477 754 764 802 restituitur.
825 753 1105 816 Implentur
1129 752 1300 815 populi
1325 755 1523 814 stupore
1547 752 1779 812 miraculi,
1802 759 1852 802 et
1874 754 1927 801 in

172 838 445 903 pectoribus
481 836 696 885 omnium
731 836 849 884 fides
886 836 1124 884 catholica
1166 834 1407 882 inculcata
1442 833 1676 883 firmatur.
1748 836 1926 900 Praedi3

173 921 297 969 catio
328 920 498 968 deinde
523 918 583 967 ad
614 919 802 982 plebem
827 919 886 967 de
917 917 1330 982 praevaricationis
1363 917 1700 965 emendatione
1732 936 1926 967 conver-

171 1005 310 1062 titur,
335 1002 646 1065 omniumque
671 1002 909 1050 sententia
932 1000 1190 1065 pravitatis
1215 1004 1447 1058 auctores,
1465 999 1550 1062 qui
1574 1005 1711 1048 erant
1735 1002 1927 1065 expulsi

172 1086 344 1144 insula,
368 1084 694 1133 sacerdotibus
718 1085 1028 1132 adducuntur
1052 1083 1114 1131 ad
1140 1082 1492 1130 mediterranea
1511 1082 1770 1143 deferendi,
1796 1089 1853 1133 ut
1878 1092 1926 1133 et

172 1167 305 1232 regio
350 1166 646 1215 absolutione
683 1172 731 1215 et
777 1167 852 1214 illi
887 1166 1220 1215 emendatione
1260 1166 1550 1213 fruerentur.
1622 1166 1927 1231 Factumque

172 1256 246 1299 est
296 1253 353 1297 ut
398 1250 451 1297 in
492 1249 587 1296 illis
633 1249 751 1297 locis
798 1250 955 1298 multo
1002 1265 1061 1298 ex
1103 1264 1160 1296 eo
1206 1254 1428 1310 tempore
1475 1246 1595 1295 fides
1641 1248 1929 1300 intemerata

174 1332 474 1396 perduraret.

241 1415 415 1478 Itaque
450 1415 726 1479 compositis
763 1413 987 1463 omnibus
1019 1411 1149 1461 beati
1181 1412 1451 1460 sacerdotes
1479 1429 1536 1461 ea
1568 1429 1664 1476 qua
1695 1422 1928 1466 venerant

174 1497 494 1558 prosperitate
526 1498 790 1546 redierunt.
861 1498 1010 1545 Porro
1037 1497 1308 1545 Germanus
1336 1500 1447 1558 post
1479 1494 1582 1543 haec
1640 1523 1716 1558 and
1731 1526 1884 1561 returns

173 1578 235 1625 ad
259 1578 542 1628 Ravennam
579 1597 667 1644 pro
698 1596 813 1643 pace
846 1578 1178 1627 Armoricanae
1209 1577 1368 1641 gentis
1402 1576 1586 1640 suppli·
1698 1574 1821 1615 again.

173 1665 368 1710 caturus
399 1663 608 1722 advenit,
634 1663 798 1726 ibique
823 1680 851 1710 a
875 1662 1237 1720 Valentiniano,
1266 1665 1316 1708 et
1341 1661 1556 1708 Placidia
1589 1665 1743 1709 matre
1773 1662 1926 1725 ipsius

172 1760 363 1791 summa
402 1745 673 1793 reverentia
719 1751 984 1807 susceptus,
1022 1743 1283 1807 migravit¹
1329 1743 1391 1791 ad
1440 1743 1705 1793 Christum.
1777 1746 1927 1810 Cujus

173 1841 346 1888 corpus
376 1826 642 1875 honorifico
667 1828 857 1891 agmine
882 1827 1230 1876 comitantibus
1261 1826 1499 1873 virtutum
1524 1826 1762 1889 operibus,
1789 1845 1926 1878 suam

172 1906 388 1955 defertur
420 1909 484 1957 ad
523 1910 708 1959 urbem.
780 1911 884 1960 Nec
930 1911 1087 1957 multo
1129 1913 1239 1972 post
1273 1894 1673 1956 Valentinianus
1695 1911 1757 1958 ab
1792 1911 1927 1960 Aetii

157 1988 364 2051 ‚patricii
399 2008 544 2055 quem
591 1992 831 2042 occiderat
878 1992 1169 2041 satellitibus
1204 1990 1522 2049 interimitur,
1561 2008 1688 2039 anno
1736 1993 1926 2058 imperii

109 2061 115 2066 ’
173 2070 406 2120 Marciani
431 2079 581 2135 sexto,
607 2092 718 2124 cum
742 2092 838 2139 quo
863 2075 1010 2126 simul
1034 2074 1310 2138 hesperium
1335 2073 1546 2122 concidit
1570 2091 1788 2138 regnum.

859 2287 1004 2338 OAP.
1046 2285 1238 2336 ΧΧΙΙ.2

180 2422 231 2465 Ut
249 2424 463 2466 Brettones
475 2426 765 2479 quiescentibus
783 2426 841 2467 ad
860 2432 1017 2478 tempus
1036 2427 1193 2474 exteris,
1216 2426 1406 2466 civilibus
1425 2439 1504 2466 sese
1523 2425 1637 2466 bellis
1652 2427 1915 2468 contriverint

609 2495 734 2536 simul
754 2499 790 2536 et
802 2496 1030 2548 majoribus
1038 2496 1225 2548 flayitiis
1244 2495 1548 2544 submerserim,
1737 2500 1741 2505 ‘

243 2612 480 2661 INTEREA
504 2614 747 2663 Brittania
763 2619 1003 2664 cessatum
1022 2616 1219 2680 quidem
1239 2622 1313 2665 est
1336 2633 1597 2680 parumper
1620 2616 1681 2665 ab
1699 2615 1927 2674 externis,

176 2695 259 2742 sed
294 2712 391 2743 non
426 2713 455 2743 a
501 2696 726 2746 civilibus
764 2697 918 2747 bellis.
990 2699 1254 2747 Manebant
1300 2699 1587 2747 exterminia
1653 2739 1748 2774 Civil
1768 2749 1864 2773 wars

175 2777 431 2826 civitatum
465 2778 526 2826 ab
562 2778 698 2828 hoste
733 2779 1005 2851 dirutarum
1037 2798 1091 2830 ac
1127 2781 1440 2838 desertarum,
1465 2798 1585 2844 pug-
1644 2799 1784 2831 among
1805 2789 1873 2824 the

175 2860 358 2908 nabant
391 2866 558 2909 contra
589 2860 796 2910 invicem
825 2862 910 2926 qui
938 2863 1125 2912 hostem
1156 2869 1407 2912 evaserant
1440 2864 1581 2913 cives.
1671 2839 1841 2874 Bntons.

235 2997 250 3021 ¹
268 3000 484 3051 migravit]
513 3000 584 3039 He
606 3000 703 3040 died
723 3004 816 3052 glst
844 3001 890 3041 of
900 3002 931 3042 J
934 3001 1018 3055 uly,
1085 3006 1198 3042 went
1217 3006 1261 3042 to
1276 3003 1494 3052 Ravenna,
1512 3007 1556 3043 to
1576 3002 1697 3055 plead
1716 3003 1788 3042 the
1806 3015 1929 3041 cause

186 3064 269 3095 ΑΛ).
287 3055 367 3106 448
383 3069 393 3103 ;
422 3055 495 3094 the
509 3069 611 3107 year
624 3055 749 3108 being
762 3056 1019 3097 determined
1085 3058 1132 3097 of
1138 3058 1212 3098 the
1222 3059 1486 3098 Armoricani
1498 3058 1602 3098 with
1614 3058 1779 3102 Aetius,
1793 3056 1928 3095 where

182 3108 238 3161 by
257 3109 322 3148 his
341 3110 466 3161 being
477 3110 565 3149 said
580 3115 625 3149 to
635 3110 741 3150 have
754 3111 861 3151 been
875 3110 1020 3164 bishop'
1084 3113 1136 3152 he
1157 3113 1266 3153 died.
1325 3113 1543 3154 Constant.
1563 3114 1606 3151 ii.
1628 3123 1750 3161 4—20.

182 3164 314 3216 thirty
332 3178 465 3216 years,
486 3165 568 3204 and
587 3167 777 3212 Amator,
795 3166 859 3205 his
877 3166 1021 3218 prede·
1139 3166 1155 3189 ²
1173 3169 1277 3209 CAP.
1308 3167 1482 3219 XXIL]
1520 3169 1647 3207 From
1675 3165 1786 3205 Gild.
1813 3165 1926 3213 xxvi,

184 3232 329 3266 cessor,
342 3219 496 3271 having
510 3220 607 3259 died
621 3220 664 3258 in
681 3230 767 3259 ΑΛ).
780 3222 874 3272 418.
893 3222 1021 3261 After
1085 3236 1130 3263 as
1150 3223 1214 3262 far
1232 3237 1279 3263 as
1300 3229 1309 3243 ‘
1324 3221 1570 3275 appareret?

186 3273 252 3314 his
284 3274 432 3314 second
461 3278 604 3315 return
633 3274 738 3314 from
771 3275 947 3326 Britain,
967 3276 1022 3316 he
