2216 3554
290 161 387 208 286
860 157 1088 207 Historia
1122 157 1460 207 Ecclesia-stica
1813 154 1947 224 [LIB.
1962 175 2034 208 IV.
2094 212 2101 219 ,

292 290 529 338 Fecerunt
553 295 713 337 autem
740 288 838 338 ita:
876 293 926 338 et
952 289 1220 352 aperientes
1244 290 1531 353 sepulcrum,
1551 288 1841 337 invenerunt
1865 306 2038 353 corpus

289 377 447 420 totum
475 372 611 435 quasi
646 371 803 420 adhuc
827 357 1013 421 viveret
1047 372 1307 435 integrum,
1333 376 1382 420 et
1405 372 1646 420 flexilibus
1680 376 1877 420 artuum
1911 390 2038 421 com-

290 455 492 518 pagibus
529 454 684 502 multo
719 454 979 502 dormienti
1013 471 1158 518 quam
1192 462 1382 503 mortuo
1417 454 1651 503 similius:
1701 459 1774 503 set
1808 460 1857 502 et
1891 455 2038 503 vesti-

291 537 485 585 menta¹
533 536 698 584 omnia
736 538 913 600 quibus
960 538 1189 587 indutum
1229 544 1346 598 erat,
1386 555 1484 585 non
1530 538 1688 586 solum
1733 539 2037 598 intemerata,

290 637 462 668 verum
496 619 643 667 etiam
677 620 834 682 prisca
869 620 1087 668 novitate
1123 625 1173 669 et
1208 620 1499 669 claritudine
1534 620 1754 668 miranda
1788 621 2037 683 parebant.

291 702 433 763 Quod
467 701 554 750 ubi
578 701 740 750 videre
775 702 960 762 fratres,
987 702 1137 750 nimio
1173 719 1294 750 mox
1321 702 1498 750 timore
1532 702 1754 765 perculsi,
1780 703 2038 750 festinave-

290 790 405 832 runt
439 785 617 832 referre
652 783 864 832 antistiti
899 801 1007 848 quae
1042 783 1341 841 invenerant,
1379 784 1462 848 qui
1499 789 1603 832 tum
1638 784 1763 832 forte
1799 785 1850 832 in
1884 802 2038 832 remo-

289 867 413 915 tiore
457 867 515 914 ab
551 866 748 914 ecclesia
788 867 890 914 loco
932 866 1094 914 refluis
1129 866 1343 929 undique
1384 867 1560 931 pelagi>
1589 867 1818 916 fluctibus
1865 867 2036 926 cincto,

289 948 534 997 solitarius
593 949 831 996 manebat.
919 948 983 996 In
1041 947 1132 995 hoc
1189 949 1370 996 etenim
1427 965 1615 1012 semper
1660 949 2037 1013 quadragesimae
2075 1000 2079 1002 ,

289 1036 480 1094 tempus
516 1048 671 1094 agere,
695 1031 747 1077 in
782 1030 871 1077 hoc
906 1029 1232 1093 quadraginta
1266 1036 1380 1078 ante
1404 1030 1714 1078 Dominicum
1746 1033 1905 1080 natale
1934 1031 2039 1079 dies

289 1113 344 1160 in
401 1130 576 1175 magna
633 1111 957 1171 continentiae,
1006 1111 1239 1161 orationis
1297 1118 1347 1161 et
1404 1113 1727 1176 lacrymarum
1779 1114 2038 1162 devotione

289 1196 554 1258 transigere
590 1195 801 1243 solebat:
851 1194 905 1241 in
940 1211 1037 1257 quo
1074 1195 1221 1242 etiam
1256 1194 1544 1243 venerabilis
1585 1196 1901 1258 praedecessor
1935 1197 2038 1260 ejus

290 1278 535 1326 Cudberct
569 1277 848 1340 priusquam
872 1276 1082 1324 insulam
1107 1277 1262 1325 Fame
1285 1282 1484 1341 peteret,
1510 1277 1793 1342 aliquandiu
1827 1282 2039 1328 secretus

290 1359 500 1408 Domino
524 1359 781 1407 militabat.
1471 1349 1475 1355 “

358 1441 659 1490 Adtulerunt
699 1445 862 1490 autem
898 1440 942 1489 ei
978 1446 1026 1489 et
1067 1445 1259 1504 partem
1295 1440 1686 1491 indumentorum
1723 1460 1830 1507 quae
1866 1459 2038 1507 corpus

289 1529 510 1572 sanctum
535 1524 815 1586 ambierant,
844 1541 952 1587 quae
976 1537 1085 1572 cum
1109 1524 1193 1572 ille
1227 1530 1276 1572 et
1311 1541 1512 1572 munera
1533 1529 1782 1588 gratanter
1804 1526 2038 1589 acciperet

289 1613 338 1655 et
362 1606 594 1655 miracula
617 1607 823 1654 libenter
846 1607 1051 1665 audiret,
1078 1624 1190 1654 nam
1215 1613 1264 1655 et
1288 1607 1392 1670 ipsa
1414 1607 1700 1657 indumenta
1722 1608 1858 1672 quasi
1882 1609 2038 1671 patris

288 1690 445 1737 adhuc
486 1691 672 1752 corpori
711 1689 1011 1737 circumdata
1045 1690 1172 1737 miro
1207 1690 1575 1738 deosculabatur
1610 1690 1800 1751 affectu,
1839 1697 1850 1717 ‘
1867 1692 1917 1738 N
1919 1691 2035 1749 ova‚’

288 1772 464 1835 inquit,
493 1772 803 1819 ‘indumenta
838 1771 1029 1834 corpori
1062 1789 1151 1835 pro
1179 1772 1257 1819 his
1287 1789 1394 1835 quae
1430 1773 1627 1832 tulistis,
1655 1772 1963 1830 circumdate,
1987 1778 2036 1820 et

289 1856 358 1904 sic
380 1854 600 1918 reponite
624 1854 675 1901 in
704 1871 813 1902 arca
837 1871 985 1917 quam
1007 1853 1229 1917 parastis.
1300 1855 1410 1903 Scio
1447 1859 1609 1904 autem
1634 1855 1896 1904 certissime
1921 1855 2037 1919 quia

288 1955 386 1986 non
411 1937 497 1984 diu
520 1953 702 1984 vacuus
733 1935 1001 1983 remanebit
1035 1936 1167 1984 locus
1202 1937 1297 1996 ille,
1324 1938 1408 2001 qui
1430 1942 1568 1986 tauta
1591 1938 1810 1987 miraculi
1835 1937 2037 1986 caelestis

288 2020 446 2083 gratia
482 2023 696 2067 sacratus
731 2025 832 2078 est;
882 2024 931 2066 et
967 2035 1111 2081 quam
1147 2019 1316 2067 beatus
1358 2026 1430 2068 est
1465 2021 1542 2068 cui
1576 2020 1629 2069 111
1664 2039 1720 2070 eo
1755 2022 2035 2069 facultatem

289 2101 566 2166 quiescendi
605 2100 845 2148 Dominus
882 2100 1035 2149 totius
1072 2102 1385 2151 beatitudinis
1431 2109 1600 2152 auctor
1639 2110 1784 2167 atque
1830 2104 2036 2168 largitor

287 2191 517 2248 praestare
541 2182 849 2243 dignabitur?
920 2183 1044 2232 Haec
1072 2189 1122 2232 et
1155 2185 1431 2248 hujusmodi
1455 2187 1595 2250 plura
1619 2187 1703 2235 ubi
1728 2188 1900 2236 multis
1924 2204 2035 2236 cum

287 2267 513 2329 lacrymis
537 2269 586 2314 et
614 2283 787 2328 magna
811 2267 1178 2328 compunctione
1210 2267 1412 2318 antistes
1439 2269 1605 2332 lingua
1629 2270 1774 2318 etiam
1798 2274 2037 2318 tremente

287 2349 560 2412 complevit,
580 2348 799 2396 fecerunt
821 2348 992 2397 fratres
1016 2356 1071 2397 ut
1090 2351 1313 2411 jusserat,
1334 2357 1382 2399 et
1406 2351 1681 2400 involutum
1706 2369 1830 2401 novo
1854 2353 2034 2401 amictu

287 2449 462 2495 corpus
497 2447 715 2493 novaque
749 2430 799 2477 in
836 2431 974 2479 theca
1008 2433 1325 2493 reconditum,
1351 2451 1498 2497 supra
1532 2435 1863 2498 pavimentum
1898 2452 2034 2484 sanc-

286 2515 436 2564 tuarii
475 2518 755 2578 posuerunt.
828 2515 934 2562 Nec
974 2532 1124 2575 mora,
1162 2517 1266 2565 Deo
1308 2517 1512 2567 dilectus
1551 2518 1751 2567 antistes
1792 2520 2034 2567 Eadberct

360 2624 558 2661 Eadberht
627 2597 794 2644 morbo
830 2603 1078 2662 correptus
1114 2605 1186 2647 est
1220 2601 1404 2660 acerbo,
1441 2618 1495 2650 ac
1529 2619 1616 2665 per
1650 2602 1752 2651 dies
1794 2607 2033 2651 crescente

413 2675 503 2710 dies.
629 2680 935 2745 multumque
980 2682 1340 2747 ingravescente
1398 2685 1568 2733 ardore
1625 2685 1885 2748 languoris,
1934 2702 2033 2733 11011

287 2762 442 2810 multo
478 2766 601 2825 post,
627 2761 679 2809 id
714 2768 800 2822 est,
826 2765 983 2828 pridie
1018 2783 1169 2815 nonas
1192 2766 1347 2817 Maias
1382 2769 1531 2816 etiam
1567 2768 1668 2832 ipse
1704 2769 1935 2832 migravit
1969 2769 2033 2817 ad

289 2844 586 2894 Dominum:
635 2844 772 2909 cujus
803 2864 976 2911 corpus
1005 2847 1056 2896 111
1092 2850 1311 2913 sepulcro
1333 2851 1572 2899 benedicti
1595 2851 1747 2915 patris
1771 2851 2032 2900 Cudbercti

342 2982 357 3005 ¹
386 2983 640 3036 vestimenta]
681 2988 691 3004 ‘
708 2983 791 3023 For
817 2989 843 3024 a
867 2984 1028 3025 minute
1048 2986 1131 3026 and
1186 2988 1259 3027 the
1279 2989 1393 3028 work
1418 2990 1462 3029 of
1486 2990 1559 3029 the
1578 2990 1682 3030 Rev.
1702 2990 1733 3030 J
1735 3004 1847 3030 ames
1866 2989 2031 3031 Rainef

289 3041 395 3077 most
413 3037 662 3090 interesting
679 3043 851 3078 account
872 3039 919 3078 of
933 3041 1004 3080 the
1023 3047 1130 3080 vest-
1187 3042 1304 3082 Stev.
1361 3044 1438 3084 See
1465 3048 1535 3084 too
1562 3043 1731 3084 Raine’s
1757 3046 1895 3084 North
1923 3045 2030 3084 Dur-

287 3096 423 3131 ments
451 3093 535 3132 and
561 3093 680 3132 other
710 3093 828 3132 relies
857 3095 991 3134 which
1024 3110 1131 3135 were
1186 3097 1297 3143 ham,
1329 3112 1398 3151 pp.
1431 3099 1578 3151 59—68,
1615 3113 1670 3139 on
1700 3100 1773 3140 the
1800 3099 1960 3151 subject
1989 3100 2035 3140 of

289 3147 417 3186 found
436 3147 482 3186 in
507 3148 579 3186 the
606 3147 721 3187 tomb
746 3149 794 3187 of
814 3148 873 3188 St.
896 3149 1130 3190 Cuthberht
1185 3152 1421 3193 Cuthberht
1438 3154 1662 3207 generally.

287 3215 341 3241 on
360 3202 445 3242 this
464 3203 547 3242 and
566 3203 817 3256 subsequent
831 3205 1045 3255 occasions,
1062 3219 1130 3245 see
