2216 3554
638 181 687 230 U
682 181 1090 247 yremuthensium
1125 188 1167 230 et
1204 181 1586 248 Gyruuensium.
1883 190 1980 236 375

226 314 357 362 beati
390 313 532 363 Petri
563 313 616 362 in
652 315 788 377 cujus
822 313 1052 363 honorem
1088 312 1296 364 faciebat
1332 315 1563 376 exhibuit,
1589 320 1647 365 ut
1681 316 1813 365 intra
1835 317 1982 366 unius

227 396 343 444 anni
367 397 600 446 circulum
625 414 685 446 ex
709 414 804 460 quo
828 396 1142 445 fundamenta
1178 400 1294 445 sunt
1315 398 1461 461 jacta,
1487 399 1781 447 culminibus
1816 416 1980 463 super-

225 479 413 541 positis,
439 480 693 528 missarum
725 478 848 527 inibi
885 478 1100 528 solennia
1135 479 1366 528 celebrari
1389 481 1593 530 videres.
1666 482 1981 531 Proxima-nte

226 565 390 609 autem
425 563 486 611 ad
520 562 790 626 perfectum
825 578 980 625 opere,
1019 561 1154 610 misit
1187 563 1444 626 legatarios
1482 563 1705 619 Galliam,
1743 564 1828 629 qui
1862 564 1982 614 vitri

227 643 446 704 factores,
485 643 691 693 artifices
714 643 936 692 videlicet
963 643 1220 693 Brittaniis
1244 649 1442 694 eatenus
1466 646 1755 710 incognitos,
1782 647 1843 695 ad
1869 663 1979 695 can-

226 726 467 775 cellandas
502 726 709 776 ecclesiae
743 726 1113 791 porticuumque
1148 730 1198 776 et
1232 729 1582 778 caenaculorum
1618 732 1722 793 ers
1745 730 1979 779 fenestras

225 809 534 858 adducerent.
605 809 904 873 Factumque
951 815 1038 869 est,
1087 815 1136 858 et
1182 815 1448 860 venerunt:
1508 829 1596 862 nec
1653 812 1812 861 solum
1858 829 1979 876 opus

224 891 526 954 postulatum
550 891 926 955 compleverunt,
949 892 1033 940 sed
1057 896 1107 941 et
1128 892 1404 956 Anglorum
1428 911 1487 942 ex
1511 912 1567 943 eo
1591 899 1787 959 gentem
1811 895 1978 958 hujus-

224 974 357 1021 modi
392 973 651 1024 artificium
686 991 825 1023 nosse
859 991 914 1023 ac
949 974 1131 1024 discere
1155 975 1406 1025 fecerunt:
1454 977 1715 1026 artificium
1744 978 1978 1026 nimirum

223 1057 301 1105 vel
335 1057 572 1120 lampadis
608 1057 816 1105 ecclesiae
853 1057 1077 1106 claustris
1112 1058 1190 1107 vel
1225 1075 1451 1108 vasorum
1494 1060 1774 1110 multifariis
1809 1061 1978 1110 usibus

223 1155 322 1187 non
345 1139 625 1204 ignobiliter
647 1146 828 1203 aptum.
900 1139 996 1189 Sed
1015 1145 1065 1189 et
1088 1146 1261 1190 cuncta
1284 1159 1392 1206 quae
1416 1143 1479 1191 ad
1501 1144 1667 1193 altaris
1696 1148 1746 1192 et
1770 1143 1979 1193 ecclesiae

221 1221 546 1270 ministerium
592 1223 943 1287 competebant,
991 1240 1105 1272 vasa
1162 1230 1341 1284 sancta,
1386 1226 1464 1275 vel
1510 1227 1812 1288 vestimenta,
1861 1227 1978 1291 quia

221 1304 354 1353 domi
378 1305 595 1355 invenire
623 1324 720 1354 non
756 1307 932 1371 potuit,
959 1307 1018 1356 de
1042 1307 1381 1357 transmarinis
1409 1309 1690 1373 regionibus
1724 1311 1977 1360 advectare

219 1386 471 1450 religiosus
497 1392 687 1452 emptor
710 1390 924 1438 curabat.

288 1470 356 1519 Et
379 1477 437 1520 ut
460 1489 516 1520 ea
540 1489 731 1535 quoque
756 1490 865 1536 quae
896 1489 984 1521 nec
1015 1470 1067 1519 in
1093 1471 1252 1521 Gallia
1284 1473 1481 1538 quidem
1507 1475 1708 1539 reperiri
1731 1477 1973 1537 valebant,

218 1552 451 1602 Romanis
497 1571 523 1602 e
564 1554 740 1603 finibus
788 1554 996 1604 ecclesiae
1039 1572 1136 1604 suae
1173 1557 1394 1620 provisor
1428 1557 1634 1623 impiger
1702 1567 1905 1611 [A.n.678.]

218 1641 499 1685 ornamenta
522 1638 598 1686 vel
627 1637 930 1686 munimenta
965 1638 1229 1687 conferret:
1274 1646 1447 1703 quarta
1469 1641 1568 1701 illo,
1594 1647 1706 1706 post
1740 1641 1976 1706 composi„-

216 1724 323 1767 tum
351 1719 500 1783 juxta
533 1721 750 1784 regulam
778 1720 1139 1780 monasterium,
1164 1722 1461 1784 profectione
1496 1725 1736 1788 completa
1751 1726 1780 1785 ¹,
1806 1725 1976 1774 multi-

215 1801 415 1864 pliciore
462 1820 607 1866 quam
653 1803 787 1867 prius
833 1802 1162 1867 spiritualium
1203 1805 1436 1853 mercium
1478 1806 1660 1855 foenore
1702 1809 1976 1857 cumulatus

215 1884 376 1934 rediit.
447 1885 611 1935 Primo
658 1887 790 1950 quod
835 1886 1237 1935 innumerabilem
1289 1886 1525 1936 librorum
1573 1890 1728 1939 omnis
1786 1891 1976 1955 generis

216 1967 404 2031 copiam
427 1970 730 2033 apportavit:
769 1969 989 2019 Secundo
1013 1969 1144 2032 quod
1168 1969 1486 2034 reliquiarum
1509 1971 1761 2021 beatorum
1784 1979 1974 2037 aposto-

215 2051 374 2098 lorum
397 2056 763 2117 martyrumque
789 2051 974 2101 Christi
1005 2051 1334 2101 abundantem
1357 2053 1569 2117 gratiam
1593 2055 1762 2104 multis
1786 2055 1974 2120 Anglo÷

214 2151 327 2182 rum
345 2134 553 2183 ecclesiis
570 2136 876 2199 profuturam
895 2136 1115 2185 advexit:
1138 2135 1302 2184 Tertio
1319 2137 1449 2200 quod
1464 2137 1686 2186 ordinem
1706 2139 1972 2199 cantandi²‚

214 2215 448 2279 psallendi
482 2221 627 2282 atque
661 2219 713 2266 in
754 2218 953 2268 ecclesia
993 2217 1304 2266 ministrandi
1339 2218 1484 2282 juxta
1518 2236 1703 2269 morem
1740 2222 1974 2271 Romanae

215 2297 535 2348 institutionis
593 2317 680 2349 suo
738 2301 1031 2350 monasterio
1090 2301 1400 2361 contradidit,
1449 2303 1699 2366 postulato
1748 2305 1976 2355 videlicet

215 2383 361 2444 atque
407 2387 602 2446 accepto
644 2382 704 2431 ab
742 2382 1001 2447 Agathone
1047 2401 1176 2448 papa
1223 2384 1554 2434 archicantore
1595 2387 1806 2436 ecclesiae
1842 2389 1975 2437 beati

215 2463 422 2526 apostoli
469 2464 602 2512 Petri
648 2470 698 2513 et
744 2466 918 2514 abbate
965 2466 1246 2515 monasterii
1292 2466 1422 2516 beati
1462 2468 1665 2518 Martini
1700 2471 1734 2519 J
1738 2471 1926 2521 ohanne
1940 2473 1973 2532 ⁸,

215 2562 359 2609 quem
395 2547 471 2595 sui
495 2548 718 2597 futurum
752 2549 1042 2613 magistrum
1072 2549 1353 2598 monasterii
1377 2550 1670 2614 Britannias,
1699 2554 1975 2604 Romanum

214 2628 391 2692 Anglis
432 2630 707 2681 adduceret.
777 2632 874 2694 Qui
911 2632 997 2681 illo
1033 2631 1329 2697 pervenienS,
1372 2650 1471 2681 non
1509 2635 1668 2683 solum
1707 2637 1820 2686 viva
1856 2656 1973 2688 voce

214 2728 322 2775 quae
345 2713 512 2762 Romae
537 2713 708 2762 didicit
732 2714 1051 2764 ecclesiastica
1079 2714 1377 2763 discentibus
1406 2716 1613 2766 tradidit
1630 2735 1644 2780 ;
1683 2719 1766 2767 sed
1792 2725 1840 2769 et
1874 2738 1973 2769 non

214 2810 369 2857 pauca
403 2794 551 2843 etiam
581 2795 737 2844 literis
768 2797 997 2845 mandata
1019 2797 1233 2862 reliquit,
1258 2814 1367 2861 quae
1399 2797 1633 2849 hactenus
1668 2801 1722 2849 in
1758 2802 1969 2864 ejusdem

214 2876 496 2926 monasterii
541 2877 834 2928 bibliotheca
878 2879 1123 2928 memoriae
1168 2881 1328 2944 gratia
1372 2888 1641 2934 servantur.
1713 2884 1970 2945 Quartum,

272 2984 286 3008 ¹
311 2986 523 3039 completa]
581 2987 722 3027 Dated
767 2998 854 3029 ΑΒ.
887 2986 969 3040 676
1005 2989 1064 3042 by
1172 2987 1189 3013 ²
1216 2990 1401 3031 ordinem
1424 2992 1650 3044 cantandi]
1692 2991 1780 3030 The
1809 2990 1970 3030 North·

215 3041 440 3091 Florence;
469 3043 548 3082 but
567 3042 639 3082 the
664 3056 778 3083 same
804 3043 946 3083 writer
968 3057 1063 3097 says
1117 3044 1340 3085 humbrian
1372 3046 1540 3087 Ghurch
1574 3047 1658 3086 had
1687 3047 1791 3085 been
1819 3046 1969 3097 taught

214 3097 309 3136 that
346 3096 399 3135 he
436 3098 635 3137 returned
679 3098 751 3138 the
788 3111 901 3138 same
945 3113 1059 3151 year,
1117 3100 1174 3152 by
1191 3100 1223 3140 J
1225 3101 1391 3151 acobus,
1413 3116 1452 3155 p.
1473 3104 1563 3153 138,
1581 3102 1675 3141 who
1693 3101 1874 3153 brought
1893 3101 1968 3141 the

213 3151 408 3203 bringing
435 3151 581 3192 letters
609 3152 716 3192 from
742 3153 855 3206 Pope
874 3153 1059 3206 Agatho.
1118 3155 1281 3195 Roman
1291 3156 1454 3196 fashion
1463 3157 1508 3196 of
1514 3156 1714 3206 chanting
1722 3155 1827 3195 from
1835 3156 1965 3197 Kent.

212 3206 304 3246 Yet
341 3207 513 3258 Agatho
550 3207 624 3248 did
661 3211 734 3249 not
779 3209 951 3250 succeed
997 3209 1063 3250 till
1118 3210 1194 3252 See
1212 3211 1382 3251 Smith’s
1401 3211 1642 3264 Appendix,
1662 3211 1747 3252 No.
1768 3210 1841 3253 xii.

211 3271 300 3302 ΔΛ).
321 3259 414 3314 678.
1171 3266 1187 3292 ³
1213 3265 1422 3321 Johanne]
1454 3267 1531 3307 See
1550 3279 1589 3319 p.
1614 3275 1704 3317 250.
