2216 3554
332 173 440 229 ’166
914 177 1144 226 Historia
1178 177 1518 226 Ecclesiastica
1858 175 1994 246 [Lm.
2009 193 2089 227 ΠΙ.

341 311 540 368 ciorum,
567 313 615 359 et
639 326 669 359 a
692 308 793 357 filio
823 324 1021 373 quoque
1044 325 1131 357 suo
1155 307 1432 367 Alchfrido,
1455 325 1642 357 necnon
1671 314 1722 358 et
1754 325 1783 357 a
1812 310 2016 370 fratruo,
2040 310 2096 358 id

341 398 427 454 est,
453 392 618 442 fratris
643 391 720 439 sui
742 391 827 456 qui
850 396 964 439 ante
989 408 1100 439 eum
1122 391 1346 455 regnavit
1369 391 1468 439 filio
1493 391 1771 441 Oidilualdo
1786 392 1817 440 ¹.

411 475 567 539 OuJus
589 490 716 522 anno
740 473 950 521 secundo
965 473 998 533 ²,
1022 473 1112 522 hoc
1137 479 1224 533 est,
1249 474 1309 521 ab
1334 473 1667 522 incarnatione
1689 473 1947 522 Dominica
1970 490 2097 521 anno

429 598 514 626 Am·
529 591 603 632 644·
688 551 1035 604 sexcentesimo
1071 555 1437 620 quadragesimo
1470 561 1657 619 quarto,
1682 555 2098 604 reverentissimus

414 646 551 703 ‘Death
570 647 611 680 01'
685 643 826 702 pater
860 638 1108 699 Paulinus,
1134 639 1379 702 quondam
1415 638 1611 702 quidem
1647 638 1982 696 Eburacensis‚
2015 638 2099 685 sed

376 695 644 780 Bmffipsffim-
684 727 802 770 tunc
837 720 1095 769 Hrofensis
1130 721 1383 784 episcopus
1403 721 1634 779 civitatis,
1658 720 1888 768 transivit
1911 720 1974 768 ad
1997 719 2098 767 Do-

408 794 628 835 Boohesten
684 803 872 852 minum
896 808 1034 851 sexto
1062 803 1232 852 iduum
1259 804 1542 852 Octobrium
1556 804 1573 830 ³
1598 803 1705 851 die:
1744 803 1829 866 qui
1862 803 2025 851 decem
2051 807 2101 850 et

344 905 521 938 novem
538 903 705 946 annos,
723 902 910 934 menses
928 885 1061 945 duos,
1082 885 1186 934 dies
1203 886 1383 949 viginti
1398 903 1549 934 unum
1565 886 1894 950 episcopatum
1910 885 2073 933 tenuit
2088 901 2099 943 ;

350 972 666 1036 sepultusque
701 972 775 1016 est
810 969 863 1015 in
897 968 1155 1017 secretario
1184 969 1316 1017 beati
1345 969 1554 1031 apostoli
1578 967 1801 1026 Andreae,
1828 968 1992 1031 quod⁴
2014 984 2103 1015 rex

398 1096 484 1131 who
498 1096 530 1131 is
548 1106 631 1131 suc·
684 1050 958 1100 AEdilberct
993 1067 1022 1098 a
1056 1050 1385 1099 fundamentis
1420 1051 1475 1099 in
1509 1051 1676 1099 eadem
1724 1050 1866 1098 Hrofi
1906 1049 2103 1098 civitate

418 1147 559 1181 needed
573 1148 625 1188 by
689 1132 976 1181 construxit.
1065 1132 1127 1180 In
1174 1133 1311 1196 cujus
1357 1133 1518 1181 locum
1568 1133 1816 1181 Honorius
1864 1131 2102 1195 archiepi-

423 1195 609 1231 Ithamar.
690 1231 861 1278 scopus
907 1213 1155 1262 ordinavit
1207 1214 1441 1274 Ithamar,
1490 1215 1750 1263 oriundum
1799 1213 1995 1278 quidem
2043 1214 2104 1262 de

343 1301 489 1359 gente
527 1285 915 1357 Cantuariorum,
941 1297 1026 1345 sed
1059 1297 1164 1346 vita
1198 1303 1247 1346 et
1283 1297 1557 1346 eruditione
1592 1297 1972 1346 antecessoribus
2002 1297 2104 1345 suis

349 1378 659 1441 aequandum.

416 1460 611 1510 Habuit
634 1466 798 1510 autem
829 1461 985 1509 Osuiu
1019 1461 1192 1525 primis
1223 1461 1363 1525 regni
1395 1461 1472 1509 sui
1509 1461 1809 1525 temporibus
1833 1465 2105 1509 consortem

346 1544 493 1608 regiae
529 1544 800 1608 dignitatis,
825 1545 1059 1593 vocabulo
1085 1544 1259 1593 Osuini
1276 1546 1308 1603 ⁵,
1341 1545 1402 1593 de
1435 1544 1587 1608 stirpe
1619 1545 1746 1608 regis
1774 1544 1991 1602 AEduini,
2016 1544 2107 1592 hoc

345 1634 434 1685 est,
459 1626 616 1674 filium
640 1627 815 1687 Osrici,
835 1628 894 1676 de
913 1644 1011 1691 quo
1028 1644 1179 1691 supra
1194 1628 1212 1654 ⁶
1234 1627 1506 1686 retulimus,
1525 1628 1686 1675 virum
1705 1627 1893 1676 eximiae
1911 1627 2106 1691 pietatis

347 1713 397 1757 et
413 1709 691 1772 religionis:
730 1710 816 1773 qui
835 1709 1099 1773 provinciae
1120 1710 1365 1758 Derorum
1390 1710 1442 1756 in
1466 1709 1680 1758 maxima
1703 1711 1920 1758 omnium
1943 1727 2106 1758 rerum

346 1791 606 1851 affluentia,
635 1795 686 1840 et
713 1792 816 1856 ipse
850 1792 1075 1841 amabilis
1102 1792 1325 1841 omnibus
1356 1792 1555 1855 praefuit
1575 1793 1606 1841 ⁷.
1677 1791 1773 1841 Sed
1801 1809 1888 1839 nec
1917 1809 2027 1840 cum
2051 1809 2106 1840 eo

346 1873 431 1922 ille
455 1873 542 1938 qui
567 1878 791 1923 caeteram
815 1874 1256 1923 Transhumbranae
1291 1874 1452 1938 gentis
1486 1880 1676 1938 partem
1700 1875 1761 1923 ab
1784 1874 2029 1938 aquilone,
2056 1874 2108 1922 id

346 1961 434 2016 est,
456 1956 790 2005 Berniciorum
814 1957 1115 2020 provinciam
1142 1957 1352 2020 regebat,
1372 1957 1551 2005 habere
1569 1974 1735 2020 pacem
1752 1957 1916 2020 potuit
1934 1974 1948 2017 3
1987 1957 2106 2020 quin

346 2038 511 2101 potius
558 2038 1005 2102 ingravescentibus
1054 2040 1209 2087 causis
1257 2039 1612 2087 dissensionum
1659 2039 1933 2088 miserrima
1978 2039 2108 2087 hunc

348 2120 478 2169 caede
520 2120 740 2183 peremit.
813 2121 1065 2184 Siquidem
1103 2125 1396 2185 congregato
1432 2125 1599 2170 contra
1633 2121 1841 2169 invicem
1877 2121 2107 2179 exercitu,

347 2219 460 2250 cum
490 2202 681 2250 videret
709 2219 759 2251 se
790 2203 966 2252 Osuini
1001 2220 1111 2252 cum
1141 2204 1225 2252 illo
1264 2204 1348 2267 qui
1382 2204 1546 2267 plures
1581 2203 1792 2252 habebat
1827 2204 2110 2252 auxiliarios

349 2301 449 2332 non
485 2301 623 2347 posse
653 2286 780 2333 bello
810 2285 1080 2349 confligere,
1106 2291 1242 2334 ratus
1278 2292 1352 2334 est
1386 2286 1557 2334 utilius
1582 2290 1698 2334 tunc
1723 2286 1931 2334 demissa
1954 2286 2110 2334 inten-

347 2366 479 2416 tione
514 2366 740 2424 bellandi‚
778 2385 970 2416 servare
1006 2385 1056 2418 se
1092 2368 1154 2416 ad
1189 2375 1410 2432 tempora
1443 2368 1658 2417 meliora.
1746 2368 1954 2416 Remisit
1991 2385 2109 2432 ergo

349 2449 616 2498 exercitum
652 2467 797 2514 quem
832 2457 1222 2515 congregaverat,
1247 2468 1303 2500 ae
1335 2451 1551 2514 singulos
1575 2451 1776 2499 domum
1800 2450 1961 2498 redire
1984 2467 2110 2514 prae-

349 2530 494 2595 cepit,
524 2548 554 2579 a
583 2531 687 2579 loco
720 2532 806 2595 qui
830 2537 1035 2581 vocatur
1058 2532 1390 2583 Vilfaraesdun
1406 2533 1435 2593 ⁸,
1467 2532 1520 2581 id
1549 2538 1634 2592 est,
1667 2532 1810 2580 Mons
1834 2531 2029 2591 vilfari,
2061 2536 2112 2579 et

408 2640 421 2663 ¹
463 2639 725 2695 Oidilualdo]
772 2642 1043 2682 AEthelwald.
1129 2642 1206 2683 See
1316 2641 1513 2719 :supra1
1534 2641 1611 2682 See
1632 2655 1700 2694 pp.
1724 2653 1817 2693 139,
1840 2653 1932 2693 140.
2011 2695 2022 2706 ⁶
2079 2694 2092 2708 ’

352 2708 388 2736 c·
407 2705 642 2804 ἓξοοαηάο]
670 2750 854 2803 Strictly,
875 2751 947 2791 the
974 2751 1113 2791 third:
1144 2751 1208 2792 for
1261 2696 1881 2804 becoffiffiguzssh'llgheofdalgzhog
1909 2697 2112 2803 Ξεέιίῗῖἰῐῗ

355 2804 526 2845 Oswio’s
563 2805 678 2845 third
713 2819 812 2858 year
847 2806 982 2857 began
1020 2807 1131 2859 Aug.
1162 2817 1201 2858 5.
1257 2807 1315 2858 by
1359 2807 1433 2846 the
1480 2806 1621 2846 Saxon
1666 2806 1886 2845 Chronicle
1931 2818 1977 2845 as
2023 2815 2110 2844 Λα).

356 2870 447 2900 ΑΔ).
479 2859 573 2911 644,
602 2860 687 2899 and
721 2861 858 2901 lasted
885 2861 954 2901 till
981 2861 1054 2901 the
1090 2874 1204 2901 same
1258 2861 1352 2914 ⁶44

356 2914 440 2993 ‘²²³
458 2914 728 3010 ‘’ss-0122&
750 2968 1000 3022 oetam]
1143 2981 1193 3009 ,ο
1260 2970 1291 3010 s
1317 2913 2113 3010 ziffflroesffifffflfflsffls’

358 3023 436 3063 See
455 2983 534 3064 shis
565 3025 859 3075 consecration,
891 3025 976 3065 and
1009 3027 1065 3065 its
1093 2999 1205 3076 date,
1261 3002 1352 3066 The
1380 3001 1476 3066 MS:
1509 3025 1700 3065 Durham
1736 2983 1953 3065 Chrd'nicle
1990 2998 2114 3063 reads

358 3093 398 3131 p.
427 3089 517 3132 109.
1263 3080 1565 3128 Wolfrethdon‚
1600 3079 1734 3119 which
1765 3080 1800 3118 is
1821 3078 2007 3141 ’equally
2036 3091 2111 3117 un-

413 3132 428 3155 *
455 3134 563 3186 quod
585 3165 595 3176 .
616 3164 627 3175 .
647 3165 658 3177 .
677 3133 922 3188 construxit]
949 3133 1027 3174 See
1045 3147 1084 3186 p.
1101 3146 1170 3187 95.
1262 3135 1429 3175 known.
1484 3135 1527 3176 S.
1581 3134 1723 3174 Petrie
1741 3137 1994 3186 oonJectures
2012 3133 2048 3173 it
2066 3137 2114 3172 to

385 3188 628 3283 CZ-gsuini]
715 3189 881 3230 Oswine
936 3202 1019 3230 was
1076 3188 1210 3229 called
1261 3191 1314 3231 be
1331 3189 1514 3243 Gathely
1533 3189 1668 3230 Moor.

358 3246 368 3264 ί
436 3256 450 3282 l
499 3242 522 3286 ι’
