2216 3554
0 1667 2 1691 ““
0 1629 1 1636 ⁴
0 1524 13 1604 *ιη-κ·
0 1288 14 1497 -ιηῑ’·-,,-ν.-ιν
0 1259 4 1272 2
5 1235 7 1238 .
5 1195 7 1197 .
0 1151 2 1154 v

762 175 811 223 Ε
813 175 1074 239 cyberctum
1108 174 1397 223 Antistitem.
1767 213 1772 220 .
1854 179 1952 224 405

201 310 476 371 contempto
493 305 591 354 Dei
614 306 748 354 cultu
781 323 837 354 ea
865 322 974 368 quae
1002 305 1096 368 ipsi
1124 304 1216 353 sibi
1246 305 1305 352 de
1339 304 1481 352 corde
1510 321 1596 352 suo
1626 303 1874 353 finxerunt
1897 323 1953 354 ac

200 391 430 450 fecerunt,
457 389 657 438 numina
687 393 993 447 venerantur,
1029 387 1220 447 timent,
1265 388 1443 446 colunt,
1481 388 1698 446 adorant,
1732 390 1782 434 et
1818 387 1952 434 obse-

198 478 349 531 crant,
374 471 631 519 Dominica
659 470 743 518 illa
774 469 1088 518 insectatione
1112 469 1399 533 dignissimi,
1426 486 1523 532 qua
1551 468 1816 517 Pharisaeos
1841 485 1951 516 cum

198 569 308 600 suas
329 554 600 602 deuteroses
620 553 738 615 Legi
757 551 852 599 Dei
868 555 1220 615 praeponerent,
1239 551 1499 614 redarguit,
1522 551 1731 599 dicens1:
1761 555 1772 577 ‘
1789 551 1952 612 Quare

198 642 247 683 et
302 654 386 685 vos
441 635 833 699 transgredimini
888 635 1174 683 mandatum
1229 635 1323 683 Dei
1381 639 1581 698 propter
1639 634 1953 682 traditionem

199 722 412 767 vestram
429 718 466 766 2’
535 719 634 780 Qui
680 719 719 767 si
767 718 913 767 etiam
963 718 1151 767 chartas
1198 717 1495 782 protulerint
1534 717 1587 764 in
1628 717 1953 766 defensionem

199 801 694 864 concupiscentiarum
728 818 925 849 suarum
960 801 1241 865 adscriptas,
1276 818 1331 849 ac
1366 799 1604 849 nobilium
1640 817 1954 862 personarum

197 884 550 947 subscriptione
575 883 911 945 confirmatas3
950 889 1006 932 tu
1040 901 1288 948 nunquam
1316 900 1487 947 precor
1515 881 1786 931 Dominicae
1818 900 1951 932 sanc-

198 966 346 1014 tionis
371 966 682 1027 obliviscaris,
707 966 759 1013 in
791 983 888 1030 qua
920 966 1098 1014 dicitur
1113 969 1145 1026 2,
1172 971 1183 993 ‘
1205 965 1376 1014 Omnis
1403 965 1641 1030 plantatio
1674 981 1822 1030 quam
1858 983 1955 1014 non

197 1048 441 1111 plantavit
479 1049 624 1098 Pater
670 1066 805 1098 meus
853 1049 1056 1098 caelestis
1105 1049 1454 1098 eradicabitur!
1532 1048 1603 1098 Et
1650 1053 1778 1097 certe
1824 1067 1853 1097 a
1905 1052 1955 1097 te

197 1131 377 1180 discere
412 1132 598 1192 vellem,
635 1133 932 1181 sanctissime
970 1132 1185 1192 antistes,
1225 1131 1437 1180 Domino
1471 1135 1772 1196 protestante
1809 1136 1954 1196 atque

197 1213 385 1263 dicente
400 1215 431 1275 ³,
471 1215 627 1277 ‘Quia
661 1216 763 1264 lata
800 1222 941 1279 porta
982 1222 1031 1265 et
1072 1215 1286 1279 spatiosa
1325 1215 1409 1264 via
1450 1218 1524 1263 est
1562 1232 1672 1279 quae
1714 1215 1853 1263 ducit
1891 1216 1953 1263 ad

194 1297 529 1359 perditionem,
556 1302 605 1346 et
639 1299 783 1347 multi
811 1305 925 1347 sunt
961 1299 1044 1363 qui
1079 1298 1271 1347 intrant
1305 1315 1393 1361 per
1428 1314 1564 1347 eam:
1604 1315 1714 1346 cum
1746 1303 1954 1362 angusta

194 1382 336 1442 porta
371 1385 421 1427 et
456 1384 589 1428 arcta
622 1381 703 1430 via
738 1381 816 1441 sit,
853 1399 961 1445 quae
1004 1382 1138 1429 ducit
1172 1381 1235 1429 ad
1269 1381 1435 1440 vitam,
1473 1384 1522 1429 et
1555 1381 1696 1444 pauci
1733 1381 1835 1430 sint
1869 1380 1955 1444 qui

194 1460 448 1510 inveniant
483 1480 588 1511 eam
609 1464 645 1512 :'
684 1463 803 1527 quid
831 1464 890 1512 de
922 1480 1089 1512 eorum
1113 1464 1217 1513 vita
1239 1464 1317 1513 vel
1341 1465 1495 1512 salute
1521 1467 1702 1511 aeterna
1726 1464 1957 1523 confidas,

195 1543 281 1607 qui
305 1549 411 1592 toto
435 1545 551 1594 vitae
576 1563 674 1595 suae
706 1552 923 1610 tempore
954 1564 1042 1611 per
1073 1547 1224 1595 latam
1248 1552 1439 1610 portam
1463 1549 1513 1594 et
1537 1545 1798 1610 spatiosam
1822 1546 1955 1595 viam

194 1627 413 1676 incedere
451 1635 732 1690 noscuntur,
776 1635 825 1679 et
859 1647 919 1678 ne
954 1631 1007 1678 in
1043 1630 1258 1678 minimis
1294 1629 1490 1694 quidem
1531 1630 1674 1677 rebus
1709 1630 1954 1694 voluptati

193 1725 293 1758 suae
316 1711 396 1758 vel
420 1712 633 1775 corporis
652 1713 729 1760 vel
753 1713 905 1761 animi
939 1731 1081 1762 causa
1107 1730 1327 1777 supernae
1354 1712 1694 1761 retributionis
1720 1713 1955 1762 obsistere

193 1792 270 1840 vel
303 1809 576 1858 repugnare
609 1795 843 1844 curabant
866 1815 873 1842 z
910 1796 1006 1845 nisi
1038 1797 1163 1845 forte
1191 1813 1279 1860 per
1306 1796 1643 1858 eleemosynaS,
1671 1812 1791 1859 quas
1820 1795 1951 1844 inter

194 1877 607 1940 concupiscentias
657 1878 963 1941 quotidianas
1001 1897 1056 1927 ac
1098 1879 1292 1927 delicias
1330 1878 1626 1942 pauperibus
1667 1879 1782 1927 dare
1824 1878 1957 1927 vide-

193 1959 387 2019 bantur,
426 1959 714 2009 criminibus
755 1962 941 2010 absolvi
976 1979 1116 2026 posse
1156 1962 1380 2010 credendi
1417 1964 1549 2021 sunt,
1592 1978 1744 2024 quum
1785 1977 1956 2010 manus

192 2042 300 2106 ipsa
335 2049 383 2091 et
418 2043 711 2096 conscientia
746 2061 854 2108 quae
889 2062 1060 2093 manus
1096 2044 1266 2093 offerat
1301 2044 1419 2105 Deo,
1459 2044 1643 2092 munda
1681 2061 1710 2091 a
1747 2043 1956 2107 peccatis

193 2142 295 2175 csse
333 2125 507 2174 debeat
547 2132 596 2175 et
637 2127 891 2188 absoluta3
940 2132 1025 2176 aut
1067 2131 1194 2175 certe
1235 2145 1322 2191 per
1363 2127 1595 2191 mysteria
1641 2130 1956 2176 sacrosanctae

192 2207 464 2268 oblationis,
490 2208 669 2271 quibus
692 2210 789 2273 ipsi
813 2211 930 2258 dum
953 2211 1175 2260 viverent
1198 2210 1389 2274 indigni
1415 2209 1694 2269 extiterant,
1718 2226 1807 2273 per
1835 2209 1956 2258 alios

187 2291 289 2355 jam
312 2290 495 2339 mortui
518 2290 697 2339 redimi
720 2309 860 2355 posse
885 2293 1110 2357 sperandi
1134 2299 1262 2342 sunt.
1322 2291 1402 2339 An
1421 2293 1546 2340 forte
1564 2292 1662 2340 illis
1678 2292 1958 2356 permodica

192 2374 335 2437 culpa
370 2373 566 2422 videtur
602 2391 704 2423 esse
742 2376 1177 2439 concupiscentiae‘l
1248 2376 1324 2424 De
1363 2392 1460 2439 qua
1497 2375 1642 2439 paulo
1677 2374 1823 2423 latius
1859 2375 1959 2423 dis-

190 2463 371 2521 putem.
446 2458 570 2506 Haec
605 2457 805 2506 Balaam
843 2459 1005 2508 virum
1041 2458 1310 2523 prophetiae
1346 2457 1523 2522 spiritu
1557 2457 1892 2521 plenissimum
1927 2475 1957 2506 a

191 2546 321 2588 sorte
345 2543 622 2588 sanctorum
647 2540 764 2588 fecit
787 2545 1047 2604 extorrem,
1071 2539 1245 2589 Achan
1270 2540 1608 2589 communione
1633 2540 1956 2589 anathematis

189 2623 369 2686 polluit
398 2641 453 2672 ac
480 2623 707 2687 perdidit,
734 2623 850 2673 Saul
883 2623 1022 2688 regni
1061 2623 1230 2671 infulis
1266 2623 1483 2683 nudavit,
1512 2622 1651 2671 Giezi
1685 2623 1955 2687 prophetiae

190 2705 378 2754 meritis
402 2706 616 2770 privavit
637 2724 692 2755 ac
716 2711 963 2770 perpetuae
983 2707 1128 2770 leprae
1147 2713 1282 2771 peste
1300 2723 1411 2755 cum
1428 2722 1515 2755 suo
1536 2706 1716 2754 semine
1734 2706 1954 2766 foedavit,

189 2788 228 2837 J
230 2788 376 2836 udam
412 2789 699 2837 Iscariotem
731 2790 790 2838 de
825 2789 1123 2853 apostolatus
1159 2789 1314 2854 gloria
1349 2788 1588 2852 deposuit,
1621 2788 1866 2837 Ananiam
1902 2793 1954 2837 et

190 2869 494 2934 Sapphiram‚
515 2871 574 2918 de
592 2871 769 2935 quibus
787 2871 1116 2936 praediximus,
1134 2871 1480 2920 monachorum
1501 2872 1701 2934 collegio
1721 2871 1952 2934 indignos

190 2954 337 3002 etiam
368 2953 581 3018 corporis
616 2959 771 3003 morte
805 2955 1076 3016 mulctavit,
1107 2961 1170 3015 et,
1209 2961 1266 3004 ut
1299 2955 1362 3004 ad
1401 2954 1653 3019 superiora
1687 2954 1950 3015 veniamus,

189 3037 292 3085 haec
315 3037 511 3101 angelos
534 3054 563 3085 a
587 3039 703 3087 caelo
732 3038 918 3101 dejecit,
945 3044 994 3088 et
1022 3039 1347 3103 protoplastos
1378 3057 1408 3088 a
1440 3038 1670 3087 Paradiso
1702 3041 1949 3100 perpetuae

189 3119 455 3184 voluptatis
478 3120 696 3184 expulit:
736 3125 784 3169 et
809 3121 850 3169 si
874 3137 1013 3170 nosse
1036 3121 1126 3181 vis,
1151 3120 1230 3171 hic
1259 3127 1332 3171 est
1362 3121 1445 3170 ille
1478 3121 1658 3183 triceps
1682 3118 1951 3168 inferorum

335 3244 350 3268 ²
378 3245 538 3299 dicens]
567 3247 696 3287 Matt.
721 3259 790 3286 XV.
814 3257 852 3297 3.
1348 3246 1364 3270 ²
1392 3246 1568 3299 dicitur]
1601 3245 1710 3286 Ibid.
1735 3255 1797 3296 13.

750 3299 767 3324 ³
793 3301 966 3356 dicente]
999 3301 1110 3343 Ibid.
1131 3301 1203 3344 vii.
1228 3314 1291 3354 13,
1317 3314 1381 3354 14.
