2216 3554
220 246 342 297 ,CAR
362 241 558 313 xxva]
785 271 788 273 >
839 244 1012 295 'Gentis
1045 243 1332 308 Anylorum.
1902 254 1967 299 57

221 383 233 402 ‘
252 376 327 425 De
352 377 601 440 episcopis,
625 375 833 439 qualiter
855 392 966 424 cum
990 375 1089 423 suis
1113 376 1299 425 clericis
1323 382 1684 438 conversentur,
1705 379 1782 427 vel
1807 380 1867 428 de
1891 380 1967 429 his

220 476 326 522 quae
351 460 561 507 fidelium
584 457 904 507 oblationibus
927 458 1161 506 accedunt
1191 459 1392 519 altario;
1431 465 1624 523 quantae
1708 471 1881 504 A,1>.601.

219 542 424 589 debeant
457 541 564 589 fieri
596 541 853 605 portiones,
890 545 939 588 et
974 540 1191 604 qualiter<
1219 541 1470 604 episcopus
1506 559 1646 606 agere
1682 542 1739 591 in
1770 543 1969 593 ecclesia

218 623 425 672 debeat?

287 705 555 769 Respondit
589 703 856 767 Gregorius
897 720 1023 768 papa
1062 704 1206 753 urbis,
1236 705 1418 755 Romae.
1505 706 1688 756 ‘Sacra
1719 707 1971 770 Scriptura

218 793 440 846 testatur,
477 802 622 850 quam
663 792 713 834 te
750 786 872 835 bene
921 803 1061 835 nosse
1107 788 1309 836 dubium
1349 806 1446 837 non
1485 793 1571 848 est,
1612 795 1662 838 et
1699 775 1970 853 specialiter

217 869 349 918 beati
382 868 526 917 Pauli
561 868 622 915 ad
669 868 976 917 Timotheum
1024 870 1256 933 epistolae,
1305 872 1358 919 in
1406 872 1582 935 quibus
1629 889 1739 921 eum
1774 873 1968 921 erudire

218 952 407 1000 studuit
429 950 638 1014 qualiter
660 950 713 998 in
738 951 880 999 domo
904 951 1000 1000 Dei
1032 953 1311 1001 conversari.
1338 954 1597 1003 debuisset.
1669 955 1779 1003 Mos
1802 961 1969 1003 autem

216 1034 342 1084 sedis
365 1031 638 1096 apostolicae
653 1034 668 1059 1
693 1038 778 1092 est,
806 1032 1042 1083 ordinatis
1078 1035 1313 1099 episcopis
1337 1043 1580 1100 praecepta
1603 1037 1808 1097 tradere,
1835 1043 1892 1086 ut
1915 1037 1968 1085 in

217 1115 348 1163 omni
385 1114 625 1177 stipendio
660 1117 789 1179 quod
823 1117 1020 1177 accedit,
1059 1121 1270 1181 quatuor
1306 1119 1513 1168 debeant
1548 1119 1652 1167 fieri
1689 1120 1966 1183 portiones;

214 1215 312 1247 una
335 1198 559 1247 videlicet
589 1199 812 1263 episcopo
849 1205 898 1248 et
932 1200 1130 1248 familiae
1167 1204 1366 1265 propter
1393 1202 1786 1264 hospitalitatem,
1823 1207 1968 1266 atque

213 1281 564 1344 susceptionem
587 1300 601 1343 5
653 1282 746 1330 alia
781 1283 941 1342 clero;
996 1283 1142 1332 tertia
1175 1285 1502 1348 pauperibus3
1551 1290 1724 1349 quarta
1759 1285 1968 1334 ecclesiis

213 1363 506 1426 reparandis,
556 1363 650 1413 Sed
675 1365 789 1429 quia
813 1370 900 1413 tua
922 1366 1228 1414 fraternitas2
1252 1368 1533 1416 monasterii
1557 1369 1739 1431 regulis
1758 1369 1972 1426 erudita,

209 1462 427 1493 ⁴seorsum
462 1445 566 1493 fieri
601 1463 700 1494 non
735 1447 880 1495 debet
914 1464 944 1496 a
984 1447 1178 1496 clericis.
1204 1449 1318 1508 suis,
1355 1450 1408 1497 in
1443 1451 1644 1501 ecclesia
1678 1450 1967 1514 Anglorum,

215 1544 324 1591 quae
360 1535 553 1577 auctore
589 1529 695 1578 Deo
730 1548 888 1594 nuper
939 1530 1094 1579 adhuc
1143 1532 1204 1579 ad
1246 1531 1393 1580 fidem
1444 1534 1654 1581 adducta
1706 1539 1791 1592 est,
1842 1534 1967 1582 hanc

213 1611 356 1659 debet
392 1613 804 1662 conversationem
843 1613 1112 1673 instituere,
1155 1632 1262 1678 quae
1300 1615 1443 1664 initio
1484 1617 1722 1665 nascentis
1757 1616 1967 1665 ecclesiae

212 1693 308 1741 fuit
351 1695 572 1756 patribus
618 1696 826 1755 nostris;
881 1696 934 1743 in
982 1697 1158 1760 quibus
1203 1698 1367 1746 nullus
1410 1717 1578 1747 eorum
1624 1717 1688 1748 ex
1733 1699 1808 1747 his
1856 1716 1966 1763 quae

210 1777 535 1839 possidebant,
570 1777 756 1841 aliquid
804 1796 943 1827 suum
998 1796 1099 1828 esse
1149 1780 1354 1841 dicebat,
1391 1782 1477 1830 sed
1518 1786 1658 1830 erant·
1698 1783 1767 1831 eis
1802 1782 1967 1830 omnia

210 1860 496 1907 communia.

280 1951 291 1968 ‘
310 1940 363 1990 Si
388 1941 474 2005 qui
497 1959 613 1991 vero
627 1944 645 1975 '3
670 1946 784 1994 sunt
808 1943 1007 1993 oler1014-
1025 1949 1164 1993 extra
1192 1962 1349 1995 sacros
1375 1947 1565 1995 ordines
1589 1947 1854 2007 constituti,
1882 1947 1967 2011 qui

264 2057 279 2081 ¹
307 2059 401 2099 Mos
419 2063 557 2101 autem
570 2060 678 2100 sedis
693 2061 938 2112 apostolicae]
952 2061 1054 2101 This
1109 2061 1172 2102 ΙΙ.
1198 2075 1309 2101 caus.
1338 2062 1412 2102 xii.
1439 2076 1479 2115 q.
1507 2075 1542 2114 1,
1570 2068 1590 2112 ξ
1617 2063 1654 2114 8,
1686 2078 1725 2117 p.
1749 2062 1842 2117 596.
1900 2063 1963 2104 Cf.

209 2113 293 2153 had
311 2114 413 2154 been
434 2115 505 2154 the
525 2119 685 2155 custom
703 2117 748 2155 in
767 2116 840 2156 the
857 2117 1054 2156 Western
1108 2117 1232 2156 Cone.
1254 2118 1407 2157 Turon.
1439 2118 1501 2158 ΙΙ.
1531 2133 1621 2159 can.
1656 2131 1718 2164 12,
1750 2130 1836 2159 A.D.
1869 2118 1963 2170 567,

209 2169 374 2208 Church
411 2183 457 2209 as
496 2171 611 2223 early
642 2184 687 2210 as
718 2182 807 2211 A.D.
839 2184 946 2224 4943
991 2185 1057 2212 see
1112 2172 1250 2212 where
1283 2173 1370 2213 this
1401 2173 1534 2226 living
1564 2175 1618 2213 in,
1642 2188 1833 2214 common
1860 2174 1966 2214 with

208 2223 344 2264 Gelas.
366 2224 471 2277 Epp.
493 2237 531 2278 9,
551 2226 594 2264 in
616 2226 772 2275 Mansi,
792 2227 947 2266 concil.
966 2227 1054 2267 viii.

208 2290 276 2329 45.
331 2279 376 2319 It
410 2280 444 2319 is
480 2280 553 2320 the
586 2281 747 2332 subject
782 2282 829 2321 of
854 2295 879 2321 a
914 2282 1060 2322 decree

209 2334 257 2373 of
270 2334 342 2374 the
362 2334 535 2374 Council
562 2336 607 2374 of
620 2336 758 2388 Braga
784 2337 830 2375 in
855 2337 994 2389 Spain,
1014 2338 1059 2376 in

209 2399 295 2428 ΔΛ).
314 2388 406 2441 563,
418 2390 554 2430 which
569 2390 735 2430 ordains
754 2392 850 2431 that
869 2396 1059 2445 separate

211 2449 401 2495 quarters
438 2445 485 2484 of
515 2446 588 2485 the
625 2460 827 2486 revenues
864 2448 911 2486 of
935 2461 961 2487 a
991 2461 1058 2487 see

210 2499 316 2537 shall
350 2512 402 2551 go
434 2503 478 2539 to
507 2501 581 2539 the
608 2501 768 2553 bishop,
799 2502 872 2541 the
901 2503 1055 2554 clergy,

209 2553 282 2592 the
302 2554 436 2605 repair
449 2555 533 2594 and
545 2555 725 2608 lighting
740 2556 784 2596 of
797 2557 870 2596 the
885 2558 1058 2597 church-

210 2608 352 2656 fabric,
384 2609 467 2648 and
493 2610 566 2649 the
594 2611 863 2658 archdeacon‚
884 2613 948 2651 for
977 2613 1056 2652 dis-

209 2663 410 2702 tribution
444 2677 594 2716 among
626 2666 698 2706 the
726 2680 836 2718 poor„
895 2668 940 2707 It
967 2681 1053 2708 was

207 2717 367 2758 altered
380 2718 442 2757 for
454 2719 526 2758 the
540 2720 716 2772 Sp'anish
731 2721 895 2762 Church
910 2722 967 2774 by
980 2723 1052 2762 the

208 2772 358 2811 second
376 2773 548 2813 Gouncil
568 2775 615 2814 of
628 2775 778 2828 Eraga,
793 2777 837 2815 in
854 2787 940 2816 A.D.
958 2786 1051 2829 572,

208 2827 345 2866 which
373 2841 478 2879 gave
507 2830 646 2880 parish
665 2831 862 2870 churches
881 2831 1054 2872 distinct

208 2895 420 2922 revenues.
478 2883 566 2923 But
592 2884 636 2923 in
664 2885 824 2930 France
852 2887 936 2926 and
954 2887 1053 2927 Ger·

207 2950 334 2988 many
348 2937 449 2989 they
465 2939 687 2979 continued
705 2945 749 2979 to
769 2940 927 2984 receive
945 2941 1057 2981 their

206 3004 406 3031 revenues
445 2993 626 3045 through
665 2995 738 3034 the
773 2995 932 3049 bishop,
989 2997 1055 3036 On

207 3047 280 3086 the
318 3047 425 3086 later
460 3052 626 3092 custom,
655 3049 702 3088 in
739 3050 946 3103 England,
987 3065 1055 3091 see

207 3101 428 3153 Bingham‚
452 3103 724 3154 Antiquities‚
740 3104 809 3145 bk.
823 3105 905 3146 IX.
919 3119 954 3146 c.
966 3106 1054 3146 viii.

210 3160 231 3205 5
254 3155 292 3195 6.
349 3157 425 3196 See
451 3162 518 3196 too
538 3158 727 3198 Gratiani
749 3159 1054 3213 Decreta,‚pars

207 3210 270 3250 ΙΙ.
292 3224 401 3250 caus.
420 3213 491 3253 xii.
514 3213 686 3264 quaestio
708 3225 743 3264 2,
768 3218 788 3264 ς
812 3227 875 3266 30,
893 3229 934 3268 p.
957 3216 1050 3270 609,

208 3265 422 3318 Antwerp‚
447 3274 563 3318 1570.

261 3318 278 3342 ²
305 3322 404 3373 quia
433 3327 506 3362 tua
524 3322 788 3376 fraternitas]
815 3324 934 3367 erar.
956 3340 1052 3379 pars

1112 2227 1224 2266 their
1251 2228 1394 2281 clergy
1414 2229 1450 2268 is
1478 2229 1674 2282 specially
1702 2229 1875 2269 ordered
1902 2230 1964 2269 for

1113 2282 1233 2322 bisho
1263 2297 1294 2323 s.

1169 2338 1185 2363 3·
1211 2296 1262 2378 SI}
1281 2339 1353 2390 qui
1371 2338 1481 2391 vero]
1497 2339 1698 2379 ‘Another
1716 2339 1910 2391 question
1929 2339 1965 2379 is

1113 2393 1296 2432 inserted
1324 2394 1423 2433 here
1442 2394 1499 2446 by
1519 2394 1597 2435 Ed.
1622 2395 1805 2434 Benedd.
1830 2394 1964 2446 ‘Opto

1113 2448 1248 2488 doceri
1276 2462 1328 2488 an
1365 2450 1505 2488 6161101
1540 2450 1750 2489 continere
1782 2464 1866 2490 non
1895 2463 1965 2490 va·

1112 2503 1256 2548 lentes,
1276 2504 1436 2555 possint
1455 2506 1698 2547 contrahere
1714 2519 1724 2554 ;
1754 2509 1796 2545 et
1817 2506 1851 2544 si
1872 2518 1966 2544 con-

1111 2559 1329 2606 traxerint,
1363 2572 1419 2598 an
1456 2560 1636 2600 debeant
1673 2561 1727 2600 ad
1766 2560 1964 2599 saeeulum

1110 2613 1270 2653 redire.’
1329 2615 1432 2654 And
1457 2615 1531 2654 the
1556 2616 1684 2655 latter
1703 2620 1798 2668 part
1819 2616 1866 2655 of
1880 2615 1965 2654 this

1108 2681 1269 2708 answer
1306 2670 1434 2709 forms
1480 2670 1554 2709 the
1591 2684 1752 2710 answer
1789 2674 1834 2710 to
1872 2670 1958 2709 this

1108 2724 1314 2775 question.

1162 2777 1178 2801 4
1205 2779 1344 2820 clerici
1374 2810 1383 2820 .
1415 2810 1424 2820 .
1455 2812 1465 2821 .
1497 2780 1727 2832 constituti]
1763 2781 1963 2832 Compare

1110 2833 1405 2874 Poenitentiale
1432 2835 1643 2888 Ecgberti,
1666 2835 1962 2887 archiepiscopi

1110 2888 1391 2939 Eboracensis,
1440 2891 1596 2942 quoted
1660 2891 1718 2943 by
1764 2890 1961 2933 Wilkins,

1110 2943 1307 2990 Ooneffia,
1335 2946 1364 2984 i.
1398 2957 1500 2985 112:
1549 2946 1683 2985 ‘Duo
1703 2946 1832 2997 igitur
1863 2948 1961 2983 sunt

1109 3011 1261 3049 genera
1289 3000 1526 3040 clericorum
1546 3015 1555 3049 ;
1595 3014 1725 3040 unum
1753 2999 1960 3038 ecclesias-

1109 3053 1293 3094 ticorum.
1342 3056 1419 3095 sub
1477 3055 1695 3108 episcopali
1745 3054 1958 3105 regimine,

1110 3108 1290 3149 alterum
1329 3111 1632 3161 acephalorum,
1674 3109 1718 3148 id
1756 3113 1830 3154 est,
1871 3108 1959 3147 sine

1108 3164 1268 3216 capite.v
1315 3165 1380 3204 De
1408 3165 1560 3217 quibus
1580 3163 1803 3215 Gregorius
1829 3162 1959 3210 dicit;

1109 3218 1145 3257 si
1184 3219 1258 3270 qui
1297 3219 1434 3259 clerici
1469 3221 1661 3271 vulgares
1698 3222 1807 3266 sunt,
1841 3221 1960 3256 extra

1107 3286 1244 3313 sacros
1273 3274 1438 3314 ordines
1466 3274 1695 3319 constituti,
1717 3272 1760 3310 id
1783 3275 1857 3321 est,
1882 3285 1958 3311 nec

1106 3328 1336 3382 presbyteri
1370 3342 1445 3369 nec
1478 3328 1653 3377 diaconi,
1685 3328 1756 3379 qui
1789 3340 1833 3366 se
1865 3339 1959 3367 con-
