2216 3554
328 160 426 206 354
905 156 1132 206 Historia
1161 157 1508 206 Ecclesiastica
1870 157 2006 226 [11113.
2023 175 2071 211 V.

324 293 576 336 tonsuram
612 286 805 348 habent,
829 287 1166 338 condemnatos
1196 287 1424 352 judicem,
1449 287 1491 335 si
1514 287 1608 336 fide
1639 291 1693 336 et
1719 289 1944 352 operibus
1966 292 2075 339 uni-

324 370 419 420 tati
442 369 687 419 catholicae
710 369 946 420 faverint:
983 371 1132 420 immo
1164 371 1462 420 confidenter
1483 369 1730 433 profiteor,
1755 372 1991 435 plurimos
2015 391 2074 423 ex

322 453 394 502 eis
428 457 617 501 sanctos
651 469 708 501 ac
743 452 848 501 Deo
884 453 1057 518 dignos
1092 453 1349 513 exstitisse,
1386 470 1447 501 ex
1481 453 1658 516 quibus
1695 459 1768 502 est
1801 450 2075 517 Adamnan,

321 535 469 584 abbas
494 539 543 583 et
573 535 792 583 sacerdos
817 535 1230 584 Columbiensium
1253 536 1487 600 egregius,
1514 534 1599 598 qui
1623 552 1733 584 cum
1757 536 1944 601 legatus
1978 554 2078 587 suae

321 617 480 682 gentis
504 617 566 665 ad
583 617 865 666 Aldfridum
889 634 1049 681 regem
1068 618 1256 677 missus,
1276 622 1497 666 nostrum
1518 634 1710 681 quoque
1728 620 2078 668 monasterium

321 698 487 748 videre
523 699 769 759 voluisset,
806 699 1078 763 miramque
1117 699 1172 747 in
1212 699 1426 748 moribus
1465 716 1522 748 ac
1556 700 1716 749 verbis
1753 701 2078 764 prudentiam,

322 781 666 841 humilitatem,
712 780 995 844 religionem
1046 782 1335 841 ostenderet,
1375 781 1479 829 dixi
1527 782 1601 830 illi
1648 782 1779 831 inter
1824 783 1921 832 alia
1965 800 2079 832 con·-

322 865 556 928 loquens:
607 869 635 890 “
654 864 879 923 Obsecro,
905 868 1069 912 sancte
1104 864 1272 923 frater,
1296 863 1383 926 qui
1411 865 1473 912 ad
1498 881 1726 913 coronam
1760 868 1810 913 te
1831 866 1946 914 vitae
1972 882 2079 928 quae

324 946 588 996 terminum
612 946 795 996 nesciat
817 946 1014 994 tendere
1038 945 1205 1006 credis,
1232 946 1351 1009 quid
1374 947 1620 995 contrario
1644 951 1744 996 tuae
1769 947 1884 996 fidei
1906 948 2080 997 habitu

323 1030 637 1079 terminatam
661 1029 712 1076 in
736 1028 893 1092 capite
921 1045 1109 1077 coronae
1133 1028 1395 1092 imaginem
1418 1031 1618 1093 portas?
1664 1036 1713 1080 et
1748 1030 1790 1079 si
1813 1030 1944 1079 beati
1967 1046 2080 1080 con-

323 1112 529 1162 sortium
562 1110 700 1159 Petri
737 1110 927 1174 quaeri8‚
953 1127 1040 1159 cur
1074 1113 1176 1174 ejus
1211 1127 1353 1175 quem
1387 1110 1471 1160 ille
1505 1112 1932 1162 anathematizavit
1967 1117 2079 1162 ton-

323 1212 451 1243 surae
470 1194 732 1258 imaginem
754 1193 990 1241 imitaris?
1025 1199 1074 1241 et
1097 1210 1196 1241 non
1212 1193 1375 1257 potius
1399 1196 1501 1256 ejus
1524 1211 1633 1243 cum
1654 1195 1820 1259 quoin
1844 1202 2080 1246 aeternum

323 1277 494 1325 beatus
531 1275 697 1324 vivere
734 1275 872 1338 cupis
910 1274 1062 1324 etiam
1089 1268 1229 1323 'nunc
1266 1275 1489 1324 habitum
1534 1281 1597 1336 te,
1640 1283 1877 1341 quantum
1926 1281 2078 1341 potae,

323 1359 526 1423 diligere
550 1362 791 1407 monstras
808 1359 825 1406 2
841 1357 866 1379 '²
914 1358 1184 1422 Respondit
1208 1358 1314 1408 ille:
1354 1362 1381 1384 “
1397 1358 1532 1408 Scias
1556 1375 1645 1423 pro
1670 1365 1816 1420 certo,
1835 1361 1988 1410 frater
2010 1359 2082 1407 mi

324 1440 513 1500 dilecte,
562 1440 676 1504 quia
723 1441 816 1490 etsi
863 1440 1074 1490 Simonis
1121 1445 1373 1489 tonsuram
1421 1458 1483 1490 ex
1529 1443 1877 1491 consuetudine
1922 1442 2082 1506 patria

322 1523 542 1584 habeam,
579 1523 904 1572 Simoniacam
945 1526 1108 1572 tamen
1145 1522 1398 1586 perfidiam
1436 1527 1541 1572 tota
1578 1528 1741 1573 mente
1778 1525 1990 1574 detestor
2026 1541 2082 1573 ac

323 1622 525 1671 respuo:
573 1605 842 1654 beatissimi
876 1609 1039 1654 autem
1075 1606 1406 1669 apostolorum
1436 1606 1685 1670 principis,
1711 1610 1951 1671 quantum
1974 1622 2081 1654 mea

322 1689 538 1752 parvitas
579 1687 770 1747 sufficit,
807 1687 1016 1751 vestigia
1051 1687 1190 1751 sequi
1225 1685 1487 1737 desidero.''
1557 1688 1628 1737 At
1663 1705 1782 1752 ego:
1835 1693 1861 1716 “
1878 1686 2080 1748 Credo,''

324 1772 539 1836 inquam,
565 1775 594 1798 “
609 1787 722 1820 vere
747 1771 878 1834 quod
902 1770 972 1818 ita
996 1769 1061 1818 sit
1075 1787 1088 1830 3
1126 1770 1210 1819 sed
1232 1774 1397 1819 tamen
1425 1771 1606 1820 indicio
1630 1771 1702 1832 fit,
1728 1772 1859 1835 quod
1883 1788 1940 1820 ea
1971 1788 2080 1835 quae

324 1854 534 1919 apostoli
559 1853 694 1902 Petri
729 1858 856 1914 sunt,
881 1853 934 1900 in
969 1853 1136 1901 abdito
1172 1853 1330 1901 cordis
1364 1853 1729 1916 amplectimini,
1756 1855 1799 1903 si
1834 1871 1942 1919 quae
1977 1855 2081 1918 ejus

324 1954 426 1987 esse
461 1936 613 1986 nostis
647 1936 796 1984 etiam
830 1935 883 1983 in
918 1935 1038 1984 facie
1074 1935 1266 1984 tenetis.
1335 1935 1562 1999 Namque
1598 1937 1909 2000 prudentiam
1943 1942 2081 1985 tuam

324 2019 555 2068 facillime
579 2018 846 2082 dijudicare
869 2035 992 2078 reor,
1018 2018 1148 2082 quod
1171 2018 1333 2082 aptius
1356 2018 1511 2066 multo
1536 2017 1615 2078 sit,
1644 2019 1746 2083 ejus
1771 2036 1915 2083 quem
1939 2019 2080 2068 corde

323 2106 428 2151 toto
475 2101 817 2161 abhominaris,
859 2101 1091 2165 cujusque
1131 2100 1423 2149 horrendam
1463 2100 1634 2149 faciem
1672 2101 1838 2150 videre
1884 2101 2080 2166 refugis,

323 2184 545 2233 habitum
582 2184 748 2233 vultus
793 2200 823 2232 a
859 2188 947 2232 tuo
989 2183 1130 2233 vultu
1169 2183 1275 2232 Deo
1317 2185 1420 2246 jam
1461 2183 1623 2232 dicato
1670 2200 1918 2248 separare;
1967 2188 2018 2232 et
2054 2200 2082 2232 e

324 2272 506 2326 eontra,
535 2266 637 2330 ejus
673 2282 817 2330 quem
851 2266 984 2329 apud
1018 2265 1179 2314 Deum
1214 2265 1394 2314 habere
1428 2271 1693 2329 patronum
1729 2266 1919 2330 quaeris,
1955 2266 2082 2315 sicut

323 2350 450 2398 facta
474 2349 552 2398 vel
574 2349 759 2397 monita
782 2348 919 2412 cupis
951 2349 1102 2412 sequi,
1128 2349 1196 2397 sic
1219 2348 1367 2397 etiam
1391 2365 1576 2397 morem
1602 2348 1799 2398 habitus
1823 2353 1873 2398 te
1897 2348 2082 2397 imitari

323 2431 621 2482 condeceat.''
692 2431 816 2482 Haec
853 2436 971 2481 tunc
1005 2430 1298 2480 Adamnano
1334 2431 1452 2492 dixi,
1487 2432 1574 2496 qui
1609 2431 1807 2495 quidem
1842 2436 2082 2496 quantum

324 2514 591 2579 conspectis
626 2514 933 2563 ecclesiarum
968 2519 1245 2563 nostrarum
1281 2513 1481 2563 statutis
1526 2515 1807 2578 profecisset
1839 2515 2078 2579 probavit,

325 2614 435 2647 cum
457 2613 679 2646 reversus
702 2597 764 2644 ad
789 2596 1025 2646 Scottiam
1050 2597 1231 2646 multas
1265 2601 1433 2661 postea
1468 2596 1629 2660 gentis
1664 2597 1880 2660 ejusdem
1911 2597 2080 2646 turbas

324 2682 389 2730 ad
411 2679 692 2729 catholicam
714 2679 951 2742 temporis
973 2679 1211 2744 paschalis
1234 2665 1590 2730 observantiam
1614 2697 1699 2728 sua
1733 2679 2079 2745 praedicatione

326 2763 560 2812 correxit:
596 2762 793 2810 tametsi
825 2778 905 2811 eos
941 2762 1026 2826 qui
1060 2762 1114 2811 in
1141 2763 1234 2811 Hii
1268 2763 1430 2812 insula
1463 2763 1780 2811 morabantur
1802 2762 2077 2823 monachos,

327 2846 600 2911 quibusque
623 2843 818 2908 speciali
841 2845 1040 2894 rectoris
1059 2846 1171 2910 jure
1195 2851 1416 2909 praeerat,
1435 2846 1640 2895 necdum
1663 2846 1725 2893 ad
1748 2844 1879 2894 viam
1903 2845 2079 2893 statuti

325 2928 540 2978 melioris
579 2927 807 2976 reducere
844 2927 1051 2977 valebat.
1121 2928 1393 2977 Tonsuram
1429 2945 1635 2993 quoque,
1672 2927 1714 2977 si
1750 2933 1946 2978 tantum
1983 2926 2079 2976 sibi

325 3009 628 3061 auctoritatis
661 3010 893 3069 subesset,
918 3011 1173 3059 emendare
1205 3011 1516 3061 meminisset.
1587 3010 1684 3060 sed
1708 3015 1758 3060 et
1782 3015 1921 3059 tuam
1947 3026 2077 3058 nunc

325 3092 650 3158 prudentiam,
675 3108 776 3152 rex,
800 3091 1046 3153 admoneo,
1071 3096 1129 3141 ut
1163 3110 1220 3142 ea
1255 3110 1363 3158 quae
1387 3093 1565 3143 unitati
1598 3093 1842 3143 catholicae
1876 3098 1926 3141 et
1960 3109 2076 3156 apo-

327 3175 507 3224 stolicae
531 3173 739 3225 ecclesiae
763 3173 1036 3235 concinunt,
1050 3192 1148 3223 una
1172 3193 1283 3225 cum
1304 3180 1448 3241 gente
1471 3176 1550 3225 cui
1581 3182 1631 3225 te
1662 3175 1775 3225 Rex
1797 3192 2002 3239 regnum
2026 3181 2076 3223 et

328 3255 571 3308 Dominus
611 3256 917 3307 dominorum
955 3256 1182 3323 praefecit,
1219 3258 1273 3308 in
1307 3258 1531 3310 omnibus
1570 3275 1761 3311 servare
1796 3257 2072 3309 contendas
