2216 3554
983 155 990 174 1

171 248 290 298 CAP.
315 247 466 316 XV11.]
800 247 962 297 Gentis
996 247 1279 311 Angloi'um.
1850 251 1910 296 41

170 395 393 443 hortatur
417 394 680 452 universos,
698 393 852 441 oratio
876 409 972 440 uno
997 409 1077 440 ore
1101 397 1151 440 et
1175 392 1382 440 clamore
1401 392 1742 455 profunditur:
1780 393 1917 442 adest

170 477 415 536 divinitas,
428 478 657 539 fugantur
669 475 869 534 inimici,
882 474 1210 538 tranquillitas
1224 491 1392 523 serena
1406 474 1730 538 subsequitur,
1739 476 1874 523 venti
1890 494 1916 522 e

171 560 412 607 contrario
427 559 488 606 ad
502 557 976 606 itinerisministeria
991 562 1316 616 revertuntur,
1334 557 1642 619 decursisque
1656 557 1790 604 brevi
1808 574 1917 619 spa-

170 641 252 688 tiis
267 641 440 704 pelagi,
449 639 796 703 optati-littoris
814 639 974 702 quiete
989 640 1260 703 potiuntur.
1274 639 1360 687 ”Ibi
1379 640 1666 688 conveniens
1683 656 1742 686 ex
1758 640 1918 687 diver·-

170 724 235 770 sis
249 723 470 786 partibus
485 721 748 769 multitudo
765 721 953 784 excepit
969 722 1249 781 sacerdotes,
1262 739 1381 785 quos
1396 725 1625 769 venturos
1641 721 1786 769 etiam
1794 722 1918 769 vati-

171 806 349 853 cinatio
373 805 573 852 adversa
603 803 910 867 praedixerat.
984 804 1034 851 N
1036 804 1299 852 unciabant
1331 804 1461 851 enim
1499 803 1685 852 sinistri
1714 804 1919 866 spiritus

172 888 298 951 quod
312 887 560 946 timebant,
571 887 874 951 quiximperio
892 886 1190 934 sacerdotum
1209 887 1325 934 dum
1341 887 1401 934 ab
1417 886 1620 934 obsessis
1637 886 1920 949 corporibus

171 970 518 1029 detruduntur,
543 975 591 1017 et
623 970 925 1033 tempestatis
950 970 1168 1017 ordinem
1193 974 1242 1017 et
1272 969 1623 1033 periculaquae
1649 968 1920 1017 intulerant

170 1051 455 1111 fatebantur,
483 1052 730 1115 victosque
755 1069 803 1100 se
828 1035 994 1100 eorum
1017 1051 1207 1100 meritis
1232 1055 1280 1099 et
1313 1051 1518 1114 imperio
1543 1068 1640 1098 non
1665 1042 1918 1113 negabant.

239 1133 432 1181 Interea
467 1122 827 1182 Brittaniarum‘
870 1135 1077 1182 insulam
1123 1134 1375 1197 apostolici
1421 1134 1690 1182 sacerdotes
1737 1133 1926 1196 raptim,

170 1216 407 1279 opinione,
433 1216 789 1278 praedicatione,
813 1216 1079 1265 virtutibus
1103 1217 1430 1280 impleverunt
1452 1233 1462 1264 ε
1502 1216 1574 1264 di-
1644 1257 1729 1291 who
1743 1256 1897 1291 convert

171 1299 408 1361 vinusque
456 1316 542 1362 per
590 1315 671 1347 eos
721 1316 878 1347 sermo
927 1299 1143 1363 quotidie
1179 1316 1277 1346 non
1324 1300 1480 1347 solum
1527 1299 1578 1346 in
1621 1307 1689 1341 the
1712 1306 1845 1363 people
1869 1306 1920 1347 by

171 1381 395 1439 ecclesiis,
431 1398 600 1429 verum
650 1381 796 1429 etiam
830 1399 928 1444 ‚per
961 1381 1119 1440 trivia,
1158 1398 1244 1444 per
1290 1399 1407 1429 rura
1446 1398 1578 1444 vprae-
1667 1357 1855 1391 m1ra01es.

172 1463 450 1522 dicabatur;
509 1463 581 1511 ita
627 1468 684 1511 ut
724 1464 904 1527 passim
942 1471 990 1512 et
1032 1456 1195 1512 fideles
1243 1464 1466 1512 catholici
1503 1463 1829 1522 firmarentur,
1871 1466 1922 1510 et

172 1546 422 1608 depravati
446 1545 575 1593 viam
601 1546 909 1594 correctionis
934 1550 1256 1609 agnoscerent.
1317 1546 1440 1594 Erat
1472 1546 1568 1594 illis
1594 1546 1921 1609 apostolorum

173 1628 339 1688 instar,
376 1635 424 1676 et
457 1629 612 1691 gloria
648 1633 697 1676 et
732 1629 996 1677 auctoritas
1044 1646 1131 1691 per
1177 1628 1534 1687 conscientiam,
1571 1628 1789 1676 doctrina
1836 1645 1923 1692 per

173 1709 373 1769 litteras,
410 1711 616 1759 virtutes
669 1729 729 1759 ex
781 1712 980 1759 meritis.
1052 1710 1225 1774 Itaque
1262 1710 1482 1777 :regionis
1529 1711 1821 1759 universitas
1869 1711 1922 1758 in

172 1809 339 1840 eorum
364 1793 652 1840 sententiam
675 1798 899 1857 prompta
921 1794 1196 1855 transierat.
1267 1793 1509 1842 Latebant
1533 1794 1688 1841 abditi
1712 1794 1921 1863 sinistrae

171 1874 490 1939 persuasionis
514 1882 747 1935 auctores,
774 1882 822 1924 et
855 1893 987 1924 more
1012 1875 1214 1938 maligni
1238 1876 1453 1939 spiritus,
1479 1877 1732 1939 gemebant
1762 1877 1923 1940 perire

171 1957 262 2006 sibi
287 1958 491 2021 populos
523 1959 794 2019 evadentes,
819 1959 879 2006 ad
906 1965 1176 2007 extremum
1198 1958 1441 2007 ‘diuturna
1473 1958 1787 2006 meditatione
1812 1976 1923 2006 con·

172 2046 309 2103 cepta
332 2047 632 2103 praesumunt
655 2041 779 2090 inire
798 2042 1089 2098 conflictum.
1150 2042 1423 2090 Procedunt
1447 2041 1694 2104 conspicui
1720 2040 1924 2099 divitiis,

172 2128 303 2170 veste
321 2123 576 2185 fulgentes,
597 2124 880 2172 circumdati
896 2124 1226 2173 adsentatione
1247 2124 1513 2172 multorum
1533 2141 1542 2172 :
1571 2123 1925 2186 discrimenque

173 2206 447 2254 certaminis
472 2207 634 2255 subire
658 2209 949 2267 maluerunt,
970 2225 1114 2272 quam
1137 2207 1189 2255 in
1213 2208 1392 2271 populo
1418 2224 1560 2270 quem
1585 2207 1926 2254 subverterant

173 2288 404 2350 pudorem
442 2289 789 2338 taciturnitatis
817 2290 1078 2350 incurrere,
1105 2307 1165 2338 ne
1197 2290 1482 2338 viderentur
1515 2307 1564 2337 se
1598 2289 1694 2352 ipsi
1729 2288 1923 2337 silentio

175 2371 486 2420 damnavisse.
557 2372 699 2421 Illic¹
734 2374 877 2436 plane
913 2374 1129 2421 inmensa
1165 2373 1444 2432 multitudo,
1482 2372 1628 2420 etiam
1666 2389 1775 2419 cum
1811 2388 1925 2418 con-

169 2454 369 2516 jugibus
392 2471 447 2502 ac
479 2454 645 2503 liberis
678 2456 835 2504 excita
867 2461 1169 2515 convenerat,
1195 2456 1360 2503 aderat
1391 2455 1599 2518 populus
1633 2458 1925 2517 expectator,

176 2541 226 2583 et
250 2536 443 2583 futurus
462 2538 625 2599 judex,
651 2539 908 2586 adstabant
939 2543 1099 2602 partes
1124 2537 1306 2601 dispari
1338 2537 1612 2585 conditione
1638 2537 1923 2596 dissimiles;

175 2618 290 2666 hinc
324 2618 490 2667 divina
524 2619 655 2679 fides,
680 2620 793 2669 inde
829 2622 1040 2669 humana
1075 2620 1423 2684 praesumptio,
1458 2605 1572 2666 hinc
1608 2619 1778 2682 pietas,
1812 2619 1927 2666 inde

178 2700 430 2762 superbia;
468 2701 580 2749 inde
611 2702 834 2766 Pelagius
869 2709 1048 2762 auctor,
1074 2703 1186 2751 hinc
1223 2702 1461 2751 Christus.
1535 2701 1698 2749 Primo
1735 2701 1787 2748 in
1822 2702 1926 2749 loco

179 2782 442 2830 beatissimi
467 2784 734 2832 sacerdotes
767 2786 1080 2848 praebuerunt
1103 2784 1391 2833 adversariis
1416 2784 1602 2847 copiam
1628 2783 1926 2846 disputandi,

178 2882 285 2928 quae
309 2865 410 2912 sola
434 2859 654 2914 nuditate
690 2867 962 2926 verborum,
989 2868 1074 2915 diu
1107 2867 1316 2915 inaniter
1339 2870 1388 2915 et
1421 2882 1558 2925 aures
1591 2866 1845 2929 occupavit
1878 2872 1926 2913 et

178 2952 398 3010 tempora
420 2964 429 2994 ε
467 2947 640 2995 deinde
672 2949 916 2996 antistites
940 2950 1214 3009 venerandi,
1239 2955 1478 2997 torrentes
1512 2948 1693 3011 eloquii
1718 2947 1791 2995 sui
1817 2963 1925 2993 cum

177 3029 448 3093 apostolicis
496 3034 546 3077 et
590 3031 873 3095 evangelicis
919 3031 1154 3080 imbribus
1201 3032 1580 3095 profuderunt2:
1634 3030 1926 3078 miscebatur

234 3150 247 3173 ¹
266 3152 385 3205 Illic]
406 3153 507 3192 This
533 3153 788 3206 disputation
811 3168 896 3194 was
921 3155 1016 3195 held
1137 3155 1153 3178 ²
1169 3155 1467 3208 profuderunt]
1514 3154 1603 3193 The
1643 3152 1759 3203 place
1787 3150 1924 3189 where

180 3210 225 3246 at
258 3207 476 3254 Verulam,
513 3209 731 3260 according
777 3214 820 3249 to
857 3210 1016 3252 Matth.
1083 3211 1315 3251 Germanus
1345 3209 1586 3261 harangued
1612 3207 1683 3246 the
1715 3206 1861 3256 people
1888 3204 1925 3243 is

180 3261 423 3314 Florilegus,
449 3263 607 3311 though
634 3263 835 3304 Boethius
860 3266 1018 3317 assigns
1082 3267 1167 3306 still
1193 3267 1346 3311 shewn,
1367 3265 1450 3304 and
1478 3278 1503 3302 a
1533 3260 1678 3313 chapel
1708 3259 1925 3299 dedicated

180 3318 216 3358 it
234 3323 279 3357 to
298 3318 483 3358 London.
540 3318 692 3365 Ushen
713 3332 753 3371 p.
778 3317 866 3370 176.
1082 3324 1126 3360 to
1145 3321 1231 3360 him
1251 3319 1288 3360 is
1307 3320 1417 3360 built
1437 3332 1487 3359 on
1511 3318 1583 3356 the
1602 3319 1708 3368 spot.
