2216 3554
323 210 385 257 88
889 211 1116 260 Historia
1151 210 1490 261 Ecclesiastica
1856 209 1991 279 [LIB.
2012 229 2068 262 11.

491 340 573 388 Ad
598 340 848 389 Christum
873 342 1059 405 Anglos
1083 343 1324 391 convertit
1346 343 1527 407 pietate
1550 342 1792 407 magistra,

560 423 838 487 Adquirens
860 423 975 473 fidei
998 426 1192 488 agmina
1214 431 1357 488 gente
1379 441 1514 474 nova.

494 505 591 553 Hic
613 506 762 566 labor,
788 507 878 555 hoc
903 507 1130 566 studium,
1157 507 1260 555 haec
1282 507 1376 556 tibi
1400 524 1527 567 cura,
1550 507 1641 555 hoc
1663 510 1829 570 pastor
1851 508 2036 571 agebas,

562 588 633 636 Ut
656 589 868 637 Domino
892 591 1083 638 offerres
1106 590 1315 653 plurima
1337 590 1470 638 lucra
1492 590 1664 654 gregis.

493 670 684 734 Hisque
710 671 804 719 Dei
828 673 995 720 consul
1018 673 1173 722 factus
1196 674 1359 721 laetare
1383 672 1645 735 triumphis
1666 690 1676 719 :

561 753 692 800 Nam
715 754 983 802 mercedem
1007 770 1206 818 operum
1223 757 1326 817 jam
1349 755 1451 803 sine
1473 755 1570 803 fine
1594 755 1756 803 tenes.'

326 876 428 925 Nec
464 877 656 926 silentio
691 879 1028 940 praetereunda
1058 878 1223 941 opinio
1260 896 1366 942 quae
1399 880 1458 927 de
1488 880 1628 928 beato
1657 879 1892 943 Gregorio
1928 878 2076 927 tradi-

378 980 497 1016 What
519 991 605 1024 sug·
662 960 797 1008 tione
831 962 1065 1022 majorum
1097 961 1159 1007 ad
1186 978 1273 1009 nos
1295 978 1447 1024 usque
1471 963 1660 1024 perlata
1683 967 1755 1010 est
1779 979 1790 1010 :
1828 979 1923 1025 qua
1946 962 2078 1008 vide-

384 1031 604 1114 ξξίζζῖξῃᾞὲ
666 1043 780 1090 licet
803 1060 863 1090 ex
888 1059 1029 1090 causa
1051 1043 1343 1102 admonitus,
1368 1050 1469 1091 tam
1492 1045 1708 1092 sedulam
1732 1061 1848 1107 erga
1872 1045 2078 1092 salutem

401 1128 588 1171 England.
664 1129 842 1172 nostrae
876 1125 1035 1187 gentis
1083 1143 1247 1174 curam
1283 1126 1498 1189 gesserit.
1582 1126 1782 1187 Dicunt,
1837 1127 1950 1190 quia
2001 1126 2078 1173 die

325 1207 533 1270 quadam
569 1223 678 1254 cum
714 1207 1084 1256 advenientibus
1124 1224 1278 1271 nuper
1318 1209 1666 1257 mercatoribus
1702 1210 1857 1257 multa
1892 1209 2080 1256 venalia

324 1290 377 1336 in
402 1290 563 1337 forum
587 1289 796 1336 fuissent
819 1289 1021 1348 conlata,
1046 1291 1286 1353 multique
1303 1291 1365 1338 ad
1382 1292 1637 1339 emendum
1655 1291 2010 1348 confluxissent,
2031 1294 2080 1337 et

322 1373 483 1435 ipsum
504 1371 797 1434 Gregorium
813 1370 943 1418 inter
965 1372 1086 1420 alios
1110 1373 1358 1422 advenisse
1377 1391 1430 1422 ac
1452 1373 1632 1422 vidisse
1649 1374 1777 1422 inter
1795 1374 1890 1422 alia
1906 1390 2079 1437 pueros

322 1454 514 1502 venales
530 1454 546 1480 ¹
580 1453 778 1516 positos,
815 1453 1008 1501 candidi
1044 1455 1272 1518 corporis,
1296 1472 1350 1504 ac
1373 1457 1566 1505 venusti
1589 1457 1773 1517 vultus,
1798 1457 2080 1519 capillorum

323 1553 517 1600 quoque
562 1536 720 1584 forma
760 1537 968 1600 egregia.
1040 1537 1172 1597 Quos
1214 1555 1324 1587 cum
1366 1539 1616 1602 aspiceret,
1657 1538 1988 1603 interrogavit,
2025 1543 2081 1586 ut

322 1615 480 1674 aiunt,
518 1615 578 1662 de
613 1632 710 1678 qua
745 1615 942 1679 regione
977 1616 1054 1664 vel
1090 1621 1222 1664 terra
1256 1622 1416 1666 essent
1450 1618 1614 1666 adlati.
1688 1618 1983 1681 Dictumque
2008 1622 2082 1665 est

323 1698 455 1761 quod
490 1697 550 1745 de
586 1697 831 1745 Brittania
864 1697 1037 1757 insula,
1078 1701 1214 1762 cujus
1260 1700 1431 1749 incolae
1477 1700 1592 1749 talis
1638 1705 1799 1749 essent
1844 1707 2079 1764 aspectus.

322 1779 512 1827 Rursus
534 1779 869 1843 interrogavit,
895 1786 1064 1828 utrum
1086 1780 1235 1829 iidem
1258 1782 1468 1830 insulani
1493 1782 1776 1842 Christiani,
1800 1800 1862 1831 an
1880 1783 2081 1846 paganis

322 1862 481 1910 adhuc
517 1861 764 1910 erroribus
799 1862 959 1910 essent
999 1863 1248 1926 implicati.
1320 1863 1614 1927 Dictumque
1649 1870 1723 1913 est
1758 1865 1887 1928 quod
1923 1871 2082 1914 essent

323 1944 512 2007 pagani.
586 1943 655 1991 At
679 1944 762 1991 ille
785 1944 962 1992 intimo
994 1962 1055 1992 ex
1089 1946 1229 1993 corde
1252 1946 1397 2010 longa
1419 1947 1618 1994 trahens
1642 1948 1849 2011 suspiria
1869 1967 1878 1995 :
1919 1958 1930 1974 ‘
1948 1949 2081 2007 Heu,

323 2026 448 2089 proh
483 2025 618 2073 dolor
638 2029 648 2073 l
665 2026 676 2044 ¹
726 2025 901 2088 inquit,
939 2030 950 2051 ‘
970 2028 1098 2090 quod
1142 2031 1244 2075 tam
1292 2028 1444 2076 lucidi
1483 2030 1649 2078 vultus
1690 2030 1908 2078 homines
1947 2036 2081 2078 tene-

323 2109 520 2156 brarum
539 2110 724 2155 ‘auctor
758 2108 984 2170 possidet,
1019 2113 1251 2171 tantaque
1275 2111 1433 2173 gratia
1459 2111 1752 2191 frontispicii
1785 2117 1997 2160 mentem
2020 2113 2081 2159 ab

322 2191 514 2239 interna
536 2189 693 2253 gratia
715 2206 918 2238 vacuam
940 2195 1099 2253 gestat
1119 2190 1157 2239 l’
1228 2192 1414 2241 Rursus
1450 2210 1564 2257 ergo
1593 2194 1924 2259 interrogavit,
1951 2195 2081 2258 quod

324 2278 449 2322 esset
472 2272 763 2320 vocabulum
783 2274 940 2335 gentis
963 2272 1110 2323 illius.
1195 2275 1497 2339 Responsum
1515 2281 1602 2336 est,
1624 2278 1753 2340 quod
1771 2277 1923 2342 Angli
1942 2294 2080 2325 voca-

324 2359 508 2402 rentur.
602 2353 678 2402 At
725 2354 824 2414 ille,
863 2354 1047 2414 ‘Bene‚'
1083 2356 1276 2419 inquit3
1333 2362 1345 2383 ‘
1362 2375 1474 2406 nam
1515 2364 1566 2407 et
1601 2359 1866 2422 angelicam
1901 2360 2081 2407 habent

326 2437 511 2496 faciem,
536 2443 585 2484 et
607 2437 728 2484 tales
752 2438 1035 2500 angelorum
1059 2438 1111 2485 in
1136 2439 1263 2487 caelis
1287 2441 1424 2488 decet
1459 2457 1561 2490 esse
1585 2441 1853 2490 coheredes.
1939 2443 2082 2503 Quod

325 2520 472 2568 habet
495 2536 670 2567 nomen
694 2520 800 2582 ipsa
823 2520 1070 2581 provincia
1094 2520 1154 2569 de
1189 2538 1285 2585 qua
1318 2523 1402 2571 isti
1430 2528 1544 2572 sunt
1566 2524 1718 2572 adlati
1736 2524 1754 2571 ‘l
1771 2524 1784 2544 '
1869 2525 2083 2588 Respon-

326 2619 432 2650 sum
457 2607 542 2661 est,
570 2602 702 2664 quod
727 2608 738 2628 ‘
757 2602 897 2649 Deiri
912 2603 930 2629 2
944 2603 954 2623 '
979 2610 1267 2652 vocarentur
1289 2604 1438 2653 iidem
1461 2606 1793 2669 provinciales,
1874 2607 1943 2656 At
1966 2608 2048 2655 ille
2070 2626 2080 2654 ε

325 2689 337 2709 ‘
358 2682 517 2743 Bene,’
543 2683 718 2746 inquit,
745 2687 757 2708 ‘
775 2683 926 2743 Deiri‚
953 2685 1014 2732 de
1047 2685 1119 2733 ira
1155 2686 1296 2746 eruti,
1321 2692 1371 2735 et
1402 2688 1465 2735 ad
1495 2687 1872 2736 misericordiam
1897 2689 2081 2738 Christi

383 2823 398 2846 ¹
420 2838 570 2876 pueros
601 2824 779 2876 venales]
810 2825 942 2864 Three
971 2826 1082 2879 boys,
1114 2840 1179 2866 ac-
1234 2841 1343 2868 were
1380 2828 1848 2881 white-complexioned‚
1877 2829 1966 2874 fair,
2000 2831 2083 2870 and

327 2879 499 2931 cording
525 2883 570 2918 to
595 2879 750 2925 Tha-n,
771 2893 811 2930 p.
839 2887 957 2931 1757.
1018 2885 1028 2902 ‘
1044 2881 1178 2921 There
1234 2883 1340 2934 light
1367 2896 1477 2932 men,
1499 2884 1582 2922 and
1601 2884 1707 2924 with
1734 2885 1856 2924 noble
1885 2884 2012 2925 heads
2041 2886 2088 2924 of

328 2934 546 2986 happened
565 2947 620 2973 on
638 2947 663 2972 a
682 2934 839 2973 certain
858 2934 1056 2980 occasion,
1077 2949 1122 2975 as
1141 2937 1176 2975 is
1232 2937 1352 2977 hair.'
1409 2938 1591 2978 Elstob's
1637 2939 1778 2978 Saxon
1816 2939 1991 2992 Homily
2028 2954 2082 2978 on

329 2989 444 3028 often
482 2990 554 3027 the
587 3001 691 3034 case,
725 2988 819 3028 that
855 3001 966 3028 some
997 2990 1172 3042 English
1228 2992 1450 3044 Gregory’s
1476 2993 1684 3046 birthday,
1716 3008 1757 3047 p.
1787 3005 1851 3034 11.
1908 2994 1986 3034 See
2012 3000 2082 3034 too

328 3043 563 3083 merchants
599 3043 779 3095 brought
815 3042 927 3081 their
963 3058 1092 3083 wares
1128 3049 1173 3084 to
1229 3046 1423 3095 Kemble‚
1446 3047 1473 3087 i.
1501 3059 1591 3100 199.

330 3099 488 3147 Bome3
517 3097 601 3137 and
619 3097 845 3149 Gregorius
864 3101 977 3137 went
1003 3098 1060 3150 by
1078 3100 1174 3138 that
1283 3100 1299 3122 ²
1327 3102 1468 3153 Deiri]
1498 3102 1765 3142 Inhabitants
1776 3102 1824 3142 of
1832 3103 1904 3142 the
1920 3103 2079 3142 British

330 3156 460 3192 street
498 3157 543 3192 to
581 3152 653 3192 the
683 3152 953 3205 Englishmen
988 3156 1034 3191 to
1066 3154 1174 3193 view
1230 3155 1358 3202 Deur,
1406 3170 1452 3196 or
1507 3157 1668 3210 Deffyr,
1715 3157 1934 3198 Latinized
1992 3158 2081 3198 into

331 3207 445 3246 their
471 3207 611 3259 goods.
669 3207 803 3246 There
831 3220 916 3246 saw
944 3207 998 3246 he
1025 3220 1176 3259 among
1230 3210 1372 3252 Deira.

329 3262 403 3302 the
421 3275 550 3302 wares
578 3262 711 3303 slaves
738 3265 801 3303 set
821 3261 884 3301 for
902 3261 998 3304 sale.
1057 3262 1175 3316 They
