2216 3554
260 206 354 252 118
832 202 1058 250 Historia
1094 201 1434 250 Ecclesiastica
1788 197 1921 266 [LIB.
1946 214 2005 248 11.

256 335 483 384 continuo
529 351 691 399 regem
731 335 1026 382 ammoneret
1072 334 1265 397 explere
1305 336 1490 392 votum,
1538 332 1669 396 quod
1713 331 1766 380 in
1813 333 2006 381 oraculo

254 417 348 465 sibi
373 417 589 466 exhibito
619 435 668 466 se
693 417 935 465 facturum
958 416 1261 479 promiserat,
1287 416 1329 463 si
1360 414 1592 478 temporis
1623 414 1755 463 illius
1778 415 2010 463 aerumnis

256 506 525 563 exemptus,
550 500 611 547 ad
636 499 772 563 regni
796 498 987 563 fastigia
1010 498 1300 562 perveniret.

328 583 449 630 Erat
483 587 643 631 autem
682 582 930 630 oraculum
967 579 1258 643 hujusmodi.
1345 579 1471 628 Cum
1512 583 1828 642 persequente
1868 578 2009 626 illum

293 704 474 739 Eadwine
488 715 565 739 was
601 664 877 722 AEdilfrido,
927 662 1011 727 qui
1067 670 1180 711 ante
1233 679 1344 710 eum
1391 662 1628 725 regnavit,
1676 677 1765 723 per
1819 660 2010 708 diversa

345 754 519 796 disposed
601 746 816 794 occultus
857 745 959 793 loca
996 745 1072 793 vel
1120 761 1282 807 regna,
1325 744 1478 792 multo
1521 760 1755 791 annorum
1792 746 2011 806 tempore
2055 797 2058 801 ⁴

309 806 559 897 Chtssgssgity
601 829 831 892 profugus
854 827 1143 890 vagaretur¹
1165 843 1179 886 3
1214 827 1411 874 tandem
1434 826 1567 874 venit
1595 826 1657 873 ad
1689 826 2008 882 Redualdum,

298 903 566 987 ῗῑῖνῑῖἰῖέῑέὲοη
603 912 853 958 obsecrans
893 915 950 957 ut
989 908 1143 958 vitam
1185 925 1320 956 suam
1357 925 1385 955 a
1419 908 1546 956 tanti
1587 907 1904 972 persecutoris
1938 907 2010 954 in-

346 1001 422 1036 had
436 1012 524 1037 seen
602 991 739 1042 sidiis
762 991 966 1039 tutando
991 996 1234 1039 servaret:
1273 990 1358 1053 qui
1388 991 1593 1039 libenter
1617 1008 1727 1038 eum
1751 989 2010 1053 excipiens,

367 1052 503 1087 before.
603 1072 828 1136 promisit
873 1088 924 1125 se
971 1089 1079 1136 quae
1124 1071 1381 1135 petebatur
1395 1073 1427 1131 ²,
1469 1089 1570 1121 esse
1614 1073 1870 1121 facturum.
1942 1071 2013 1119 At

264 1159 520 1219 postquam
551 1155 783 1203 AEdilfrid
818 1154 870 1201 in
904 1154 995 1202 hac
1029 1171 1141 1202 eum
1182 1154 1430 1217 provincia
1465 1155 1756 1217 apparuisse,
1793 1158 1842 1202 et
1882 1154 2012 1217 apud

264 1254 426 1302 regem
474 1238 606 1285 illius
652 1236 959 1285 familiariter
1006 1254 1115 1284 cum
1161 1237 1301 1285 sociis
1346 1237 1565 1285 habitare
1606 1238 1842 1299 cognovit,
1880 1236 2013 1284 misit

266 1320 478 1379 nuncios,
506 1320 589 1383 qui
614 1319 861 1367 Redualdo
885 1319 1136 1382 pecuniam
1155 1320 1356 1367 multam
1381 1337 1468 1382 pro
1492 1336 1606 1368 nece
1630 1322 1732 1382 ejus
1755 1319 1981 1367 offerrent
2001 1336 2011 1365 :

265 1419 418 1465 neque
443 1402 625 1465 aliquid
649 1401 870 1465 profecit.
923 1400 1062 1448 Misit
1086 1401 1308 1460 secundo,
1333 1401 1466 1450 misit
1491 1402 1651 1461 tertio,
1678 1406 1726 1450 et
1749 1401 2014 1465 copiosiora

264 1484 455 1546 argenti
491 1485 616 1532 dona
657 1483 873 1542 offerens,
913 1489 961 1531 et
997 1483 1178 1531 bellum
1214 1483 1410 1547 insuper
1445 1484 1516 1531 illi
1552 1485 1593 1532 si
1629 1490 2015 1533 contemneretur

265 1566 494 1615 indicens.
567 1566 666 1628 Qui
689 1566 765 1614 vel
790 1565 937 1614 minis
961 1566 1158 1624 fractus,
1176 1566 1254 1614 vel
1279 1572 1534 1630 corruptus
1559 1568 1853 1627 muneribus,
1874 1566 2015 1615 cessit

266 1649 556 1712 deprecanti,
583 1654 631 1697 et
664 1649 765 1697 sive
789 1648 1003 1696 occidere
1032 1665 1081 1696 se
1113 1649 1396 1707 AEduinum‚
1422 1666 1506 1697 seu
1543 1649 1790 1713 legatariis
1824 1649 2014 1697 tradere

266 1731 501 1793 promisit.
573 1732 715 1792 Quod
750 1731 835 1779 ubi
867 1731 1127 1780 fidissimus
1166 1732 1364 1795 quidam
1402 1732 1584 1780 amicus
1624 1733 1758 1780 illius
1797 1731 2012 1780 animad-

266 1814 427 1873 vertit,
465 1814 668 1862 intravit
710 1814 983 1862 cubiculum
1021 1831 1114 1878 quo
1156 1815 1365 1863 dormire
1407 1815 1704 1878 disponebat,
1742 1819 1846 1863 erat
1885 1815 2014 1863 enim

266 1896 425 1959 prima
460 1896 580 1943 hora
615 1897 784 1954 noctis,
811 1901 860 1944 et
892 1901 1141 1945 evocatum
1173 1897 1314 1955 foras,
1341 1897 1457 1961 quid
1483 1914 1597 1961 erga
1626 1914 1735 1945 eum
1764 1914 1903 1960 agere
1927 1914 2014 1944 rex

267 1978 579 2040 promisisset,
605 1978 808 2036 edocuit,
834 1985 882 2026 et
917 1979 1116 2042 insuper
1150 1980 1355 2043 adjecit:
1395 1980 1479 2030 ‘Si
1514 1997 1628 2044 ergo
1663 1980 1749 2039 vis,
1787 1980 1874 2028 hac
1910 1979 2015 2043 ipsa

269 2061 387 2108 hora
428 2061 626 2108 educam
666 2067 715 2108 te
754 2061 813 2108 de
853 2061 943 2110 hac
980 2061 1241 2124 provincia,
1286 2069 1334 2110 et
1373 2080 1428 2111 ea
1466 2063 1517 2110 in
1554 2063 1657 2110 loca
1695 2062 2013 2120 introducam,

269 2142 353 2190 ubi
393 2159 642 2206 nunquam
683 2148 732 2191 te
768 2143 843 2191 vel
883 2143 1106 2192 Reduald
1141 2144 1219 2192 vel
1260 2145 1498 2192 AEdilfrid
1543 2144 1760 2193 invenire
1794 2144 2014 2192 valeant.’

272 2225 369 2286 Qui
418 2225 517 2272 ait:
569 2211 788 2273 ‘Gratias
824 2225 1019 2289 quidem
1054 2242 1143 2288 ago
1178 2227 1522 2275 benevolentiae
1560 2232 1684 2286 tuae;
1722 2245 1820 2275 non
1854 2233 2015 2275 tamen

268 2308 359 2354 hoc
394 2307 549 2354 facere
583 2324 779 2370 possum
815 2308 942 2371 quod
979 2308 1209 2371 suggeris,
1247 2314 1303 2357 ut
1338 2314 1534 2373 pactum
1570 2309 1698 2373 quod
1733 2327 1840 2357 cum
1877 2314 2015 2357 tanto

271 2405 381 2451 rege
416 2388 519 2447 inii,
555 2388 657 2452 ipse
692 2390 877 2452 primus
915 2390 1111 2438 irritum
1146 2391 1332 2451 faciam,
1370 2409 1479 2440 cum
1520 2392 1602 2440 ille
1642 2391 1763 2439 mihi
1798 2392 1866 2438 nil
1903 2391 2016 2439 mali

270 2471 453 2530 fecerit,
479 2471 547 2517 nil
571 2471 726 2519 adhuc
750 2471 1117 2527 inimicitiarum
1143 2474 1381 2523 intulerit.
1453 2474 1583 2535 Quin
1607 2475 1780 2538 potius,
1807 2475 1849 2522 si
1874 2475 2016 2522 mori-

273 2559 409 2600 turus
445 2569 563 2611 sum,
589 2552 671 2601 ille
706 2571 781 2602 me
816 2554 969 2617 magis
1005 2572 1149 2618 quam
1185 2555 1442 2619 ignobilior
1466 2556 1721 2620 quisquam
1755 2573 1833 2604 me
1867 2556 2017 2604 morti

273 2635 444 2682 tradat.
516 2634 624 2695 Quo
649 2635 778 2683 enim
810 2654 937 2685 nunc
969 2637 1165 2701 fugiam,
1193 2638 1278 2701 qui
1308 2655 1395 2702 per
1426 2655 1589 2687 omnes
1623 2638 1881 2687 Brittaniae
1905 2656 2015 2702 pro-

277 2716 466 2775 vincias,
492 2720 568 2764 tot
592 2718 856 2765 annorum⁸
879 2723 1247 2782 temporumque
1271 2719 1526 2768 curriculis
1554 2720 1882 2784 vagabundus,
1907 2720 2015 2768 hos-

273 2798 398 2847 tium
416 2798 629 2846 vitabam
652 2798 851 2847 insidias
868 2800 904 2846 2’
970 2798 1196 2848 Abeunte
1214 2800 1368 2864 igitur
1385 2801 1536 2849 amico
1560 2802 1792 2850 remansit
1810 2801 2015 2850 AEduini

331 2935 344 2958 ¹
366 2935 568 2987 profuyus
599 2935 833 2988 vayaretur]
864 2937 952 2975 The
985 2935 1117 2976 battle
1173 2951 1242 2990 qy.
1268 2937 1568 2990 ‘petebantur.’

274 2991 319 3030 of
351 2991 534 3037 Chester,
573 3001 614 3031 A.
625 3002 669 3031 D.
710 2991 802 3040 613,
841 3005 925 3030 was
970 2992 1118 3043 fought
1227 2994 1243 3017 ³
1271 2999 1325 3033 tot
1345 2993 1563 3046 annorum]
1583 2994 1704 3033 More
1717 2993 1819 3033 than
1838 2997 2017 3046 twenty-

275 3046 321 3084 in
349 3046 412 3085 his
431 3045 573 3085 behalf
588 3046 644 3097 by
664 3045 734 3084 the
762 3045 884 3098 kings
912 3046 958 3084 of
979 3046 1118 3085 North
1172 3047 1254 3086 five
1282 3061 1410 3100 years.
1468 3049 1551 3088 For
1568 3049 1621 3087 he
1641 3061 1725 3087 was
1745 3049 1846 3088 born
1865 3048 1908 3086 in
1928 3058 2015 3087 AD.

276 3101 432 3146 XVales,
465 3099 572 3140 after
600 3100 735 3139 which
771 3100 825 3139 he
862 3105 974 3139 must
1010 3101 1118 3140 have
1175 3103 1252 3153 585
1284 3107 1338 3154 (p.
1372 3102 1481 3154 136),
1509 3103 1592 3143 and
1619 3103 1744 3152 AElle,
1774 3103 1838 3142 his
1865 3102 2016 3149 father,

274 3155 357 3194 fied
394 3159 439 3193 at
476 3168 576 3194 once
612 3159 655 3194 to
691 3155 904 3204 Redwald,
940 3155 1042 3207 king
1078 3155 1125 3195 of
1175 3156 1270 3196 died
1302 3158 1346 3196 in
1374 3168 1458 3198 A.D.
1492 3158 1584 3210 588.
1640 3157 1742 3198 This
1773 3156 1874 3196 took
1901 3157 2016 3210 place

276 3211 348 3249 the
370 3209 663 3260 East-Angles.
1173 3211 1361 3252 between
1381 3223 1466 3254 A.D.
1487 3213 1563 3263 613
1586 3212 1668 3254 and
1686 3222 1771 3254 ΑΒ.
1793 3210 1884 3265 617.

330 3263 344 3285 ²
366 3264 597 3316 petebatur]
619 3263 708 3305 ‘He
723 3277 805 3304 was
824 3262 978 3304 asked.'
1033 3264 1120 3304 But
