2216 3554
295 158 391 204 334
841 153 1068 202 Historia
1103 153 1440 202 Ecclesiastica
1839 149 1970 219 [Lm.
1987 167 2035 200 v.

293 286 491 344 nissent,
530 284 712 332 Vilfrid
747 303 775 333 a
811 286 1004 335 Dalfino
1022 286 1036 312 ¹
1075 285 1288 335 civitatis
1326 286 1550 349 episcopo
1587 284 1659 333 ibi
1696 289 1912 333 retentus
1950 290 2036 342 est,

373 411 456 438 AD·
477 405 549 445 ⁶53·
638 367 929 417 Benedictus
981 376 1195 432 coeptum
1240 369 1334 417 iter
1383 369 1572 418 naviter
1632 368 1842 416 Romam
1887 384 2040 431 usque

365 453 561 544 sofisssggssh
633 451 901 515 complevit.
989 451 1336 500 Delectabatur
1371 450 1500 499 enim
1541 450 1743 499 antistes
1779 449 2039 514 prudentia

386 551 553 592 through
637 534 894 582 verborum
923 535 1127 597 juvenis,
1164 535 1320 598 gratia
1354 534 1547 582 venusti
1582 533 1760 592 vultus,
1794 532 2043 580 alacritate

408 601 535 644 L5⁰¹¹⁸
639 616 858 676 actionis,
895 621 946 665 et
985 617 1254 665 constantia
1294 634 1347 665 ac
1389 616 1674 664 maturitate
1709 614 2040 678 cogitationis:

296 698 425 747 unde
449 702 499 746 et
527 698 690 746 omnia
722 687 844 762 quae'
861 716 1049 748 necesse
1078 700 1297 757 habebat,
1323 700 1627 747 abundanter
1650 698 1744 762 ipsi
1768 715 1876 746 cum
1902 697 2044 746 sociis

297 781 411 841 suis,
427 781 658 844 quamdiu
674 798 837 829 secum
852 786 1002 840 erant,
1020 782 1232 830 donabat
1248 799 1259 830 t
1286 788 1335 830 et
1349 782 1546 846 insuper
1560 781 1803 841 offerebat,
1819 785 1876 828 ut
1890 780 1931 828 si
1946 781 2044 828 vel-

297 863 378 923 let,
404 873 591 926 partem
619 864 885 912 Galliarum
911 881 1009 911 non
1039 864 1291 912 minimam
1318 864 1394 911 illi
1423 865 1680 927 regendam
1706 864 2043 919 committeret,

297 963 353 995 ac
383 946 534 995 filiam
557 946 721 994 fratris
753 946 830 994 sui
861 946 1102 1009 virginem
1135 946 1208 993 illi
1246 946 1494 1009 conjugem
1526 947 1677 1006 daret,
1704 963 1908 1009 eumque
1940 946 2046 1008 ipso

299 1029 402 1077 loco
448 1028 668 1091 adoptivi
715 1045 902 1092 semper
938 1029 1150 1077 haberet.
1235 1028 1305 1077 At
1342 1029 1425 1077 ille
1464 1029 1647 1092 gratias
1687 1045 1834 1092 agens
1875 1029 2047 1091 pietati

261 1145 282 1157 ,μ
300 1129 445 1175 quam
469 1128 583 1175 erga
607 1128 730 1170 eum,
752 1129 860 1159 cum
884 1115 1009 1159 esset
1033 1111 1330 1175 peregrinus,
1345 1111 1520 1160 habere
1539 1113 1835 1175 dignaretur,
1852 1129 2047 1175 respon-

299 1194 374 1242 dit
408 1193 712 1257 propositum
749 1210 798 1242 se
833 1193 987 1256 magis
1027 1193 1226 1242 alterius
1262 1193 1641 1242 conversationis
1679 1194 1867 1253 habere,
1904 1198 2048 1259 atque

299 1276 407 1324 ideo
431 1275 588 1338 patria
612 1275 780 1323 relicta
803 1275 1013 1323 Romam
1038 1275 1133 1323 iter
1155 1292 1298 1339 agere
1323 1276 1529 1339 coepisse.

369 1357 558 1418 Quibus
582 1357 774 1415 auditis,
801 1358 1000 1406 antistes
1024 1357 1160 1406 misit
1183 1375 1293 1406 eum
1318 1360 1536 1417 Romam,
1562 1360 1676 1408 dato
1700 1359 1818 1407 duce
1842 1358 2049 1416 itineris,

383 1467 560 1501 toRome
645 1448 694 1489 et
734 1441 920 1489 cunctis
953 1441 1096 1489 simul
1132 1459 1240 1505 quae
1278 1442 1535 1490 necessitas
1576 1443 1800 1505 poscebat
1844 1441 2048 1499 itineriS‚

369 1519 466 1557 [Α’Β·
484 1518 576 1558 ⁶⁵4]·
645 1524 846 1587 largiter
880 1525 1289 1585 subministratis3
1329 1526 1579 1573 obsecrans
1619 1524 1800 1583 sedulo,
1840 1528 1899 1572 ut
1939 1540 2050 1572 cum

301 1608 512 1672 patriam
544 1612 879 1666 reverteretur,
913 1625 1000 1670 per
1031 1624 1081 1656 se
1112 1608 1208 1656 iter
1234 1608 1390 1656 facere
1427 1607 1739 1656 meminisset.
1809 1606 2018 1655 Veniens
2033 1607 2051 1635 ²

301 1708 417 1739 vero
458 1690 678 1748 Romam,
714 1694 765 1737 et
799 1690 1101 1738 orationibus
1136 1707 1191 1739 ac
1226 1690 1533 1740 meditationi
1568 1707 1729 1738 rerum
1767 1688 2050 1738 ecclesiasti—

302 1789 481 1829 carum,
511 1777 568 1821 ut
603 1772 766 1820 animo
799 1779 1128 1837 proposuerat,
1165 1773 1445 1837 quotidiana
1476 1773 1775 1836 mancipatus
1802 1771 2050 1830 instantia,

302 1854 526 1919 pervenit
560 1855 622 1902 ad
657 1855 919 1903 amicitiam
955 1855 1050 1903 viri
1086 1855 1351 1903 doctissimi
1387 1872 1442 1903 ac
1478 1854 1781 1913 sanctissimi,
1819 1853 2051 1902 Bonifatii

303 1937 527 1985 videlicet
550 1937 887 1994 archidiaconi,
905 1938 990 2001 qui
1009 1937 1155 1986 etiam
1176 1937 1476 1986 consiliarius
1495 1941 1599 1986 erat
1616 1937 1866 2001 apostolici
1884 1952 2049 1999 papae3

303 2020 439 2083 cujus
475 2019 752 2082 magisterio
777 2026 986 2084 quatuor
1011 2020 1385 2084 Evangeliorum
1409 2021 1559 2068 libros
1591 2037 1650 2068 ex
1666 2019 1842 2068 ordine
1866 2019 2050 2077 didicit,

303 2109 584 2166 computum
618 2103 807 2165 paschae
848 2103 1201 2160 rationabilem,
1241 2110 1291 2153 et
1329 2103 1423 2152 alia
1461 2104 1615 2151 multa
1654 2120 1762 2166 quae
1805 2102 1857 2149 in
1895 2101 2054 2164 patria

304 2185 589 2247 nequiverat
613 2186 946 2233 ecclesiasticis
971 2187 1241 2250 disciplinis
1274 2187 1593 2246 accommoda,
1619 2187 1787 2234 eodem
1818 2184 2053 2248 magistro

304 2268 527 2316 tradente
549 2269 766 2332 percepit
780 2286 792 2329 ;
830 2274 880 2317 et
912 2286 1021 2318 cum
1055 2287 1240 2318 menses
1275 2271 1461 2334 aliquot
1492 2270 1561 2317 ibi
1594 2269 1769 2317 studiis
1793 2275 2055 2330 occupatus

361 2389 531 2425 Returns
546 2391 586 2426 to
648 2351 867 2399 felicibus
902 2354 1152 2415 exegisset,
1182 2353 1327 2401 rediit
1362 2353 1423 2400 ad
1459 2351 1707 2400 Dalfinum
1738 2351 1792 2398 in
1827 2350 2054 2409 Galliam,

364 2490 372 2497 ,
420 2440 547 2482 hyons
650 2440 699 2484 et
728 2440 827 2484 tres
859 2454 1010 2485 annos
1037 2438 1167 2500 apud
1199 2454 1312 2485 eum
1336 2438 1659 2485 commoratus
1674 2435 1705 2493 ³,
1730 2438 1951 2483 attonsus
1982 2440 2055 2482 est

324 2491 632 2531 [exrc..4.n.655]‚
650 2519 710 2567 ab
745 2536 815 2580 eo,
845 2524 894 2569 et
928 2520 980 2568 in
1015 2524 1153 2569 tanto
1188 2519 1382 2567 habitus
1417 2535 1592 2578 amore,
1620 2521 1678 2565 ut
1708 2517 1932 2565 heredem
1965 2516 2057 2565 sibi

306 2599 443 2648 illum
469 2601 623 2649 facere
640 2601 918 2665 cogitasset.
990 2602 1084 2650 Sed
1110 2619 1170 2649 ne
1201 2601 1290 2649 hoc
1313 2600 1417 2648 fieri
1448 2604 1623 2663 posset,
1650 2599 1850 2647 antistes
1874 2597 2056 2646 crudeli

307 2689 463 2730 morte
480 2690 750 2747 praereptus
775 2689 862 2743 est,
885 2689 933 2733 et
952 2685 1132 2732 Vilfrid
1150 2685 1210 2732 ad
1236 2701 1334 2732 suae
1358 2684 1535 2747 potiuS,
1555 2682 1645 2730 hoc
1669 2687 1756 2739 est,
1782 2680 2056 2744 Anglorum

307 2765 468 2829 gentis
521 2765 852 2828 episcopatum
903 2772 1187 2815 reservatus.
1282 2766 1506 2829 Namque
1567 2764 1830 2812 Baldhild‘*
1875 2763 2055 2827 regina,

366 2890 378 2913 ¹
407 2888 595 2943 Dalfino]
635 2889 809 2938 Haedde‚
851 2905 888 2939 4.
945 2890 1079 2930 There
1121 2891 1157 2931 is
1267 2891 1282 2914 ⁸
1310 2890 1596 2941 commoratus]
1619 2889 1792 2938 Haedde,
1814 2888 1853 2928 6.

310 2958 364 2983 no
391 2944 539 2996 bishop
573 2944 619 2983 of
642 2945 783 2996 Lyons
815 2944 862 2983 of
888 2945 971 2984 this
1005 2960 1154 2986 name:
1266 2945 1282 2968 ⁴
1300 2945 1525 2995 Baldhild]
1545 2945 1635 2983 The
1654 2944 1852 2984 Bathilde
1867 2943 1961 2982 who
1973 2954 2057 2981 was

309 2999 387 3038 but
407 2999 727 3046 Annemundus,
746 2999 819 3038 the
841 3000 927 3039 real
947 3001 1091 3053 bishop
1112 3006 1157 3040 at
1212 3001 1286 3040 the
1314 3001 1528 3040 foundress
1556 3000 1603 3039 of
1620 2999 1793 3047 chelles,
1817 3011 1882 3037 see
1901 3012 1942 3050 p.
1968 3008 2055 3048 155.

309 3054 395 3092 this
442 3055 556 3103 time,
596 3067 726 3093 seems
772 3059 816 3092 to
862 3054 969 3093 have
1008 3056 1091 3094 had
1135 3070 1159 3095 a
1215 3056 1350 3096 Smith
1383 3055 1587 3094 therefore
1616 3054 1759 3093 thinks
1798 3053 1914 3092 there
1946 3054 2058 3090 must

309 3108 479 3148 brother
497 3109 630 3148 called
649 3108 850 3149 Dalfinus.
897 3109 938 3148 S.
995 3110 1157 3152 Mabill.
1214 3111 1266 3150 be
1294 3124 1404 3150 some
1431 3110 1633 3156 mistake3
1671 3110 1749 3148 but
1777 3121 1843 3148 see
1862 3103 2058 3146 Haedde’s

311 3164 424 3202 Anu.
448 3163 631 3205 Benedd.
652 3164 734 3203 xiv,
759 3175 830 3214 ²53
859 3163 938 3202 vol.
954 3164 981 3202 i.
1000 3177 1037 3215 p.
1064 3176 1155 3215 425-
1211 3165 1424 3204 character
1451 3165 1497 3203 of
1519 3165 1604 3211 her,
1628 3162 1653 3202 6
1724 3163 1806 3202 She
1833 3175 1926 3213 may
1950 3161 2057 3199 have

313 3240 323 3244 *
366 3216 382 3240 ²
410 3218 579 3259 Veniens
608 3250 618 3260 .
642 3251 651 3259 .
675 3250 684 3259 .
706 3218 894 3273 Romam]
922 3219 1094 3268 Haedde,
1118 3232 1155 3272 5.
1211 3221 1316 3260 been
1333 3220 1566 3259 influenced
1581 3220 1635 3271 by
1651 3219 1819 3264 Ebroin,
1835 3217 1908 3256 the
1925 3215 2058 3255 maire
