2216 3554
135 155 255 205 CAP.
274 151 463 222 xxxa]
761 153 922 202 Gentis
955 151 995 199 A
1005 152 1244 214 nylorum.
1818 157 1844 201 7
1852 157 1879 201 7

134 286 251 349 pisti
275 287 508 334 divinitus
531 283 750 348 gratiam,
767 283 956 331 solicita
979 287 1138 330 mente
1163 282 1365 340 custodi,
1383 281 1710 330 Christianam
1736 283 1879 331 fidem

134 368 188 415 in
212 369 403 432 populis
425 368 516 416 tibi
542 366 747 415 subditis
771 365 1028 413 extendere
1059 364 1247 423 festina,
1274 364 1430 411 zelum
1454 364 1759 412 rectitudinis
1784 372 1881 414 tuae

134 451 187 499 in
233 468 400 498 eorum
446 448 754 499 conversione
800 446 1085 510 multiplica,
1127 446 1364 494 idolorum
1412 446 1568 494 cultus
1615 446 1880 509 insequere,

133 534 358 581 fanorum
403 531 607 580 aedificia
651 535 813 578 everte
829 530 859 588 ¹,
903 529 1206 577 subditorum
1254 544 1412 575 mores
1459 531 1510 575 et
1556 545 1731 591 magna
1768 528 1883 576 vitae

135 615 391 674 munditia,
416 612 729 670 exhortando,
764 611 1005 668 terrendo,
1030 610 1336 669 blandiendo,
1361 609 1660 672 corrigendo,
1686 615 1736 657 et
1768 610 1883 658 boni

134 698 291 760 operis
314 697 531 759 exempla
555 693 866 743 monstrando
892 692 1103 740 aedifica:
1140 682 1360 740 ut'illum
1384 692 1728 740 retributorem
1751 692 1883 740 inve-

134 780 238 828 nias
263 780 313 827 in
337 780 462 838 caelo,
488 777 624 840 cujus
648 793 822 824 nomen
846 782 992 838 atque
1017 774 1338 838 cognitionem
1363 775 1641 823 dilataveris
1665 775 1717 822 in
1741 781 1882 824 terra.

134 861 248 930 1pse
273 861 400 909 enim
423 866 595 909 vestrae
620 876 810 923 quoque
835 858 1001 920 gloriae
1026 875 1201 905 nomen
1231 856 1377 905 etiam
1401 859 1605 921 posteris
1629 858 1885 921 gloriosius

133 945 315 1003 reddet,
341 945 476 1006 cujus
498 959 584 991 vos
607 942 838 989 honorem
863 940 1083 1004 quaeritis
1108 947 1157 988 et
1181 940 1385 989 servatis
1409 941 1460 987 in
1485 941 1723 1003 gentibus.

204 1031 216 1052 ‘
234 1026 314 1074 Sic
337 1025 516 1074 etenim
540 1024 889 1073 Constantinus
923 1023 1167 1086 quondam
1202 1022 1450 1086 piissimus
1483 1023 1760 1085 imperator,
1789 1023 1884 1070 Ro-

133 1124 326 1157 manam
368 1108 714 1170 rempublicam
756 1125 785 1155 a
819 1106 1055 1170 perversis
1096 1105 1346 1154 idolorum,
1382 1105 1594 1153 cultibus
1640 1123 1885 1162 revocans,

133 1191 452 1254 omnipotenti
488 1191 591 1238 Deo
628 1189 838 1238 Domino
874 1195 1038 1237 nostro
1072 1188 1104 1236 J
1108 1206 1190 1236 esu
1226 1188 1423 1237 Christo
1454 1205 1616 1236 secum
1648 1187 1885 1246 subdidit,

134 1290 278 1336 seque
301 1290 410 1321 cum
434 1272 661 1335 subjectis
684 1271 879 1336 populis
903 1276 1015 1320 tota,
1030 1272 1093 1319 ad
1111 1288 1222 1319 eum
1241 1277 1404 1319 mente
1423 1270 1678 1319 convertit.
1740 1271 1886 1319 Unde

134 1356 316 1404 factum
335 1362 407 1404 est
430 1360 486 1403 ut
509 1356 819 1420 antiquorum
842 1355 1119 1418 principum
1143 1371 1323 1402 nomen
1347 1353 1447 1402 suis
1465 1353 1543 1402 vir
1557 1354 1640 1401 ille
1664 1353 1887 1401 laudibus

136 1438 363 1497 vinceret,
398 1444 447 1486 et
487 1443 624 1486 tanto
666 1437 717 1484 in
755 1437 981 1500 opinione
1017 1452 1327 1500 praecessores
1369 1452 1493 1494 suos,
1533 1440 1715 1499 quanto
1752 1440 1802 1483 et
1836 1435 1887 1483 in

136 1522 263 1569 bono
287 1538 428 1584 opere
452 1525 715 1583 superaret.
769 1520 838 1568 Et
862 1536 990 1567 nunc
1012 1519 1178 1582 itaque
1202 1522 1363 1567 vestra
1386 1518 1541 1580 gloria
1564 1518 1888 1582 cognitionem

136 1603 281 1651 unius
305 1603 416 1662 Dei,
442 1603 614 1662 Patris,
639 1608 689 1651 et
713 1602 841 1662 Filii,
868 1608 918 1650 et
951 1602 1160 1665 Spiritus
1192 1602 1362 1660 sancti,
1387 1601 1581 1665 regibus
1615 1618 1669 1649 ac
1697 1600 1890 1664 populis

136 1686 335 1735 sibimet.
353 1686 579 1748 subjectis
603 1686 799 1734 festinet
822 1685 1095 1743 infundere,
1121 1689 1170 1732 et
1198 1684 1421 1747 antiquos
1446 1684 1604 1747 gentis
1629 1700 1728 1731 suae
1752 1699 1890 1746 reges

135 1769 361 1816 laudibus
394 1785 449 1816 ac
484 1769 672 1816 meritis
706 1773 937 1826 transeat,
969 1773 1017 1815 et
1053 1770 1234 1830 quanto
1266 1766 1316 1813 in
1350 1765 1578 1829 subjectis
1609 1766 1708 1814 suis
1743 1766 1890 1814 etiam

134 1851 292 1899 aliena
326 1840 520 1913 peccata
553 1850 822 1908 deterserit,
847 1855 984 1898 tanto
1018 1849 1166 1898 etiam
1200 1849 1260 1896 de
1295 1848 1502 1912 peccatis
1538 1848 1745 1912 propriis
1777 1854 1891 1896 ante

136 1933 483 1996 omnipotentis
509 1934 601 1982 Dei
625 1933 842 1982 terribile
867 1949 1068 1980 examen
1093 1932 1308 1980 securior
1328 1915 1430 1980 fiat.

207 2021 218 2041 ‘
234 2016 666 2064 Reverentissimus
698 2017 852 2064 frater
875 2019 1042 2063 noster
1065 2014 1380 2078 Augustinus
1409 2014 1675 2077 episcopus,
1701 2014 1751 2060 in
1787 2030 1890 2061 mo-

137 2099 338 2147 nasterii
361 2099 529 2162 regula
552 2099 766 2158 edoctus,
792 2115 938 2147 sacrae
972 2097 1236 2161 Scripturas
1270 2096 1472 2146 scientia
1500 2097 1726 2160 repletus,
1753 2095 1893 2143 bonis

137 2187 332 2231 auctore
369 2182 472 2230 Deo
509 2182 733 2244 operibus
769 2181 1018 2245 praedituS‚
1056 2197 1256 2244 quaeque
1291 2197 1378 2228 vos
1412 2185 1670 2239 ammonet,
1713 2178 1891 2237 audite,

139 2264 311 2313 devote
334 2265 563 2328 peragite,
589 2265 801 2313 studiose
825 2265 876 2312 in
903 2262 1135 2312 memoria
1157 2266 1397 2311 reservate
1419 2280 1430 2310 ε
1468 2262 1582 2326 quia
1607 2262 1648 2310 si
1671 2279 1757 2310 vos
1782 2278 1892 2309 eum

139 2347 190 2395 in
232 2363 288 2394 eo
330 2347 459 2410 quod
494 2364 580 2410 pro
617 2347 949 2411 omnipotente
986 2346 1197 2394 Domino
1238 2345 1470 2408 loquitur,
1507 2345 1702 2403 auditis,
1739 2345 1893 2392 isdem

140 2429 442 2492 omnipotens
462 2430 596 2477 Deus
618 2430 748 2478 hunc
772 2447 859 2493 pro
879 2429 1017 2477 vobis
1037 2433 1317 2477 exorantem
1343 2427 1543 2476 celerius
1567 2427 1779 2476 exaudit.
1841 2426 1894 2475 Si

139 2513 281 2572 enim,
298 2512 428 2575 quod
453 2512 594 2572 absit,
612 2513 760 2560 verba
783 2513 884 2576 ejus
908 2511 1215 2575 postponitis,
1233 2510 1428 2574 quando
1454 2527 1564 2558 eum
1588 2510 1895 2573 omnipotens

140 2593 275 2642 Deus
311 2594 492 2657 poterit
527 2594 694 2642 audire
728 2611 820 2657 pro
848 2593 998 2651 vobis,
1031 2610 1175 2657 quem
1198 2609 1282 2641 vos
1317 2591 1566 2654 negligitis
1602 2591 1770 2640 audire
1806 2608 1894 2655 pro

142 2676 279 2725 Deoz
350 2676 475 2723 Tota
509 2675 662 2738 igitur
685 2680 845 2724 mente
883 2693 992 2724 cum
1021 2692 1076 2724 eo
1100 2692 1185 2723 vos
1215 2674 1267 2723 in
1297 2675 1485 2723 fervore
1508 2674 1623 2722 fidei
1652 2674 1893 2738 stringite,

141 2765 288 2822 atque
323 2758 547 2805 adnisum
581 2758 713 2806 illius
736 2758 920 2807 virtute
956 2775 1102 2821 quam
1133 2757 1272 2806 vobis
1306 2757 1552 2804 Divinitas
1587 2756 1775 2816 tribuit,
1810 2755 1892 2803 ad-

137 2844 318 2905 juvate,
362 2844 419 2888 ut
456 2840 595 2903 regni
633 2840 708 2888 sui
743 2857 829 2888 vos
864 2840 967 2902 ipse
1002 2840 1149 2888 faciat
1183 2821 1286 2888 esse
1321 2840 1598 2903 participes,
1636 2839 1773 2902 cujus
1808 2853 1893 2884 vos

142 2924 286 2973 fidem
311 2923 362 2970 in
387 2940 534 2986 regno
559 2928 719 2971 vestro
743 2922 895 2985 recipi
919 2922 1103 2970 faciatis
1127 2928 1175 2971 et
1200 2923 1450 2972 custodiri.

214 3011 225 3032 ‘
242 3006 490 3053 Praeterea
513 3004 634 3052 scire
658 3010 867 3052 vestram
891 3003 1095 3068 gloriam
1110 3005 1348 3065 volumus,
1367 3005 1483 3069 quia
1508 3003 1634 3051 sicut
1657 3003 1709 3049 in
1735 3000 1892 3063 Scrip-

201 3122 213 3145 ¹
233 3124 436 3175 fanornm
488 3122 668 3173 oeclv'ficia
714 3121 854 3174 everte]
914 3121 991 3162 See
1046 3121 1329 3170 AEthelberht,
1380 3121 1512 3160 shews
1562 3118 1655 3157 that
1710 3116 1762 3155 he
1809 3116 1895 3156 had

146 3192 182 3218 c.
213 3189 278 3228 30,
306 3183 402 3217 note
435 3189 468 3216 1.
527 3177 762 3229 Gregorius'
791 3177 916 3216 letter
946 3181 990 3216 to
1045 3177 1231 3230 changed
1249 3177 1314 3216 his
1333 3175 1449 3215 mind
1468 3188 1519 3213 on
1540 3173 1624 3213 this
1642 3172 1772 3223 point.

147 3233 353 3282 Mellitus,
376 3232 543 3272 written
569 3233 677 3272 later
703 3232 806 3272 than
834 3232 919 3272 this
947 3236 990 3272 to
