<?xml version="1.0" encoding="UTF-8"?>
<!DOCTYPE html PUBLIC "-//W3C//DTD XHTML 1.0 Transitional//EN"
    "http://www.w3.org/TR/xhtml1/DTD/xhtml1-transitional.dtd">
<html xmlns="http://www.w3.org/1999/xhtml" xml:lang="en" lang="en">
 <head>
  <title>
</title>
<meta http-equiv="Content-Type" content="text/html;charset=utf-8" />
  <meta name='ocr-system' content='tesseract 3.04.00' />
  <meta name='ocr-capabilities' content='ocr_page ocr_carea ocr_par ocr_line ocrx_word'/>
</head>
<body>
  <div class='ocr_page' id='page_1' title='image "./historiaecclesia00bedeuoft_0174.png"; bbox 0 0 2216 3554; ppageno 0'>
   <div class='ocr_carea' id='block_1_1' title="bbox 261 176 2000 247">
    <p class='ocr_par' dir='ltr' id='par_1_1' title="bbox 261 176 2000 247">
     <span class='ocr_line' id='line_1_1' title="bbox 261 176 2000 247; baseline -0.001 -18"><span class='ocrx_word' id='word_1_1' title='bbox 261 185 354 230; x_wconf 87' lang='lat'><strong>142</strong></span> <span class='ocrx_word' id='word_1_2' title='bbox 833 178 1060 228; x_wconf 76' lang='lat' dir='ltr'><em>Historia</em></span> <span class='ocrx_word' id='word_1_3' title='bbox 1095 178 1426 228; x_wconf 73' lang='lat' dir='ltr'><strong>Ecclesiastica</strong></span> <span class='ocrx_word' id='word_1_4' title='bbox 1768 176 1901 247; x_wconf 75' lang='lat' dir='ltr'><strong>[Lm.</strong></span> <span class='ocrx_word' id='word_1_5' title='bbox 1920 195 2000 228; x_wconf 88' lang='lat'><strong>111.</strong></span> 
     </span>
    </p>
   </div>
   <div class='ocr_carea' id='block_1_2' title="bbox 254 308 2123 3012">
    <p class='ocr_par' dir='ltr' id='par_1_2' title="bbox 254 308 2007 1774">
     <span class='ocr_line' id='line_1_2' title="bbox 254 308 2003 376; baseline -0.002 -15"><span class='ocrx_word' id='word_1_6' title='bbox 254 314 529 362; x_wconf 87' lang='lat' dir='ltr'><strong>futurorum</strong></span> <span class='ocrx_word' id='word_1_7' title='bbox 555 311 824 376; x_wconf 90' lang='lat' dir='ltr'><strong>antiquitus</strong></span> <span class='ocrx_word' id='word_1_8' title='bbox 854 328 1029 360; x_wconf 89' lang='lat' dir='ltr'><strong>nomen</strong></span> <span class='ocrx_word' id='word_1_9' title='bbox 1064 311 1275 373; x_wconf 87' lang='lat' dir='ltr'><strong>accepit:</strong></span> <span class='ocrx_word' id='word_1_10' title='bbox 1313 308 1588 372; x_wconf 85' lang='lat' dir='ltr'><strong>significans</strong></span> <span class='ocrx_word' id='word_1_11' title='bbox 1617 308 1847 356; x_wconf 84' lang='lat' dir='ltr'><strong>nimirum</strong></span> <span class='ocrx_word' id='word_1_12' title='bbox 1871 311 2003 374; x_wconf 90' lang='lat' dir='ltr'><strong>quod</strong></span> 
     </span>
     <span class='ocr_line' id='line_1_3' title="bbox 255 390 2001 457; baseline -0.003 -13"><span class='ocrx_word' id='word_1_13' title='bbox 255 396 435 444; x_wconf 86' lang='lat' dir='ltr'><strong>ibidem</strong></span> <span class='ocrx_word' id='word_1_14' title='bbox 454 395 639 443; x_wconf 85' lang='lat' dir='ltr'><strong>caeleste</strong></span> <span class='ocrx_word' id='word_1_15' title='bbox 657 394 938 457; x_wconf 86' lang='lat' dir='ltr'><strong>erigendum</strong></span> <span class='ocrx_word' id='word_1_16' title='bbox 957 394 1243 457; x_wconf 75' lang='lat' dir='ltr'><strong>trophaeum,</strong></span> <span class='ocrx_word' id='word_1_17' title='bbox 1264 391 1464 440; x_wconf 78' lang='lat' dir='ltr'><strong>caelestis</strong></span> <span class='ocrx_word' id='word_1_18' title='bbox 1489 390 1757 438; x_wconf 87' lang='lat' dir='ltr'><strong>inchoanda</strong></span> <span class='ocrx_word' id='word_1_19' title='bbox 1780 391 2001 448; x_wconf 87' lang='lat' dir='ltr'><strong>victoria,</strong></span> 
     </span>
     <span class='ocr_line' id='line_1_4' title="bbox 256 473 2003 541; baseline -0.003 -16"><span class='ocrx_word' id='word_1_20' title='bbox 256 478 464 526; x_wconf 89' lang='lat' dir='ltr'><strong>caelestia</strong></span> <span class='ocrx_word' id='word_1_21' title='bbox 498 493 650 541; x_wconf 89' lang='lat' dir='ltr'><strong>usque</strong></span> <span class='ocrx_word' id='word_1_22' title='bbox 685 477 828 525; x_wconf 91' lang='lat' dir='ltr'><strong>hodie</strong></span> <span class='ocrx_word' id='word_1_23' title='bbox 864 477 1023 524; x_wconf 89' lang='lat' dir='ltr'><strong>forent</strong></span> <span class='ocrx_word' id='word_1_24' title='bbox 1057 475 1287 523; x_wconf 91' lang='lat' dir='ltr'><strong>miracula</strong></span> <span class='ocrx_word' id='word_1_25' title='bbox 1321 473 1616 522; x_wconf 90' lang='lat' dir='ltr'><strong>celebranda.</strong></span> <span class='ocrx_word' id='word_1_26' title='bbox 1702 473 1794 520; x_wconf 90' lang='lat' dir='ltr'><strong>Est</strong></span> <span class='ocrx_word' id='word_1_27' title='bbox 1840 479 2003 520; x_wconf 89' lang='lat' dir='ltr'><strong>autem</strong></span> 
     </span>
     <span class='ocr_line' id='line_1_5' title="bbox 255 554 2004 623; baseline -0.003 -17"><span class='ocrx_word' id='word_1_28' title='bbox 255 559 388 607; x_wconf 90' lang='lat' dir='ltr'><strong>locus</strong></span> <span class='ocrx_word' id='word_1_29' title='bbox 414 561 559 623; x_wconf 86' lang='lat' dir='ltr'><strong>juxta</strong></span> <span class='ocrx_word' id='word_1_30' title='bbox 589 577 783 608; x_wconf 90' lang='lat' dir='ltr'><strong>murum</strong></span> <span class='ocrx_word' id='word_1_31' title='bbox 814 559 969 618; x_wconf 91' lang='lat' dir='ltr'><strong>illum,</strong></span> <span class='ocrx_word' id='word_1_32' title='bbox 995 558 1054 606; x_wconf 89' lang='lat' dir='ltr'><strong>ad</strong></span> <span class='ocrx_word' id='word_1_33' title='bbox 1086 557 1376 621; x_wconf 86' lang='lat' dir='ltr'><strong>aquilonem,</strong></span> <span class='ocrx_word' id='word_1_34' title='bbox 1403 573 1498 619; x_wconf 92' lang='lat' dir='ltr'><strong>quo</strong></span> <span class='ocrx_word' id='word_1_35' title='bbox 1523 554 1736 603; x_wconf 87' lang='lat' dir='ltr'><strong>Romani</strong></span> <span class='ocrx_word' id='word_1_36' title='bbox 1761 555 2004 618; x_wconf 89' lang='lat' dir='ltr'><strong>quondam</strong></span> 
     </span>
     <span class='ocr_line' id='line_1_6' title="bbox 257 637 2004 705; baseline -0.003 -14"><span class='ocrx_word' id='word_1_37' title='bbox 257 643 318 691; x_wconf 92' lang='lat' dir='ltr'><strong>ob</strong></span> <span class='ocrx_word' id='word_1_38' title='bbox 342 644 574 692; x_wconf 90' lang='lat' dir='ltr'><strong>arcendos</strong></span> <span class='ocrx_word' id='word_1_39' title='bbox 602 644 918 692; x_wconf 86' lang='lat' dir='ltr'><strong>barbarorum</strong></span> <span class='ocrx_word' id='word_1_40' title='bbox 953 642 1178 705; x_wconf 58' lang='lat' dir='ltr'><strong>impetus</strong></span> <span class='ocrx_word' id='word_1_41' title='bbox 1212 644 1365 688; x_wconf 81' lang='lat' dir='ltr'><strong>totam</strong></span> <span class='ocrx_word' id='word_1_42' title='bbox 1399 655 1427 686; x_wconf 88' lang='lat' dir='ltr'><strong>a</strong></span> <span class='ocrx_word' id='word_1_43' title='bbox 1459 637 1582 685; x_wconf 91' lang='lat' dir='ltr'><strong>mari</strong></span> <span class='ocrx_word' id='word_1_44' title='bbox 1618 637 1679 684; x_wconf 90' lang='lat' dir='ltr'><strong>ad</strong></span> <span class='ocrx_word' id='word_1_45' title='bbox 1714 655 1846 685; x_wconf 91' lang='lat' dir='ltr'><strong>mare</strong></span> <span class='ocrx_word' id='word_1_46' title='bbox 1881 655 2004 701; x_wconf 87' lang='lat' dir='ltr'><strong>prae-</strong></span> 
     </span>
     <span class='ocr_line' id='line_1_7' title="bbox 257 720 2005 787; baseline -0.003 -13"><span class='ocrx_word' id='word_1_47' title='bbox 257 725 448 774; x_wconf 83' lang='lat' dir='ltr'><strong>cinxere</strong></span> <span class='ocrx_word' id='word_1_48' title='bbox 472 725 779 785; x_wconf 76' lang='lat' dir='ltr'><strong>Brittaniam,</strong></span> <span class='ocrx_word' id='word_1_49' title='bbox 804 728 862 772; x_wconf 88' lang='lat' dir='ltr'><strong>ut</strong></span> <span class='ocrx_word' id='word_1_50' title='bbox 886 723 1063 787; x_wconf 90' lang='lat' dir='ltr'><strong>supra1</strong></span> <span class='ocrx_word' id='word_1_51' title='bbox 1096 722 1361 770; x_wconf 80' lang='lat' dir='ltr'><strong>docuimus.</strong></span> <span class='ocrx_word' id='word_1_52' title='bbox 1432 720 1494 768; x_wconf 93' lang='lat' dir='ltr'><strong>In</strong></span> <span class='ocrx_word' id='word_1_53' title='bbox 1528 737 1624 783; x_wconf 91' lang='lat' dir='ltr'><strong>quo</strong></span> <span class='ocrx_word' id='word_1_54' title='bbox 1647 720 1870 768; x_wconf 87' lang='lat' dir='ltr'><strong>videlicet</strong></span> <span class='ocrx_word' id='word_1_55' title='bbox 1901 721 2005 769; x_wconf 94' lang='lat' dir='ltr'><strong>loco</strong></span> 
     </span>
     <span class='ocr_line' id='line_1_8' title="bbox 257 802 2005 868; baseline -0.003 -13"><span class='ocrx_word' id='word_1_56' title='bbox 257 808 649 856; x_wconf 76' lang='lat' dir='ltr'><strong>consuetudinem</strong></span> <span class='ocrx_word' id='word_1_57' title='bbox 685 807 840 854; x_wconf 89' lang='lat' dir='ltr'><strong>multo</strong></span> <span class='ocrx_word' id='word_1_58' title='bbox 876 808 975 868; x_wconf 81' lang='lat' dir='ltr'><strong>jam</strong></span> <span class='ocrx_word' id='word_1_59' title='bbox 1017 809 1232 866; x_wconf 80' lang='lat' dir='ltr'><strong>tempore</strong></span> <span class='ocrx_word' id='word_1_60' title='bbox 1269 803 1482 850; x_wconf 75' lang='lat' dir='ltr'><strong>fecerant</strong></span> <span class='ocrx_word' id='word_1_61' title='bbox 1528 802 1701 849; x_wconf 86' lang='lat' dir='ltr'><strong>fratres</strong></span> <span class='ocrx_word' id='word_1_62' title='bbox 1739 803 2005 866; x_wconf 83' lang='lat' dir='ltr'><strong>Hagustal-</strong></span> 
     </span>
     <span class='ocr_line' id='line_1_9' title="bbox 257 885 2005 953; baseline -0.004 -14"><span class='ocrx_word' id='word_1_63' title='bbox 257 891 448 939; x_wconf 80' lang='lat' dir='ltr'><strong>densis2</strong></span> <span class='ocrx_word' id='word_1_64' title='bbox 484 889 692 939; x_wconf 77' lang='lat' dir='ltr'><strong>ecclesiae</strong></span> <span class='ocrx_word' id='word_1_65' title='bbox 729 906 835 953; x_wconf 88' lang='lat' dir='ltr'><strong>quae</strong></span> <span class='ocrx_word' id='word_1_66' title='bbox 869 905 968 935; x_wconf 91' lang='lat' dir='ltr'><strong>non</strong></span> <span class='ocrx_word' id='word_1_67' title='bbox 1002 886 1142 949; x_wconf 87' lang='lat' dir='ltr'><strong>longe</strong></span> <span class='ocrx_word' id='word_1_68' title='bbox 1180 887 1329 944; x_wconf 87' lang='lat' dir='ltr'><strong>abest,</strong></span> <span class='ocrx_word' id='word_1_69' title='bbox 1367 885 1676 933; x_wconf 88' lang='lat' dir='ltr'><strong>advenientes</strong></span> <span class='ocrx_word' id='word_1_70' title='bbox 1712 886 1845 933; x_wconf 89' lang='lat' dir='ltr'><strong>omni</strong></span> <span class='ocrx_word' id='word_1_71' title='bbox 1878 902 2005 933; x_wconf 88' lang='lat' dir='ltr'><strong>anno</strong></span> 
     </span>
     <span class='ocr_line' id='line_1_10' title="bbox 257 967 2005 1036; baseline -0.002 -17"><span class='ocrx_word' id='word_1_72' title='bbox 257 972 416 1036; x_wconf 87' lang='lat' dir='ltr'><strong>pridie</strong></span> <span class='ocrx_word' id='word_1_73' title='bbox 451 989 595 1036; x_wconf 93' lang='lat' dir='ltr'><strong>quam</strong></span> <span class='ocrx_word' id='word_1_74' title='bbox 630 977 795 1035; x_wconf 89' lang='lat' dir='ltr'><strong>postea</strong></span> <span class='ocrx_word' id='word_1_75' title='bbox 830 970 958 1018; x_wconf 90' lang='lat' dir='ltr'><strong>idem</strong></span> <span class='ocrx_word' id='word_1_76' title='bbox 994 985 1080 1017; x_wconf 84' lang='lat' dir='ltr'><strong>rex</strong></span> <span class='ocrx_word' id='word_1_77' title='bbox 1117 967 1299 1016; x_wconf 88' lang='lat' dir='ltr'><strong>Osuald</strong></span> <span class='ocrx_word' id='word_1_78' title='bbox 1336 967 1518 1015; x_wconf 90' lang='lat' dir='ltr'><strong>occisus</strong></span> <span class='ocrx_word' id='word_1_79' title='bbox 1559 974 1646 1025; x_wconf 91' lang='lat' dir='ltr'><strong>est,</strong></span> <span class='ocrx_word' id='word_1_80' title='bbox 1682 967 1875 1030; x_wconf 86' lang='lat' dir='ltr'><strong>vigilias</strong></span> <span class='ocrx_word' id='word_1_81' title='bbox 1915 984 2005 1031; x_wconf 88' lang='lat' dir='ltr'><strong>pro</strong></span> 
     </span>
     <span class='ocr_line' id='line_1_11' title="bbox 257 1049 2005 1115; baseline -0.003 -12"><span class='ocrx_word' id='word_1_82' title='bbox 257 1055 410 1103; x_wconf 84' lang='lat' dir='ltr'><strong>salute</strong></span> <span class='ocrx_word' id='word_1_83' title='bbox 456 1054 628 1102; x_wconf 87' lang='lat' dir='ltr'><strong>animae</strong></span> <span class='ocrx_word' id='word_1_84' title='bbox 675 1055 776 1115; x_wconf 83' lang='lat' dir='ltr'><strong>ejus</strong></span> <span class='ocrx_word' id='word_1_85' title='bbox 821 1052 989 1111; x_wconf 87' lang='lat' dir='ltr'><strong>facere,</strong></span> <span class='ocrx_word' id='word_1_86' title='bbox 1025 1050 1332 1113; x_wconf 84' lang='lat' dir='ltr'><strong>plurimaque</strong></span> <span class='ocrx_word' id='word_1_87' title='bbox 1366 1049 1662 1112; x_wconf 89' lang='lat' dir='ltr'><strong>psalmorum</strong></span> <span class='ocrx_word' id='word_1_88' title='bbox 1702 1051 1845 1099; x_wconf 89' lang='lat' dir='ltr'><strong>laude</strong></span> <span class='ocrx_word' id='word_1_89' title='bbox 1887 1051 2005 1098; x_wconf 91' lang='lat' dir='ltr'><strong>cele—</strong></span> 
     </span>
     <span class='ocr_line' id='line_1_12' title="bbox 255 1132 2006 1196; baseline -0.003 -11"><span class='ocrx_word' id='word_1_90' title='bbox 255 1138 407 1195; x_wconf 89' lang='lat' dir='ltr'><strong>brata,</strong></span> <span class='ocrx_word' id='word_1_91' title='bbox 456 1135 707 1184; x_wconf 87' lang='lat' dir='ltr'><strong>victimam</strong></span> <span class='ocrx_word' id='word_1_92' title='bbox 754 1151 842 1196; x_wconf 87' lang='lat' dir='ltr'><strong>pro</strong></span> <span class='ocrx_word' id='word_1_93' title='bbox 891 1150 947 1181; x_wconf 91' lang='lat' dir='ltr'><strong>eo</strong></span> <span class='ocrx_word' id='word_1_94' title='bbox 988 1149 1128 1180; x_wconf 87' lang='lat' dir='ltr'><strong>mane</strong></span> <span class='ocrx_word' id='word_1_95' title='bbox 1174 1149 1321 1180; x_wconf 84' lang='lat' dir='ltr'><strong>sacrae</strong></span> <span class='ocrx_word' id='word_1_96' title='bbox 1359 1132 1617 1179; x_wconf 82' lang='lat' dir='ltr'><strong>oblationis</strong></span> <span class='ocrx_word' id='word_1_97' title='bbox 1658 1133 1839 1181; x_wconf 88' lang='lat' dir='ltr'><strong>offerre.</strong></span> <span class='ocrx_word' id='word_1_98' title='bbox 1907 1132 2006 1194; x_wconf 82' lang='lat' dir='ltr'><strong>Qui</strong></span> 
     </span>
     <span class='ocr_line' id='line_1_13' title="bbox 257 1214 2006 1277; baseline -0.003 -10"><span class='ocrx_word' id='word_1_99' title='bbox 257 1219 404 1268; x_wconf 90' lang='lat' dir='ltr'><strong>etiam</strong></span> <span class='ocrx_word' id='word_1_100' title='bbox 440 1223 678 1266; x_wconf 82' lang='lat' dir='ltr'><strong>crescente</strong></span> <span class='ocrx_word' id='word_1_101' title='bbox 713 1217 840 1264; x_wconf 92' lang='lat' dir='ltr'><strong>bona</strong></span> <span class='ocrx_word' id='word_1_102' title='bbox 874 1215 1230 1273; x_wconf 86' lang='lat' dir='ltr'><strong>consuetudine,</strong></span> <span class='ocrx_word' id='word_1_103' title='bbox 1263 1231 1417 1277; x_wconf 90' lang='lat' dir='ltr'><strong>nuper</strong></span> <span class='ocrx_word' id='word_1_104' title='bbox 1452 1214 1631 1262; x_wconf 88' lang='lat' dir='ltr'><strong>ibidem</strong></span> <span class='ocrx_word' id='word_1_105' title='bbox 1666 1215 1861 1263; x_wconf 88' lang='lat' dir='ltr'><strong>ecclesia</strong></span> <span class='ocrx_word' id='word_1_106' title='bbox 1896 1232 2006 1263; x_wconf 94' lang='lat' dir='ltr'><strong>con-</strong></span> 
     </span>
     <span class='ocr_line' id='line_1_14' title="bbox 257 1296 2006 1359; baseline -0.002 -10"><span class='ocrx_word' id='word_1_107' title='bbox 257 1306 455 1359; x_wconf 90' lang='lat' dir='ltr'><strong>structa,</strong></span> <span class='ocrx_word' id='word_1_108' title='bbox 492 1298 799 1348; x_wconf 76' lang='lat' dir='ltr'><strong>sacratiorem</strong></span> <span class='ocrx_word' id='word_1_109' title='bbox 835 1303 883 1345; x_wconf 92' lang='lat' dir='ltr'><strong>et</strong></span> <span class='ocrx_word' id='word_1_110' title='bbox 919 1297 1104 1345; x_wconf 89' lang='lat' dir='ltr'><strong>cunctis</strong></span> <span class='ocrx_word' id='word_1_111' title='bbox 1144 1296 1552 1344; x_wconf 89' lang='lat' dir='ltr'><strong>honorabiliorem</strong></span> <span class='ocrx_word' id='word_1_112' title='bbox 1586 1297 1746 1344; x_wconf 90' lang='lat' dir='ltr'><strong>locum</strong></span> <span class='ocrx_word' id='word_1_113' title='bbox 1782 1297 2006 1346; x_wconf 90' lang='lat' dir='ltr'><strong>omnibus</strong></span> 
     </span>
     <span class='ocr_line' id='line_1_15' title="bbox 255 1379 2007 1444; baseline -0.002 -14"><span class='ocrx_word' id='word_1_114' title='bbox 255 1384 419 1432; x_wconf 91' lang='lat' dir='ltr'><strong>fecere.</strong></span> <span class='ocrx_word' id='word_1_115' title='bbox 515 1381 620 1430; x_wconf 90' lang='lat' dir='ltr'><strong>Nec</strong></span> <span class='ocrx_word' id='word_1_116' title='bbox 666 1381 924 1439; x_wconf 88' lang='lat' dir='ltr'><strong>immerito,</strong></span> <span class='ocrx_word' id='word_1_117' title='bbox 972 1379 1087 1444; x_wconf 90' lang='lat' dir='ltr'><strong>quia</strong></span> <span class='ocrx_word' id='word_1_118' title='bbox 1131 1380 1320 1428; x_wconf 91' lang='lat' dir='ltr'><strong>nullum</strong></span> <span class='ocrx_word' id='word_1_119' title='bbox 1335 1379 1367 1439; x_wconf 78' lang='lat'><strong>⁸,</strong></span> <span class='ocrx_word' id='word_1_120' title='bbox 1409 1384 1466 1427; x_wconf 86' lang='lat' dir='ltr'><strong>ut</strong></span> <span class='ocrx_word' id='word_1_121' title='bbox 1513 1380 1843 1444; x_wconf 82' lang='lat' dir='ltr'><strong>comperimus,</strong></span> <span class='ocrx_word' id='word_1_122' title='bbox 1891 1380 2007 1428; x_wconf 91' lang='lat' dir='ltr'><strong>fidei</strong></span> 
     </span>
     <span class='ocr_line' id='line_1_16' title="bbox 257 1463 2006 1528; baseline -0.004 -11"><span class='ocrx_word' id='word_1_123' title='bbox 257 1466 544 1517; x_wconf 75' lang='lat' dir='ltr'><strong>Christianae</strong></span> <span class='ocrx_word' id='word_1_124' title='bbox 581 1465 790 1528; x_wconf 87' lang='lat' dir='ltr'><strong>signum,</strong></span> <span class='ocrx_word' id='word_1_125' title='bbox 826 1464 957 1511; x_wconf 88' lang='lat' dir='ltr'><strong>nulla</strong></span> <span class='ocrx_word' id='word_1_126' title='bbox 993 1463 1202 1522; x_wconf 89' lang='lat' dir='ltr'><strong>ecclesia,</strong></span> <span class='ocrx_word' id='word_1_127' title='bbox 1239 1464 1430 1511; x_wconf 92' lang='lat' dir='ltr'><strong>nullum</strong></span> <span class='ocrx_word' id='word_1_128' title='bbox 1464 1464 1616 1512; x_wconf 89' lang='lat' dir='ltr'><strong>altare</strong></span> <span class='ocrx_word' id='word_1_129' title='bbox 1657 1464 1709 1511; x_wconf 91' lang='lat' dir='ltr'><strong>in</strong></span> <span class='ocrx_word' id='word_1_130' title='bbox 1748 1470 1852 1512; x_wconf 85' lang='lat' dir='ltr'><strong>tota</strong></span> <span class='ocrx_word' id='word_1_131' title='bbox 1887 1465 2006 1512; x_wconf 89' lang='lat' dir='ltr'><strong>Ber-</strong></span> 
     </span>
     <span class='ocr_line' id='line_1_17' title="bbox 257 1546 2007 1612; baseline -0.001 -15"><span class='ocrx_word' id='word_1_132' title='bbox 257 1550 495 1598; x_wconf 90' lang='lat' dir='ltr'><strong>niciorum</strong></span> <span class='ocrx_word' id='word_1_133' title='bbox 555 1553 699 1612; x_wconf 87' lang='lat' dir='ltr'><strong>gente</strong></span> <span class='ocrx_word' id='word_1_134' title='bbox 760 1550 974 1595; x_wconf 87' lang='lat' dir='ltr'><strong>erectum</strong></span> <span class='ocrx_word' id='word_1_135' title='bbox 1034 1550 1119 1606; x_wconf 91' lang='lat' dir='ltr'><strong>est,</strong></span> <span class='ocrx_word' id='word_1_136' title='bbox 1167 1546 1452 1609; x_wconf 82' lang='lat' dir='ltr'><strong>priusquam</strong></span> <span class='ocrx_word' id='word_1_137' title='bbox 1511 1547 1601 1594; x_wconf 97' lang='grc'><strong>1106</strong></span> <span class='ocrx_word' id='word_1_138' title='bbox 1661 1563 1806 1595; x_wconf 86' lang='lat' dir='ltr'><strong>sacrae</strong></span> <span class='ocrx_word' id='word_1_139' title='bbox 1853 1546 2007 1595; x_wconf 88' lang='lat' dir='ltr'><strong>crucis</strong></span> 
     </span>
     <span class='ocr_line' id='line_1_18' title="bbox 257 1628 2007 1734; baseline -0.001 -55"><span class='ocrx_word' id='word_1_140' title='bbox 257 1632 492 1680; x_wconf 84' lang='lat' dir='ltr'><strong>vexillum</strong></span> <span class='ocrx_word' id='word_1_141' title='bbox 520 1646 674 1679; x_wconf 88' lang='lat' dir='ltr'><strong>novus</strong></span> <span class='ocrx_word' id='word_1_142' title='bbox 709 1629 897 1676; x_wconf 76' lang='lat' dir='ltr'><strong>militiae</strong></span> <span class='ocrx_word' id='word_1_143' title='bbox 928 1629 1112 1688; x_wconf 89' lang='lat' dir='ltr'><strong>ductor,</strong></span> <span class='ocrx_word' id='word_1_144' title='bbox 1145 1629 1357 1677; x_wconf 82' lang='lat' dir='ltr'><strong>dictante</strong></span> <span class='ocrx_word' id='word_1_145' title='bbox 1392 1628 1506 1677; x_wconf 89' lang='lat' dir='ltr'><strong>fidei</strong></span> <span class='ocrx_word' id='word_1_146' title='bbox 1536 1629 1810 1734; x_wconf 47' lang='lat' dir='ltr'><strong>dyvotione,</strong></span> <span class='ocrx_word' id='word_1_147' title='bbox 1841 1634 2007 1678; x_wconf 84' lang='lat' dir='ltr'><strong>contra</strong></span> 
     </span>
     <span class='ocr_line' id='line_1_19' title="bbox 257 1712 1496 1774; baseline -0.003 -12"><span class='ocrx_word' id='word_1_148' title='bbox 257 1714 444 1762; x_wconf 84' lang='lat' dir='ltr'><strong>hostem</strong></span> <span class='ocrx_word' id='word_1_149' title='bbox 478 1712 884 1760; x_wconf 81' lang='lat' dir='ltr'><strong>immanissimum</strong></span> <span class='ocrx_word' id='word_1_150' title='bbox 911 1714 1218 1774; x_wconf 86' lang='lat' dir='ltr'><strong>pugnaturus</strong></span> <span class='ocrx_word' id='word_1_151' title='bbox 1247 1716 1496 1759; x_wconf 85' lang='lat' dir='ltr'><strong>statueret.</strong></span> 
     </span>
    </p>

    <p class='ocr_par' dir='ltr' id='par_1_3' title="bbox 258 1793 2123 3012">
     <span class='ocr_line' id='line_1_20' title="bbox 326 1793 2006 1857; baseline -0.001 -13"><span class='ocrx_word' id='word_1_152' title='bbox 326 1796 430 1844; x_wconf 89' lang='lat' dir='ltr'><strong>Nec</strong></span> <span class='ocrx_word' id='word_1_153' title='bbox 454 1796 514 1843; x_wconf 88' lang='lat' dir='ltr'><strong>ab</strong></span> <span class='ocrx_word' id='word_1_154' title='bbox 546 1812 597 1843; x_wconf 90' lang='lat' dir='ltr'><strong>re</strong></span> <span class='ocrx_word' id='word_1_155' title='bbox 630 1798 702 1842; x_wconf 90' lang='lat' dir='ltr'><strong>est</strong></span> <span class='ocrx_word' id='word_1_156' title='bbox 732 1810 887 1841; x_wconf 90' lang='lat' dir='ltr'><strong>unum</strong></span> <span class='ocrx_word' id='word_1_157' title='bbox 911 1810 937 1840; x_wconf 90' lang='lat' dir='ltr'><strong>e</strong></span> <span class='ocrx_word' id='word_1_158' title='bbox 961 1793 1182 1856; x_wconf 89' lang='lat' dir='ltr'><strong>pluribus</strong></span> <span class='ocrx_word' id='word_1_159' title='bbox 1207 1810 1313 1856; x_wconf 87' lang='lat' dir='ltr'><strong>quae</strong></span> <span class='ocrx_word' id='word_1_160' title='bbox 1346 1794 1408 1840; x_wconf 91' lang='lat' dir='ltr'><strong>ad</strong></span> <span class='ocrx_word' id='word_1_161' title='bbox 1442 1793 1567 1841; x_wconf 88' lang='lat' dir='ltr'><strong>hanc</strong></span> <span class='ocrx_word' id='word_1_162' title='bbox 1602 1810 1792 1842; x_wconf 86' lang='lat' dir='ltr'><strong>crucem</strong></span> <span class='ocrx_word' id='word_1_163' title='bbox 1814 1798 2006 1857; x_wconf 85' lang='lat' dir='ltr'><strong>patrata</strong></span> 
     </span>
     <span class='ocr_line' id='line_1_21' title="bbox 259 1876 2006 1940; baseline -0.002 -12"><span class='ocrx_word' id='word_1_164' title='bbox 259 1879 611 1939; x_wconf 75' lang='lat' dir='ltr'><strong>sunt„virtutis</strong></span> <span class='ocrx_word' id='word_1_165' title='bbox 639 1877 925 1926; x_wconf 86' lang='lat' dir='ltr'><strong>miraculum</strong></span> <span class='ocrx_word' id='word_1_166' title='bbox 955 1879 1189 1925; x_wconf 86' lang='lat' dir='ltr'><strong>enarrare.</strong></span> <span class='ocrx_word' id='word_1_167' title='bbox 1261 1876 1471 1938; x_wconf 81' lang='lat' dir='ltr'><strong>Quidam</strong></span> <span class='ocrx_word' id='word_1_168' title='bbox 1495 1877 1555 1924; x_wconf 91' lang='lat' dir='ltr'><strong>de</strong></span> <span class='ocrx_word' id='word_1_169' title='bbox 1578 1877 1811 1925; x_wconf 88' lang='lat' dir='ltr'><strong>fratribus</strong></span> <span class='ocrx_word' id='word_1_170' title='bbox 1834 1878 2006 1940; x_wconf 84' lang='lat' dir='ltr'><strong>Hagn-</strong></span> 
     </span>
     <span class='ocr_line' id='line_1_22' title="bbox 260 1958 2095 2029; baseline -0.002 -19"><span class='ocrx_word' id='word_1_171' title='bbox 260 1962 514 2010; x_wconf 88' lang='lat' dir='ltr'><strong>staldensis</strong></span> <span class='ocrx_word' id='word_1_172' title='bbox 550 1960 758 2009; x_wconf 76' lang='lat' dir='ltr'><strong>ecclesiae</strong></span> <span class='ocrx_word' id='word_1_173' title='bbox 793 1959 987 2007; x_wconf 91' lang='lat' dir='ltr'><strong>nomine</strong></span> <span class='ocrx_word' id='word_1_174' title='bbox 1022 1958 1262 2017; x_wconf 86' lang='lat' dir='ltr'><strong>Bothelm,</strong></span> <span class='ocrx_word' id='word_1_175' title='bbox 1298 1959 1383 2022; x_wconf 90' lang='lat' dir='ltr'><strong>qui</strong></span> <span class='ocrx_word' id='word_1_176' title='bbox 1422 1976 1551 2006; x_wconf 93' lang='grc'><strong>1111110</strong></span> <span class='ocrx_word' id='word_1_177' title='bbox 1587 1975 1737 2022; x_wconf 90' lang='lat' dir='ltr'><strong>usque</strong></span> <span class='ocrx_word' id='word_1_178' title='bbox 1773 1963 2005 2022; x_wconf 84' lang='lat' dir='ltr'><strong>superest,</strong></span> <span class='ocrx_word' id='word_1_179' title='bbox 2070 2012 2095 2029; x_wconf 19' lang='grc' dir='ltr'><strong>Ι,</strong></span> 
     </span>
     <span class='ocr_line' id='line_1_23' title="bbox 259 2028 2123 2107; baseline -0.002 -15"><span class='ocrx_word' id='word_1_180' title='bbox 259 2048 370 2092; x_wconf 85' lang='lat' dir='ltr'><strong>ante</strong></span> <span class='ocrx_word' id='word_1_181' title='bbox 394 2060 570 2107; x_wconf 89' lang='lat' dir='ltr'><strong>paucos</strong></span> <span class='ocrx_word' id='word_1_182' title='bbox 594 2059 744 2091; x_wconf 89' lang='lat' dir='ltr'><strong>annos</strong></span> <span class='ocrx_word' id='word_1_183' title='bbox 769 2043 887 2090; x_wconf 91' lang='lat' dir='ltr'><strong>dum</strong></span> <span class='ocrx_word' id='word_1_184' title='bbox 909 2041 1148 2089; x_wconf 91' lang='lat' dir='ltr'><strong>incautius</strong></span> <span class='ocrx_word' id='word_1_185' title='bbox 1171 2041 1296 2089; x_wconf 87' lang='lat' dir='ltr'><strong>forte</strong></span> <span class='ocrx_word' id='word_1_186' title='bbox 1320 2045 1466 2089; x_wconf 89' lang='lat' dir='ltr'><strong>noctu</strong></span> <span class='ocrx_word' id='word_1_187' title='bbox 1499 2041 1551 2088; x_wconf 90' lang='lat' dir='ltr'><strong>in</strong></span> <span class='ocrx_word' id='word_1_188' title='bbox 1574 2042 1725 2104; x_wconf 87' lang='lat' dir='ltr'><strong>glacie</strong></span> <span class='ocrx_word' id='word_1_189' title='bbox 1750 2028 2123 2100; x_wconf 49' lang='lat' dir='ltr'><strong>incederetml‘*</strong></span> 
     </span>
     <span class='ocr_line' id='line_1_24' title="bbox 259 2123 2006 2189; baseline -0.001 -15"><span class='ocrx_word' id='word_1_190' title='bbox 259 2132 455 2189; x_wconf 85' lang='lat' dir='ltr'><strong>repente</strong></span> <span class='ocrx_word' id='word_1_191' title='bbox 503 2141 728 2173; x_wconf 87' lang='lat' dir='ltr'><strong>corruens</strong></span> <span class='ocrx_word' id='word_1_192' title='bbox 773 2124 1021 2172; x_wconf 88' lang='lat' dir='ltr'><strong>brachium</strong></span> <span class='ocrx_word' id='word_1_193' title='bbox 1063 2123 1309 2182; x_wconf 85' lang='lat' dir='ltr'><strong>contrivit,</strong></span> <span class='ocrx_word' id='word_1_194' title='bbox 1352 2139 1409 2171; x_wconf 86' lang='lat' dir='ltr'><strong>ac</strong></span> <span class='ocrx_word' id='word_1_195' title='bbox 1453 2123 1738 2186; x_wconf 87' lang='lat' dir='ltr'><strong>gravissima</strong></span> <span class='ocrx_word' id='word_1_196' title='bbox 1783 2124 2006 2172; x_wconf 87' lang='lat' dir='ltr'><strong>fracturae</strong></span> 
     </span>
     <span class='ocr_line' id='line_1_25' title="bbox 259 2205 2007 2272; baseline -0.001 -17"><span class='ocrx_word' id='word_1_197' title='bbox 259 2208 411 2272; x_wconf 89' lang='lat' dir='ltr'><strong>ipsius</strong></span> <span class='ocrx_word' id='word_1_198' title='bbox 436 2208 581 2271; x_wconf 88' lang='lat' dir='ltr'><strong>coepit</strong></span> <span class='ocrx_word' id='word_1_199' title='bbox 604 2206 824 2255; x_wconf 89' lang='lat' dir='ltr'><strong>molestia</strong></span> <span class='ocrx_word' id='word_1_200' title='bbox 852 2205 1074 2270; x_wconf 80' lang='lat' dir='ltr'><strong>fatigari3</strong></span> <span class='ocrx_word' id='word_1_201' title='bbox 1111 2206 1183 2254; x_wconf 88' lang='lat' dir='ltr'><strong>ita</strong></span> <span class='ocrx_word' id='word_1_202' title='bbox 1214 2210 1270 2254; x_wconf 87' lang='lat' dir='ltr'><strong>ut</strong></span> <span class='ocrx_word' id='word_1_203' title='bbox 1301 2222 1361 2254; x_wconf 93' lang='lat' dir='ltr'><strong>ne</strong></span> <span class='ocrx_word' id='word_1_204' title='bbox 1393 2206 1454 2253; x_wconf 89' lang='lat' dir='ltr'><strong>ad</strong></span> <span class='ocrx_word' id='word_1_205' title='bbox 1477 2222 1529 2253; x_wconf 92' lang='lat' dir='ltr'><strong>os</strong></span> <span class='ocrx_word' id='word_1_206' title='bbox 1554 2206 1749 2269; x_wconf 90' lang='lat' dir='ltr'><strong>quidem</strong></span> <span class='ocrx_word' id='word_1_207' title='bbox 1772 2206 2007 2255; x_wconf 86' lang='lat' dir='ltr'><strong>adducere</strong></span> 
     </span>
     <span class='ocr_line' id='line_1_26' title="bbox 260 2287 2062 2353; baseline -0.001 -15"><span class='ocrx_word' id='word_1_208' title='bbox 260 2290 420 2353; x_wconf 89' lang='lat' dir='ltr'><strong>ipsum</strong></span> <span class='ocrx_word' id='word_1_209' title='bbox 447 2289 698 2337; x_wconf 90' lang='lat' dir='ltr'><strong>brachium</strong></span> <span class='ocrx_word' id='word_1_210' title='bbox 721 2288 961 2336; x_wconf 92' lang='lat' dir='ltr'><strong>ullatenus</strong></span> <span class='ocrx_word' id='word_1_211' title='bbox 986 2287 1150 2335; x_wconf 92' lang='lat' dir='ltr'><strong>dolore</strong></span> <span class='ocrx_word' id='word_1_212' title='bbox 1182 2291 1374 2335; x_wconf 88' lang='lat' dir='ltr'><strong>arcente</strong></span> <span class='ocrx_word' id='word_1_213' title='bbox 1397 2288 1594 2336; x_wconf 89' lang='lat' dir='ltr'><strong>valeret.</strong></span> <span class='ocrx_word' id='word_1_214' title='bbox 1667 2288 1765 2349; x_wconf 76' lang='lat' dir='ltr'><strong>Qui</strong></span> <span class='ocrx_word' id='word_1_215' title='bbox 1797 2305 1907 2336; x_wconf 89' lang='lat' dir='ltr'><strong>cum</strong></span> <span class='ocrx_word' id='word_1_216' title='bbox 1930 2288 2007 2336; x_wconf 89' lang='lat' dir='ltr'><strong>die</strong></span> <span class='ocrx_word' id='word_1_217' title='bbox 2058 2293 2062 2295; x_wconf 46' lang='lat'><em>⁴</em></span> 
     </span>
     <span class='ocr_line' id='line_1_27' title="bbox 261 2371 2008 2437; baseline -0.001 -17"><span class='ocrx_word' id='word_1_218' title='bbox 261 2373 470 2437; x_wconf 91' lang='lat' dir='ltr'><strong>quadam</strong></span> <span class='ocrx_word' id='word_1_219' title='bbox 516 2388 655 2420; x_wconf 87' lang='lat' dir='ltr'><strong>mane</strong></span> <span class='ocrx_word' id='word_1_220' title='bbox 701 2371 890 2419; x_wconf 91' lang='lat' dir='ltr'><strong>audiret</strong></span> <span class='ocrx_word' id='word_1_221' title='bbox 935 2388 1089 2419; x_wconf 91' lang='lat' dir='ltr'><strong>unum</strong></span> <span class='ocrx_word' id='word_1_222' title='bbox 1127 2371 1187 2419; x_wconf 91' lang='lat' dir='ltr'><strong>de</strong></span> <span class='ocrx_word' id='word_1_223' title='bbox 1222 2371 1456 2419; x_wconf 88' lang='lat' dir='ltr'><strong>fratribus</strong></span> <span class='ocrx_word' id='word_1_224' title='bbox 1495 2371 1558 2419; x_wconf 92' lang='lat' dir='ltr'><strong>ad</strong></span> <span class='ocrx_word' id='word_1_225' title='bbox 1598 2371 1759 2419; x_wconf 89' lang='lat' dir='ltr'><strong>locum</strong></span> <span class='ocrx_word' id='word_1_226' title='bbox 1796 2372 2008 2434; x_wconf 85' lang='lat' dir='ltr'><strong>ejusdem</strong></span> 
     </span>
     <span class='ocr_line' id='line_1_28' title="bbox 261 2453 2007 2518; baseline -0.001 -15"><span class='ocrx_word' id='word_1_227' title='bbox 261 2459 439 2504; x_wconf 86' lang='lat' dir='ltr'><strong>sanctae</strong></span> <span class='ocrx_word' id='word_1_228' title='bbox 486 2453 637 2502; x_wconf 87' lang='lat' dir='ltr'><strong>crucis</strong></span> <span class='ocrx_word' id='word_1_229' title='bbox 684 2453 938 2501; x_wconf 88' lang='lat' dir='ltr'><strong>ascendere</strong></span> <span class='ocrx_word' id='word_1_230' title='bbox 985 2453 1285 2517; x_wconf 87' lang='lat' dir='ltr'><strong>disposuisse,</strong></span> <span class='ocrx_word' id='word_1_231' title='bbox 1327 2454 1519 2518; x_wconf 83' lang='lat' dir='ltr'><strong>rogavit</strong></span> <span class='ocrx_word' id='word_1_232' title='bbox 1558 2460 1615 2503; x_wconf 93' lang='lat' dir='ltr'><strong>ut</strong></span> <span class='ocrx_word' id='word_1_233' title='bbox 1662 2454 1873 2518; x_wconf 88' lang='lat' dir='ltr'><strong>aliquam</strong></span> <span class='ocrx_word' id='word_1_234' title='bbox 1914 2453 2007 2502; x_wconf 90' lang='lat' dir='ltr'><strong>sibi</strong></span> 
     </span>
     <span class='ocr_line' id='line_1_29' title="bbox 261 2537 2008 2603; baseline -0.002 -16"><span class='ocrx_word' id='word_1_235' title='bbox 261 2543 451 2603; x_wconf 90' lang='lat' dir='ltr'><strong>partem</strong></span> <span class='ocrx_word' id='word_1_236' title='bbox 496 2537 555 2585; x_wconf 90' lang='lat' dir='ltr'><strong>de</strong></span> <span class='ocrx_word' id='word_1_237' title='bbox 601 2537 687 2585; x_wconf 93' lang='lat' dir='ltr'><strong>illo</strong></span> <span class='ocrx_word' id='word_1_238' title='bbox 733 2537 865 2600; x_wconf 86' lang='lat' dir='ltr'><strong>ligno</strong></span> <span class='ocrx_word' id='word_1_239' title='bbox 910 2537 1173 2585; x_wconf 83' lang='lat' dir='ltr'><strong>venerabili</strong></span> <span class='ocrx_word' id='word_1_240' title='bbox 1219 2537 1408 2585; x_wconf 89' lang='lat' dir='ltr'><strong>rediens</strong></span> <span class='ocrx_word' id='word_1_241' title='bbox 1455 2537 1679 2595; x_wconf 87' lang='lat' dir='ltr'><strong>adferret,</strong></span> <span class='ocrx_word' id='word_1_242' title='bbox 1722 2537 1913 2585; x_wconf 89' lang='lat' dir='ltr'><strong>credere</strong></span> <span class='ocrx_word' id='word_1_243' title='bbox 1959 2553 2008 2585; x_wconf 88' lang='lat' dir='ltr'><strong>se</strong></span> 
     </span>
     <span class='ocr_line' id='line_1_30' title="bbox 262 2619 2007 2683; baseline -0.001 -13"><span class='ocrx_word' id='word_1_244' title='bbox 262 2622 425 2670; x_wconf 89' lang='lat' dir='ltr'><strong>dicens</strong></span> <span class='ocrx_word' id='word_1_245' title='bbox 461 2619 573 2683; x_wconf 90' lang='lat' dir='ltr'><strong>quia</strong></span> <span class='ocrx_word' id='word_1_246' title='bbox 608 2636 695 2683; x_wconf 88' lang='lat' dir='ltr'><strong>per</strong></span> <span class='ocrx_word' id='word_1_247' title='bbox 729 2619 834 2679; x_wconf 89' lang='lat' dir='ltr'><strong>hoc,</strong></span> <span class='ocrx_word' id='word_1_248' title='bbox 867 2619 1078 2667; x_wconf 88' lang='lat' dir='ltr'><strong>donante</strong></span> <span class='ocrx_word' id='word_1_249' title='bbox 1106 2619 1331 2678; x_wconf 90' lang='lat' dir='ltr'><strong>Domino,</strong></span> <span class='ocrx_word' id='word_1_250' title='bbox 1356 2619 1560 2667; x_wconf 88' lang='lat' dir='ltr'><strong>salutem</strong></span> <span class='ocrx_word' id='word_1_251' title='bbox 1585 2623 1743 2683; x_wconf 88' lang='lat' dir='ltr'><strong>posset</strong></span> <span class='ocrx_word' id='word_1_252' title='bbox 1767 2621 2007 2683; x_wconf 89' lang='lat' dir='ltr'><strong>consequi.</strong></span> 
     </span>
     <span class='ocr_line' id='line_1_31' title="bbox 263 2702 2008 2766; baseline -0.001 -15"><span class='ocrx_word' id='word_1_253' title='bbox 263 2703 401 2752; x_wconf 85' lang='lat' dir='ltr'><strong>Fecit</strong></span> <span class='ocrx_word' id='word_1_254' title='bbox 434 2702 516 2751; x_wconf 92' lang='lat' dir='ltr'><strong>ille</strong></span> <span class='ocrx_word' id='word_1_255' title='bbox 550 2706 608 2750; x_wconf 93' lang='lat' dir='ltr'><strong>ut</strong></span> <span class='ocrx_word' id='word_1_256' title='bbox 647 2706 843 2765; x_wconf 87' lang='lat' dir='ltr'><strong>rogatus</strong></span> <span class='ocrx_word' id='word_1_257' title='bbox 877 2705 963 2760; x_wconf 90' lang='lat' dir='ltr'><strong>est,</strong></span> <span class='ocrx_word' id='word_1_258' title='bbox 998 2705 1047 2749; x_wconf 90' lang='lat' dir='ltr'><strong>et</strong></span> <span class='ocrx_word' id='word_1_259' title='bbox 1078 2718 1298 2750; x_wconf 87' lang='lat' dir='ltr'><strong>reversus</strong></span> <span class='ocrx_word' id='word_1_260' title='bbox 1336 2702 1397 2750; x_wconf 90' lang='lat' dir='ltr'><strong>ad</strong></span> <span class='ocrx_word' id='word_1_261' title='bbox 1432 2719 1692 2766; x_wconf 87' lang='lat' dir='ltr'><strong>vesperam,</strong></span> <span class='ocrx_word' id='word_1_262' title='bbox 1731 2703 2008 2751; x_wconf 89' lang='lat' dir='ltr'><strong>sedentibus</strong></span> 
     </span>
     <span class='ocr_line' id='line_1_32' title="bbox 258 2783 2008 2850; baseline -0.001 -16"><span class='ocrx_word' id='word_1_263' title='bbox 258 2789 358 2850; x_wconf 88' lang='lat' dir='ltr'><strong>jam</strong></span> <span class='ocrx_word' id='word_1_264' title='bbox 381 2786 443 2834; x_wconf 90' lang='lat' dir='ltr'><strong>ad</strong></span> <span class='ocrx_word' id='word_1_265' title='bbox 465 2800 681 2832; x_wconf 87' lang='lat' dir='ltr'><strong>mensam</strong></span> <span class='ocrx_word' id='word_1_266' title='bbox 704 2783 952 2840; x_wconf 85' lang='lat' dir='ltr'><strong>fratribus,</strong></span> <span class='ocrx_word' id='word_1_267' title='bbox 979 2783 1159 2832; x_wconf 91' lang='lat' dir='ltr'><strong>obtulit</strong></span> <span class='ocrx_word' id='word_1_268' title='bbox 1182 2784 1227 2831; x_wconf 89' lang='lat' dir='ltr'><strong>ei</strong></span> <span class='ocrx_word' id='word_1_269' title='bbox 1251 2785 1436 2847; x_wconf 87' lang='lat' dir='ltr'><strong>aliquid</strong></span> <span class='ocrx_word' id='word_1_270' title='bbox 1459 2785 1519 2832; x_wconf 90' lang='lat' dir='ltr'><strong>de</strong></span> <span class='ocrx_word' id='word_1_271' title='bbox 1542 2784 1696 2832; x_wconf 87' lang='lat' dir='ltr'><strong>veteri</strong></span> <span class='ocrx_word' id='word_1_272' title='bbox 1723 2802 1887 2833; x_wconf 89' lang='lat' dir='ltr'><strong>musco</strong></span> <span class='ocrx_word' id='word_1_273' title='bbox 1911 2803 2008 2848; x_wconf 90' lang='lat' dir='ltr'><strong>quo</strong></span> 
     </span>
     <span class='ocr_line' id='line_1_33' title="bbox 263 2865 2008 2933; baseline -0.002 -15"><span class='ocrx_word' id='word_1_274' title='bbox 263 2866 537 2933; x_wconf 90' lang='lat' dir='ltr'><strong>superficies</strong></span> <span class='ocrx_word' id='word_1_275' title='bbox 572 2865 696 2929; x_wconf 85' lang='lat' dir='ltr'><strong>ligni</strong></span> <span class='ocrx_word' id='word_1_276' title='bbox 727 2869 831 2914; x_wconf 84' lang='lat' dir='ltr'><strong>erat</strong></span> <span class='ocrx_word' id='word_1_277' title='bbox 859 2865 1029 2914; x_wconf 89' lang='lat' dir='ltr'><strong>obsita.</strong></span> <span class='ocrx_word' id='word_1_278' title='bbox 1102 2866 1200 2927; x_wconf 82' lang='lat' dir='ltr'><strong>Qui</strong></span> <span class='ocrx_word' id='word_1_279' title='bbox 1231 2883 1340 2914; x_wconf 89' lang='lat' dir='ltr'><strong>cum</strong></span> <span class='ocrx_word' id='word_1_280' title='bbox 1369 2866 1538 2914; x_wconf 92' lang='lat' dir='ltr'><strong>sedens</strong></span> <span class='ocrx_word' id='word_1_281' title='bbox 1566 2867 1629 2914; x_wconf 93' lang='lat' dir='ltr'><strong>ad</strong></span> <span class='ocrx_word' id='word_1_282' title='bbox 1665 2884 1876 2914; x_wconf 88' lang='lat' dir='ltr'><strong>mensam</strong></span> <span class='ocrx_word' id='word_1_283' title='bbox 1911 2884 2008 2915; x_wconf 90' lang='lat' dir='ltr'><strong>non</strong></span> 
     </span>
     <span class='ocr_line' id='line_1_34' title="bbox 262 2946 2009 3012; baseline -0.001 -13"><span class='ocrx_word' id='word_1_284' title='bbox 262 2952 461 2999; x_wconf 88' lang='lat' dir='ltr'><strong>haberet</strong></span> <span class='ocrx_word' id='word_1_285' title='bbox 484 2948 546 2997; x_wconf 90' lang='lat' dir='ltr'><strong>ad</strong></span> <span class='ocrx_word' id='word_1_286' title='bbox 568 2964 764 2996; x_wconf 90' lang='lat' dir='ltr'><strong>manum</strong></span> <span class='ocrx_word' id='word_1_287' title='bbox 786 2946 872 2996; x_wconf 90' lang='lat' dir='ltr'><strong>ubi</strong></span> <span class='ocrx_word' id='word_1_288' title='bbox 896 2948 1113 2996; x_wconf 90' lang='lat' dir='ltr'><strong>oblatum</strong></span> <span class='ocrx_word' id='word_1_289' title='bbox 1137 2948 1229 2997; x_wconf 90' lang='lat' dir='ltr'><strong>sibi</strong></span> <span class='ocrx_word' id='word_1_290' title='bbox 1261 2965 1435 2997; x_wconf 89' lang='lat' dir='ltr'><strong>munus</strong></span> <span class='ocrx_word' id='word_1_291' title='bbox 1464 2953 1730 3012; x_wconf 88' lang='lat' dir='ltr'><strong>reponeret,</strong></span> <span class='ocrx_word' id='word_1_292' title='bbox 1755 2949 1890 2998; x_wconf 89' lang='lat' dir='ltr'><strong>misit</strong></span> <span class='ocrx_word' id='word_1_293' title='bbox 1921 2950 2009 2998; x_wconf 91' lang='lat' dir='ltr'><strong>hoc</strong></span> 
     </span>
    </p>
   </div>
   <div class='ocr_carea' id='block_1_3' title="bbox 265 3082 2010 3297">
    <p class='ocr_par' dir='ltr' id='par_1_4' title="bbox 321 3082 2008 3137">
     <span class='ocr_line' id='line_1_35' title="bbox 321 3082 2008 3137; baseline -0.002 -11"><span class='ocrx_word' id='word_1_294' title='bbox 321 3085 335 3109; x_wconf 92' lang='lat'>¹</span> <span class='ocrx_word' id='word_1_295' title='bbox 362 3084 509 3136; x_wconf 75' lang='lat' dir='ltr'><strong>supra]</strong></span> <span class='ocrx_word' id='word_1_296' title='bbox 539 3084 616 3124; x_wconf 89' lang='lat' dir='ltr'><strong>See</strong></span> <span class='ocrx_word' id='word_1_297' title='bbox 634 3096 673 3135; x_wconf 88' lang='lat' dir='ltr'><strong>p.</strong></span> <span class='ocrx_word' id='word_1_298' title='bbox 696 3094 760 3134; x_wconf 84' lang='lat'><strong>30.</strong></span> <span class='ocrx_word' id='word_1_299' title='bbox 792 3085 800 3092; x_wconf 87' lang='grc'><strong>”</strong></span> <span class='ocrx_word' id='word_1_300' title='bbox 1220 3085 1235 3108; x_wconf 79' lang='lat'>³</span> <span class='ocrx_word' id='word_1_301' title='bbox 1264 3085 1363 3135; x_wconf 74' lang='lat' dir='ltr'><strong>quia</strong></span> <span class='ocrx_word' id='word_1_302' title='bbox 1394 3085 1573 3137; x_wconf 78' lang='lat' dir='ltr'><strong>nullum]</strong></span> <span class='ocrx_word' id='word_1_303' title='bbox 1632 3084 1676 3124; x_wconf 85' lang='lat' dir='ltr'><strong>It</strong></span> <span class='ocrx_word' id='word_1_304' title='bbox 1716 3082 1852 3124; x_wconf 87' lang='lat' dir='ltr'><strong>would</strong></span> <span class='ocrx_word' id='word_1_305' title='bbox 1898 3097 2008 3123; x_wconf 88' lang='lat' dir='ltr'><strong>seem</strong></span> 
     </span>
    </p>

    <p class='ocr_par' dir='ltr' id='par_1_5' title="bbox 265 3137 2010 3297">
     <span class='ocr_line' id='line_1_36' title="bbox 320 3137 2010 3193; baseline -0.001 -13"><span class='ocrx_word' id='word_1_306' title='bbox 320 3140 336 3163; x_wconf 77' lang='lat'>²</span> <span class='ocrx_word' id='word_1_307' title='bbox 367 3138 728 3193; x_wconf 74' lang='lat' dir='ltr'><strong>Haqastaldensis]</strong></span> <span class='ocrx_word' id='word_1_308' title='bbox 751 3137 1110 3189; x_wconf 84' lang='lat' dir='ltr'><strong>Hagustaldes-ea,</strong></span> <span class='ocrx_word' id='word_1_309' title='bbox 1165 3139 1257 3178; x_wconf 86' lang='lat' dir='ltr'><strong>that</strong></span> <span class='ocrx_word' id='word_1_310' title='bbox 1283 3139 1496 3185; x_wconf 86' lang='lat' dir='ltr'><strong>Eadwine,</strong></span> <span class='ocrx_word' id='word_1_311' title='bbox 1522 3139 1679 3191; x_wconf 87' lang='lat' dir='ltr'><strong>though</strong></span> <span class='ocrx_word' id='word_1_312' title='bbox 1707 3139 1760 3178; x_wconf 90' lang='lat' dir='ltr'><strong>he</strong></span> <span class='ocrx_word' id='word_1_313' title='bbox 1789 3139 2010 3178; x_wconf 85' lang='lat' dir='ltr'><strong>converted</strong></span> 
     </span>
     <span class='ocr_line' id='line_1_37' title="bbox 265 3192 2009 3247; baseline -0.002 -11"><span class='ocrx_word' id='word_1_314' title='bbox 265 3194 658 3247; x_wconf 74' lang='lat' dir='ltr'><strong>Hagustaldesham,</strong></span> <span class='ocrx_word' id='word_1_315' title='bbox 688 3192 730 3233; x_wconf 86' lang='lat' dir='ltr'><strong>S.</strong></span> <span class='ocrx_word' id='word_1_316' title='bbox 761 3193 912 3232; x_wconf 84' lang='lat' dir='ltr'><strong>Chron.</strong></span> <span class='ocrx_word' id='word_1_317' title='bbox 967 3192 1108 3231; x_wconf 86' lang='lat' dir='ltr'><strong>Extol-</strong></span> <span class='ocrx_word' id='word_1_318' title='bbox 1163 3194 1369 3247; x_wconf 85' lang='lat' dir='ltr'><strong>Lindesey</strong></span> <span class='ocrx_word' id='word_1_319' title='bbox 1422 3194 1506 3234; x_wconf 83' lang='lat' dir='ltr'><strong>and</strong></span> <span class='ocrx_word' id='word_1_320' title='bbox 1566 3194 1855 3244; x_wconf 82' lang='lat' dir='ltr'><strong>East-Anglia‚</strong></span> <span class='ocrx_word' id='word_1_321' title='bbox 1931 3193 2009 3233; x_wconf 81' lang='lat' dir='ltr'><strong>left</strong></span> 
     </span>
     <span class='ocr_line' id='line_1_38' title="bbox 265 3246 1838 3297; baseline -0.001 -7"><span class='ocrx_word' id='word_1_322' title='bbox 265 3251 449 3297; x_wconf 85' lang='lat' dir='ltr'><strong>desham,</strong></span> <span class='ocrx_word' id='word_1_323' title='bbox 469 3249 570 3291; x_wconf 83' lang='lat' dir='ltr'><strong>Sim.</strong></span> <span class='ocrx_word' id='word_1_324' title='bbox 589 3248 724 3288; x_wconf 85' lang='lat' dir='ltr'><strong>Durh.</strong></span> <span class='ocrx_word' id='word_1_325' title='bbox 771 3247 881 3287; x_wconf 90' lang='lat' dir='ltr'><strong>Now</strong></span> <span class='ocrx_word' id='word_1_326' title='bbox 899 3246 1109 3288; x_wconf 81' lang='lat' dir='ltr'><strong>Hexham.</strong></span> <span class='ocrx_word' id='word_1_327' title='bbox 1165 3249 1355 3289; x_wconf 84' lang='lat' dir='ltr'><strong>Bernicia</strong></span> <span class='ocrx_word' id='word_1_328' title='bbox 1381 3249 1470 3289; x_wconf 78' lang='lat' dir='ltr'><strong>still</strong></span> <span class='ocrx_word' id='word_1_329' title='bbox 1495 3249 1541 3288; x_wconf 91' lang='lat' dir='ltr'><strong>in</strong></span> <span class='ocrx_word' id='word_1_330' title='bbox 1568 3247 1838 3289; x_wconf 82' lang='lat' dir='ltr'><strong>heathenism.</strong></span> 
     </span>
    </p>
   </div>
  </div>
 </body>
</html>
