2216 3554
752 224 998 272 Elenckus
1035 222 1277 288 Capitum.

875 397 1059 442 LIBER
1086 398 1142 438 V.

130 479 215 508 eu.

130 542 167 582 Ι.
197 542 262 582 Ut
283 539 496 580 Oidiluald
513 537 963 579 successor10udbercti
991 537 1036 577 in
1060 537 1350 578 anachoretica
1369 538 1471 585 vita,
1495 539 1723 580 laboranti-

293 596 372 635 bus
390 596 440 635 in.
452 594 557 634 mari
577 593 788 640 fratribus,
807 596 1100 645 tempestatem
1118 593 1273 633 orando
1294 594 1501 634 sedaverit

133 672 197 712 ΙΙ.
226 673 291 713 Ut
320 672 529 724 episcopus
548 669 579 709 J
581 669 764 709 ohannes
790 671 956 708 mutum
979 672 1023 709 et
1049 669 1278 709 scabiosum
1292 670 1584 710 benedicendo
1608 684 1724 711 cura-

292 727 401 766 verit

130 803 219 843 III.
247 803 312 843 Ut
330 800 513 854 puellam
530 800 800 858 languentem
819 799 975 840 orando
993 799 1205 840 sanaverit
1235 829 1244 837 .
1260 829 1270 838 .

129 879 213 919 IV.
243 879 310 919 Ut
328 877 548 929 conjugem
565 875 727 916 comitis
745 875 956 915 infirmam
981 890 1091 928 aqua
1109 875 1330 916 benedicta
1349 877 1557 917 curaverit

129 955 183 995 V.
214 955 278 995 Ut
295 954 398 994 item
416 966 591 1005 puerum
609 951 770 992 comitis
789 952 946 992 orando
963 965 988 991 a
1006 956 1139 992 morte
1158 953 1414 997 revocaverit
1458 982 1466 992 .
1483 983 1492 991 .

127 1031 210 1072 VI.
238 1031 304 1071 Ut
330 1029 525 1073 clericum
548 1041 685 1067 suum
699 1027 883 1068 cadendo
905 1028 1133 1073 contritum
1151 1042 1271 1081 aeque
1298 1029 1453 1069 orando
1476 1043 1525 1070 ac
1554 1029 1722 1070 benedi-

288 1085 417 1124 cendo
433 1097 460 1122 a
478 1087 610 1123 morte
631 1083 891 1123 revocaverit

127 1161 233 1202 VII.
262 1161 327 1202 Ut
376 1159 600 1207 Caedualla,
655 1173 731 1199 rex
779 1159 1114 1199 occidentalium
1172 1159 1396 1208 Saxonum,
1449 1113 1725 1213 baptizandus

290 1216 468 1255 Romam
487 1214 675 1254 venerit:
706 1215 778 1254 sed
806 1218 850 1254 et
876 1227 1083 1254 successor
1111 1214 1202 1266 ejus
1228 1215 1298 1254 Ini
1327 1215 1473 1257 eadem
1501 1216 1722 1256 beatorum

289 1270 568 1323 apostolorum
591 1269 736 1309 limina
762 1270 939 1309 devotus
967 1269 1118 1309 adierit

126 1347 264 1388 VIII.
291 1347 356 1388 Ut
392 1346 606 1386 Theodoro
648 1345 844 1385 defuncto
881 1345 1256 1398 archiepiscopatus
1283 1346 1462 1398 gradum
1498 1347 1724 1387 Berctuald

293 1401 546 1466 susceperit:
578 1404 622 1440 et
649 1401 759 1440 inter
785 1400 988 1452 plurimos
1010 1413 1113 1452 quos
1140 1401 1360 1451 ordinavit,
1390 1403 1518 1443 etiam
1546 1403 1724 1443 Tobiam

287 1458 425 1496 virum
444 1455 728 1495 doctissimum
748 1455 948 1495 Hrofensi
969 1456 1149 1495 ecclesiae
1170 1455 1316 1496 fecerit
1335 1457 1569 1499 antistitem

127 1526 211 1567 IX.
242 1527 308 1567 Ut
327 1525 532 1578 Ecgberct
550 1525 616 1565 vir
641 1527 808 1564 sanctus
828 1525 880 1564 ad
899 1524 1209 1576 praedicandum
1228 1525 1272 1564 in
1292 1525 1560 1566 Germaniam
1579 1525 1724 1566 venire

288 1581 479 1626 voluerit,
522 1593 598 1619 nec
628 1580 836 1619 valuerit:
875 1593 997 1631 porro
1025 1579 1242 1619 Victberct
1271 1581 1487 1620 advenerit
1530 1581 1725 1633 quidem;

293 1635 365 1675 sed
392 1635 491 1686 quia
518 1648 594 1674 nec
622 1635 711 1685 ipse
738 1634 898 1686 aliquid
925 1634 1177 1686 profecisset,
1206 1648 1373 1674 rursum
1401 1636 1446 1675 in
1475 1636 1725 1676 Hiberniam

289 1690 399 1729 unde
417 1692 599 1737 venerat,
619 1688 792 1728 redierit

124 1758 183 1797 X.
213 1757 278 1797 Ut
305 1757 503 1796 Vilbrord
531 1757 575 1796 in
603 1757 747 1796 Fresia
775 1757 1016 1809 praedicans,
1048 1757 1201 1797 multos
1229 1759 1283 1798 ad
1311 1759 1525 1799 Christum
1556 1773 1725 1800 conver-

287 1813 391 1852 terit
407 1826 417 1860 ;
448 1816 490 1851 et
509 1815 557 1851 ut
576 1812 675 1851 socii
695 1812 785 1863 ejus
803 1812 1016 1853 Heuualdi
1038 1812 1122 1852 sint
1142 1814 1392 1866 martyrium
1411 1815 1521 1866 passi

121 1881 204 1922 XI.
236 1881 301 1921 Ut
319 1881 398 1920 viri
416 1880 672 1920 venerabiles
691 1880 911 1922 Suidberct
930 1881 974 1920 in
992 1880 1217 1929 Brittania,
1237 1883 1438 1923 Vilbrord
1469 1884 1614 1923 Romae
1635 1883 1722 1923 sint

286 1936 332 1975 in
351 1935 538 1975 Fresiam
559 1935 739 1975 ordinati
759 1936 955 1988 episcopi.
1014 1966 1024 1974 .
1036 1965 1045 1975 .

122 2005 232 2046 XII.
263 2005 327 2045 Ut
365 2004 536 2056 quidam
574 2004 619 2044 in
656 2004 874 2057 provincia
913 2005 953 2044 N
960 2005 1365 2059 ordanhymbrorum
1396 2023 1421 2048 a
1448 2008 1624 2048 mortuis
1662 2021 1725 2047 re-

285 2073 470 2111 surgens,
513 2060 648 2100 multa
691 2064 734 2100 et
774 2061 990 2101 tremenda
1031 2066 1074 2102 et
1118 2061 1394 2103 desideranda
1433 2077 1526 2116 quae
1563 2063 1726 2103 viderat

286 2115 519 2154 narraverit
575 2144 586 2153 .
601 2144 611 2153 .

123 2183 259 2224 XIII.
288 2183 354 2224 Ut
372 2197 394 2222 e
413 2187 559 2223 contra
577 2184 686 2223 alter
704 2183 759 2223 ad
778 2188 956 2224 mortem
977 2185 1166 2232 veniens,
1183 2186 1373 2226 oblatum
1387 2187 1467 2227 sibi
1487 2201 1512 2227 a
1531 2187 1723 2227 daemoni-

286 2238 367 2277 bus
383 2239 563 2278 codicem
583 2252 754 2278 suorum
771 2239 926 2278 viderit
946 2245 1211 2292 peccatorum
1236 2272 1245 2280 .
1261 2272 1270 2280 .

123 2307 248 2348 XIV.
276 2308 341 2348 Ut
370 2307 471 2347 item
499 2308 606 2347 alius
629 2307 856 2348 moriturus
885 2309 1134 2361 deputatum
1162 2309 1241 2350 sibi
1267 2311 1380 2363 apud
1406 2311 1560 2352 inferos
1586 2311 1725 2351 locum

285 2376 501 2415 poenarum
529 2363 683 2403 viderit

125 2430 227 2472 XV.
259 2431 323 2472 Ut
355 2432 542 2485 plurimae
578 2432 812 2472 Scottorum
851 2433 1044 2479 ecclesiae,
1071 2434 1256 2474 instante
1291 2435 1556 2482 Adamnano,
1586 2435 1723 2475 catho-

286 2486 412 2526 licum
430 2487 585 2581 patscha
613 2488 898 2540 susceperint,
889 2502 897 2510 ·
929 2492 1061 2541 utque
1078 2489 1189 2528 idem
1209 2490 1363 2530 librum
1382 2490 1433 2530 de
1451 2491 1551 2531 locis
1571 2491 1724 2531 sanctis

288 2542 475 2593 scripsen
573 2572 582 2580 .
598 2572 607 2580 .

125 2609 251 2650 XVI.
280 2609 414 2658 Quae·
401 2624 447 2650 m
474 2610 619 2651 eodem
645 2611 754 2651 libro
780 2611 832 2652 de
861 2612 950 2652 loco
978 2613 1209 2653 Dominicae
1237 2614 1487 2663 nativitatis,
1507 2614 1723 2668 passionis,

289 2669 332 2704 et
350 2666 664 2706 resurrectionis
683 2668 1068 2708 commemoraverit

125 2732 278 2773 XVII.
308 2733 410 2828 thae
435 2734 536 2775 item
555 2735 607 2775 de
628 2735 718 2776 loco
746 2737 996 2777 ascensionis
1015 2737 1257 2788 Dominicae,
1280 2741 1323 2778 et
1347 2739 1575 2792 sepulchris
1597 2739 1725 2792 patri-

289 2801 357 2828 arc
389 2802 507 2829 arum
578 2819 589 2829 .
603 2819 614 2829 .

124 2857 303 2897 XVIII.
332 2858 397 2898 Ut
415 2858 636 2899 Australes
663 2860 846 2901 Saxones
873 2862 1082 2914 episcopos
1112 2862 1347 2916 acceperint
1375 2823 1658 2903 Eatlberctum
1682 2824 1725 2902 et

289 2913 449 2960 Eollan,
472 2914 758 2955 Occidentales
776 2916 1026 2958 Danihelem
1045 2921 1088 2958 et
1103 2917 1398 2968 Aldhelmum3
1428 2922 1471 2958 et
1490 2919 1542 2958 de
1562 2918 1725 2970 scriptis

289 2968 475 3019 ejusdem
495 2969 712 3009 Aldhelmi

125 3035 255 3076 XIX.
288 3036 353 3076 Ut
373 3037 551 3077 Coinred
571 3037 839 3086 Mereiorum,
861 3044 903 3080 et
931 3041 1025 3081 Offa
1045 3040 1324 3082 Orientalium
1345 3041 1556 3081 Saxonum
1576 3055 1649 3081 rex
1678 3041 1721 3079 in

289 3092 530 3131 monachico
551 3092 699 3133 habitu
719 3094 862 3135 Romae
882 3096 1012 3135 vitam
1039 3096 1251 3146 finierint3
1281 3101 1322 3136 et
1342 3097 1393 3136 de
1413 3098 1502 3137 vita
1522 3098 1587 3137 vel
1608 3095 1723 3135 obitu

289 3146 461 3185 Vilfridi
482 3147 664 3200 episcopi

124 3213 227 3255 XX.
257 3215 322 3256 Ut
340 3215 532 3268 religioso
553 3216 696 3257 abbati
724 3218 942 3261 Hadriano
960 3179 1157 3268 Albinus,
1178 3180 1390 3262 vilfrido
1378 3235 1422 3261 111
1442 3220 1721 3316 episcopatum

289 3271 406 3311 Acca
425 3272 669 3312 successerit
796 3303 806 3313 .
822 3303 831 3314 .
1014 3305 1024 3315 .
1040 3305 1050 3315 .
1237 3305 1248 3316 .
1259 3305 1270 3316 .

1733 220 1736 245 ⁷
1749 227 1887 276 xxvii

1787 485 1887 510 PAGE

1809 607 1887 649 290

1809 738 1885 779 292

1810 814 1889 855 294

1809 889 1885 932 295

1811 953 1889 1008 ,296

1809 1093 1886 1139 297

1809 1283 1890 1324 300

1808 1469 1886 1509 302

1808 1703 1887 1744 305

1808 1822 1887 1866 307

1810 1949 1889 1990 310

1809 2127 1889 2168 313

1810 2254 1890 2295 319

1809 2378 1884 2417 321

1809 2557 1889 2597 323

1810 2681 1887 2722 325

1809 2791 1889 2844 326

1806 3161 1882 3200 33Ι

1806 3283 1882 3325 341
