2216 3554
294 157 393 204 280
860 153 1086 201 Historia
1122 153 1462 201 Ecclesiastica
1806 150 1938 221 [Lm.
1964 170 2037 203 lv.

291 285 564 345 monachis;
615 285 701 350 qui
737 290 900 333 tamen
941 290 990 333 et
1037 285 1132 349 ipsi
1173 285 1235 332 ad
1279 302 1444 334 curam
1485 285 1697 349 episcopi
1733 286 2039 334 familiariter

289 369 602 433 pertinerent.
675 368 801 429 Quia
818 368 1053 415 nimirum
1071 369 1230 416 Aidan
1246 369 1328 432 qui
1351 368 1537 431 primus
1555 369 1656 431 ejus
1679 369 1773 416 loci
1790 369 2038 432 episcopus

289 452 398 511 fuit,
438 469 549 499 cum
586 450 831 498 monachis
868 451 984 497 illuc
1026 457 1074 498 et
1114 451 1218 514 ipse
1259 452 1526 499 monachus
1564 451 1835 509 adveniens,
1874 466 2039 497 mona-

288 533 519 581 chicam¹¹
556 533 607 580 in
654 549 708 580 eo
756 532 1163 580 conversationem
1216 534 1462 580 instituit:
1518 533 1757 596 quomodo
1804 536 1854 580 et
1902 532 2038 595 prius

286 615 457 663 beatus
503 621 642 679 pater
677 615 1002 679 Augustinus-1.
1026 615 1078 662 in
1114 615 1288 663 Cantia
1328 616 1493 663 fecisse
1534 615 1762 676 noscit-ur,
1799 615 2037 663 scribente

289 698 334 745 ei
377 698 764 747 reverentissimo
811 715 937 761 papa
982 697 1231 760 Gregorio,
1277 699 1408 762 quod
1455 704 1503 746 et
1554 699 1731 761 supra²
1771 698 2034 760 posuimus.

287 779 413 828 ‘Sed
450 781 566 844 quia
601 787 688 828 tua
721 780 1028 837 fraternitas,’
1067 779 1242 843 inquit,
1274 786 1285 805 ⁴
1302 780 1580 828 monasterii
1614 779 1794 842 regulis
1828 780 2035 838 erudita,

285 879 501 911 seorsum
536 862 643 910 fieri
678 879 776 908 non
811 861 961 909 debet*
987 877 1016 908 a
1050 861 1236 910 clericis
1271 862 1373 910 suis
1388 879 1418 922 ;v
1439 863 1490 909 in
1519 862 1715 910 ecclesia
1744 861 2032 924 Anglorum,

284 959 392 1006 quae
421 963 576 1008 nuper
599 950 810 993 auctore·
827 943 933 991 Deo
962 943 1024 990 ad
1055 943 1202 990 fidem
1233 945 1465 1007 perducta
1488 948 1575 1003 est,
1599 945 1724 992 hanc
1747 945 1890 992 debet
1925 961 2034 992 con-

281 1028 602 1076 versationem
637 1027 907 1084 instituere,
933 1042 1040 1088 quae
1075 1026 1218 1074 initio
1257 1027 1495 1075 nascentis
1524 1028 1731 1075 ecclesiae
1755 1027 1850 1075 fuit
1881 1028 2033 1090 patri-

281 1111 372 1159 bus
408 1111 586 1158 nostris
603 1127 615 1170 ;
659 1110 712 1156 in
749 1109 925 1172 quibus
966 1109 1136 1156 nullus·
1165 1126 1331 1157 eorum
1368 1126 1428 1157 ex
1464 1109 1542 1157 his
1575 1127 1683 1173 quae
1724 1109 2032 1173 possidebant

280 1194 634 1257 aliquidsssuum
659 1208 760 1240 esse
784 1192 1097 1251 dicebat,.sed
1122 1196 1262 1239 erant
1285 1191 1382 1239 illis
1407 1192 1569 1240 omnia
1594 1193 1913 1241 communia.''

933 1463 1081 1513 GAP.
1118 1463 1377 1515 XXVIII:

307 1607 359 1648 Ut
378 1607 488 1647 idem
506 1607 556 1646 in
573 1606 661 1647 vita
679 1606 964 1648 anachoretica
983 1612 1021 1647 et
1032 1606 1195 1658 fontem
1214 1607 1264 1647 de
1283 1611 1421 1647 arente
1441 1613 1551 1649 terra
1570 1609 1728 1650 orando
1741 1611 2001 1661 produxerit,

459 1679 495 1717 et
514 1683 678 1728 seyetem
696 1676 747 1716 dc
767 1675 905 1716 lab'ore
922 1689 1120 1716 momuum
1141 1675 1256 1717 ultra
1277 1679 1434 1728 tempus
1452 1678 1614 1718 serendi
1634 1681 1845 1731 acceperit.

342 1782 480 1830 Exm
516 1782 758 1832 Oudberct
794 1782 1116 1830 crescentibus
1150 1782 1338 1830 meritis
1368 1781 1606 1847 religiosae
1641 1784 1940 1845 intentionis,
1966 1789 2027 1836 ad

329 1897 549 1933 eathberht
615 1864 960 1912 anachoreticae
985 1881 1176 1928 quoque
1210 1866 1645 1929 contemplationis,
1670 1884 1775 1930 quae
1799 1868 2025 1930 diximus,

314 1949 571 2032 Ἑὲθὲΐῗξιὲἓᾱ
614 1946 808 1995 silentia
855 1951 1037 1995 secreta
1081 1947 1303 2010 pervenit
1317 1948 1348 1995 ⁸.
1436 1949 1619 1997 verum
1661 1951 1774 2014 quia
1820 1952 1879 2000 de
1924 1953 2027 2001 vita

348 2048 540 2090 [A.1).676,
614 2028 746 2075 illius
788 2034 844 2076 etv
882 2028 1151 2077 virtutibus
1192 2034 1303 2077 ante
1346 2047 1494 2078 annos
1531 2031 1694 2094 plures
1736 2033 2027 2083 sufficienter

377 2097 510 2137 mom.
613 2116 662 2158 et
696 2110 917 2158 versibus
951 2111 1168 2168 heroicis,
1205 2116 1255 2160 et
1291 2112 1499 2176 simplici
1534 2113 1750 2163 oratione
1784 2117 2025 2181 conscrip-

271 2191 436 2249 simus,
474 2191 564 2240 hoc
603 2197 798 2240 tantum
838 2193 890 2240 in
930 2194 1159 2257 praesenti
1198 2211 1570 2243 commemorare
1617 2196 1734 2245 satis
1781 2198 1857 2258 sit,
1894 2202 2025 2264 quod

270 2273 491 2321 aditurus
538 2274 746 2323 insulam
787 2280 1085 2338 protestatus
1133 2281 1206 2324 est
1252 2277 1497 2337 fratribus,
1539 2277 1730 2328 dicens:
1774 2280 1856 2328 ‘Si
1902 2281 2024 2329 mihi

269 2354 435 2402 divina
458 2356 615 2418 gratia
639 2357 691 2403 in
714 2357 819 2405 loco
842 2357 926 2405 illo
946 2358 1212 2418 donaverit,
1232 2364 1288 2406 ut
1306 2359 1366 2406 de
1384 2376 1526 2422 opere
1549 2377 1782 2409 manuum
1807 2380 2022 2413 mearum

267 2436 433 2485 vivere
469 2455 655 2501 queam,
690 2439 846 2487 libens
881 2441 949 2488 ibi
985 2441 1212 2489 morabor
1229 2459 1242 2501 3
1293 2442 1370 2489 sin
1406 2442 1537 2502 alias,
1574 2442 1637 2490 ad
1671 2460 1757 2492 vos
1792 2444 2022 2495 citissime

269 2519 375 2567 Deo
410 2521 602 2568 volente
638 2522 898 2570 reve1·tar.’'
971 2523 1090 2572 Erat
1136 2529 1298 2572 autem
1345 2525 1511 2573 locus⁴
1548 2532 1597 2574 et
1644 2542 1782 2589 aquae
1824 2543 2021 2590 prorsus

267 2605 318 2649 et
358 2601 514 2666 frugis
557 2609 605 2650 et
645 2604 831 2651 arboris
870 2604 1025 2668 inOPS,
1062 2607 1145 2653 sed
1183 2611 1233 2654 et
1273 2607 1536 2670 spirituum
1571 2608 1893 2671 malignorum
1928 2611 2020 2659 fre-

269 2684 467 2746 quentia
498 2684 721 2734 humanae
753 2686 1041 2736 habitationi
1074 2689 1236 2739 minus
1259 2691 1625 2740 accommodus:
1659 2691 1742 2741 sed
1766 2693 1827 2740 ad
1851 2700 2019 2741 votum

322 2814 336 2836 ¹
364 2813 645 2854 monachicam
665 2845 675 2854 .
697 2847 707 2856 .
720 2847 738 2856 ,.
759 2818 1115 2870 conversationem]
1172 2819 1287 2859 Beda
1305 2822 1380 2860 has
1398 2821 1474 2861 left
1493 2823 1616 2862 Lives
1635 2822 1683 2862 of
1701 2820 1770 2863 Sel
1783 2823 2021 2864 Guthberht

266 2869 342 2908 See
369 2883 409 2921 p.
436 2869 526 2919 276,
552 2869 615 2908 for
633 2870 904 2911 Trumwine's
930 2874 1050 2912 mode
1076 2875 1123 2913 of
1171 2875 1273 2915 both
1291 2876 1336 2915 in
1355 2890 1473 2930 prose
1492 2871 1575 2916 an'd
1594 2878 1637 2916 in
1657 2882 1799 2923 mette,
1822 2878 1925 2917 from
1946 2880 2019 2919 the

264 2924 349 2969 life,
382 2927 500 2963 ‘cum
538 2924 623 2963 suis
650 2925 723 2976 qui
753 2930 873 2966 erant
901 2927 945 2966 in
974 2941 1116 2967 mona-
1171 2930 1325 2970 former
1351 2931 1399 2970 of
1411 2932 1544 2971 which
1573 2933 1722 2972 almost
1749 2933 1805 2972 all
1833 2933 1908 2972 the
1932 2938 2018 2974 rest

264 2979 391 3018 sterio
410 2978 740 3031 AEbbercurnig.’
1170 2985 1216 3024 of
1232 2986 1318 3025 this
1345 2986 1452 3026 book
1479 2988 1515 3025 is
1543 2987 1684 3027 taken.
1740 2989 1830 3033 See,
1860 2988 1926 3027 for
1952 2990 2019 3028 his

320 3032 335 3054 ²
363 3034 507 3087 supra]
534 3034 602 3074 Of.v
614 3049 654 3087 p.
678 3044 743 3086 57.
1168 3040 1323 3079 arrival
1337 3045 1382 3080 at
1396 3041 1671 3091 Lindisfarne‚
1689 3042 1761 3082 the
1779 3056 1898 3096 prose
1910 3043 2014 3090 Life,

319 3089 335 3112 3
357 3089 562 3141 pervenit]
603 3100 691 3130 ΑΔ).
725 3088 819 3140 676.
879 3091 1112 3132 ‘Cudberct
1167 3108 1202 3134 c.
1229 3094 1292 3142 16,
1313 3096 1515 3140 metrical,
1534 3109 1571 3136 c.
1598 3108 1660 3148 14.

262 3144 560 3183 anachoreticae
575 3144 937 3196 contemplationis
957 3153 1114 3187 secreta
1221 3148 1238 3172 ⁵
1267 3152 1370 3191 Erat
1389 3157 1526 3192 autem
1547 3150 1674 3205 locus]
1704 3152 1832 3192 Prose
1854 3152 1957 3198 Life,
1979 3165 2015 3194 c.

262 3199 410 3251 petiit!
466 3198 681 3246 Florence,
708 3199 772 3239 M.
792 3200 851 3240 H.
867 3200 917 3240 B.
947 3215 987 3254 p.
1018 3212 1110 3253 535.
1172 3214 1235 3256 17.

2207 1196 2216 1440 -........a..b;—-—-
2210 1083 2216 1170 ..-hm
2212 1038 2216 1062 ..
2214 1019 2216 1022 Α
2212 954 2216 959 .
2212 929 2216 934 .
2213 891 2216 913 ..„
