2216 3554
362 196 428 243 70
939 190 1168 241 Historia
1201 192 1537 241 Ecclesiastica
1916 189 2051 260 [Lm.
2073 206 2106 238 1.

359 323 731 383 nutrimentum,
757 322 811 371 in
844 340 1078 373 consensu
1101 324 1345 388 perfectio,
1417 324 1485 372 Et
1520 340 1644 386 saepe
1669 322 1908 386 contingit
1929 328 1987 371 ut
2016 323 2107 371 hoc

359 407 488 471 quod
512 406 757 469 malignus.
787 406 987 469 spiritus
1023 407 1230 455 seminat
1263 407 1313 453 in
1351 406 1656 469 cogitatione,
1682 422 1791 452 caro
1815 404 1868 452 in
1901 406 2107 453 delecta·

357 490 540 537 tionem
565 489 729 536 trahat
749 504 761 548 ;
810 505 897 536 nec
920 492 1085 536 tamen
1108 488 1271 536 anima
1303 488 1458 536 eidem
1493 486 1797 534 delectationi
1822 488 2106 535 consentiat.

357 571 562 619 Etcum
594 587 702 618 caro
738 570 974 618 delectare
1006 569 1108 617 sine
1142 570 1303 618 ani-mo
1335 575 1557 633 nequeat,
1582 569 1686 632 ipse
1720 574 1883 616 tamen
1918 568 2108 616 animus

357 653 515 700 carnis
561 652 894 715 voluptatibus
940 652 1196 711 reluctans,
1243 652 1297 699 in
1344 651 1661 699 delectatione
1717 651 1898 698 carnali
1944 651 2108 714 aliquo

356 735 500 782 modo
546 735 726 798 ligatur
765 734 964 791 invitus,
1001 739 1058 782 ut
1105 733 1150 782 ei
1194 750 1255 782 ex
1301 734 1489 782 ratione
1537 733 1849 792 cont-radicat,
1885 750 1947 782 ne
1994 750 2107 781 con-

356 817 535 865 sentiat
552 834 563 877 ;
624 823 672 865 et
718 822 881 864 tamen
928 816 1244 864 delectatione
1290 817 1470 879 ligatus
1526 817 1601 876 sit,
1652 817 1736 864 sed
1794 816 2001 880 ligatum
2060 833 2108 863 se

355 899 664 948 vehementer
698 898 993 962 ingemiscat.
1064 898 1210 946 Unde
1251 901 1300 945 et
1342 899 1424 946 ille
1459 898 1662 946 caelestis
1703 899 1944 946 exercitus
1986 915 2108 962 prae-

356 982 528 1045 cipuus
551 982 689 1029 miles
712 981 933 1043 gemebat
958 980 1120 1027 dicens
1135 980 1179 1028 ¹:
1220 983 1246 1005 “
1264 979 1423 1030 Video
1447 979 1592 1027 aliam
1617 981 1773 1043 legem
1802 981 1854 1028 in
1878 982 2109 1030 membris

355 1065 476 1112 meis
511 1068 862 1127 repugnantem
898 1062 997 1126 legi
1021 1061 1198 1109 mentis
1230 1078 1363 1120 meae,
1390 1068 1438 1109 et
1467 1062 1713 1125 captivum
1741 1081 1817 1111 me
1852 1065 2108 1113 ducentem

354 1145 407 1193 in
432 1147 537 1209 lege
560 1146 758 1209 peccati,
784 1162 892 1208 quae
917 1149 988 1192 est
1012 1145 1065 1191 in
1093 1145 1323 1192 membris
1354 1144 1517 1192 meis.''
1590 1145 1643 1194 Si
1671 1149 1830 1194 autem
1858 1147 2075 1210 captivus
2091 1148 2109 1175 ²

355 1232 471 1287 erat,
498 1229 699 1276 minime
734 1227 1012 1290 pugnabat;
1058 1227 1141 1274 sed
1176 1232 1224 1275 et
1259 1227 1538 1290 pugnabat:
1585 1233 1880 1291 quapropter
1915 1235 1963 1277 et
1998 1247 2107 1294 cap-

354 1311 486 1359 tivus
529 1317 648 1370 erat,
691 1315 739 1358 et
786 1310 1033 1372 pugnabat
1079 1309 1234 1372 igitur
1270 1309 1367 1373 legi
1409 1309 1600 1367 mentis,
1649 1310 1727 1358 cui
1774 1311 1854 1358 lex
1902 1328 2010 1374 quae
2055 1313 2108 1360 in
2174 1320 2177 1322 ’

354 1393 584 1442 membris
631 1398 717 1450 est,
756 1391 1071 1455 repugnabat.
1143 1390 1197 1439 Si
1237 1395 1399 1440 autem
1446 1393 1710 1454 pugnabat,
1750 1394 1970 1457 captivus
2011 1411 2108 1442 non

353 1482 471 1524 erat.
543 1475 668 1524 Ecce
703 1475 867 1538 itaque
890 1475 1035 1522 homo
1071 1477 1160 1532 est,
1184 1478 1243 1522 ut
1275 1474 1345 1522 ita
1370 1473 1593 1534 dixerim,
1617 1476 1838 1538 captivus
1873 1481 1923 1525 et
1956 1476 2107 1537 liber3

352 1559 477 1607 liber
513 1575 574 1606 ex
607 1557 802 1621 justitia
839 1574 985 1621 quam
1024 1555 1204 1620 diligit,
1242 1556 1464 1620 captivus
1502 1574 1562 1605 ex
1603 1557 1922 1607 delectatione
1963 1576 2108 1623 quam

352 1645 515 1705 portat
538 1638 749 1689 invitus.’

1000 1762 1146 1813 CAP.
1183 1762 1449 1813 XXVIII.

392 1907 443 1948 Ut
461 1919 575 1958 papa
597 1903 816 1958 Greqorius
833 1903 1048 1956 epistolam
1068 1902 1302 1943 Arelatensi
1322 1903 1518 1955 episcop0‚
1540 1916 1615 1954 pro
1635 1903 1874 1955 adjuvando
1893 1905 1939 1946 in
1960 1919 2076 1959 opere

968 1971 1053 2012 Dei
1070 1972 1314 2023 Auyustino‚
1334 1973 1506 2014 miserit.

422 2085 713 2141 HUGUSQUE
759 2082 1094 2147 responsiones
1143 2083 1277 2132 beati
1323 2101 1459 2148 papae
1505 2083 1733 2149 Gregorii
1779 2086 1841 2134 ad
1889 2086 2108 2136 consulta

352 2167 733 2218 reverentissimi
770 2166 1002 2214 antistitis
1044 2165 1332 2230 Augustini.¹
1400 2167 1673 2230 Epistolam
1709 2186 1823 2217 vero
1872 2187 2015 2233 quam
2058 2188 2108 2219 se

352 2249 634 2300 Arelatensi
670 2250 890 2313 episcopo
927 2248 1094 2297 fecisse
1129 2255 1482 2309 commemorat,
1508 2251 1570 2297 ad
1594 2250 1862 2314 Vergilium
1886 2252 2107 2302 Aetherii

353 2343 671 2383 successorem
686 2333 702 2358 ³
728 2333 956 2380 dederat:
995 2333 1129 2395 cujus
1153 2332 1256 2380 haec
1279 2332 1431 2380 forma
1454 2335 1540 2381 est.

423 2421 435 2442 ‘
452 2414 854 2463 Reverentissimo
879 2420 928 2462 et
952 2413 1251 2462 sanctissimo
1276 2413 1418 2462 fratri
1432 2414 1652 2479 Vergilio
1671 2415 1965 2480 coepiscopo,
1985 2417 2106 2466 Gre-

352 2498 515 2563 gorius
550 2514 716 2545 servus
752 2514 1001 2545 servorum
1036 2496 1146 2545 Dei.
1219 2497 1443 2558 Quantus
1480 2497 1544 2546 sit
1580 2497 1779 2546 affectus
1802 2499 2106 2549 venientibus

351 2586 522 2645 sponte
568 2579 799 2627 fratribus
836 2578 1199 2641 impendendus,
1243 2596 1302 2628 ex
1350 2597 1405 2628 eo
1453 2580 1582 2643 quod
1622 2580 1908 2644 plerumque
1949 2582 2106 2630 solent

353 2663 572 2712 caritatis
614 2679 757 2710 causa
804 2661 1016 2720 invitari,
1060 2662 1376 2726 cognoscitur.
1449 2663 1516 2711 Et
1562 2663 1671 2711 ideo
1717 2663 1758 2711 si
1805 2681 2106 2713 communem

353 2747 555 2794 fratrem
589 2743 922 2807 August-inum
970 2744 1247 2808 episcopum
1286 2745 1348 2793 ad
1382 2762 1469 2794 vos
1504 2745 1669 2794 venire
1717 2746 1991 2810 contigerit,
2016 2747 2107 2810 ita

408 2868 423 2892 ¹
452 2866 610 2919 dicens]
632 2868 752 2907 Rom.
772 2868 842 2907 vii.
867 2879 930 2918 23.
1259 2869 1389 2909 nabat
1426 2870 1558 2921 igitur
1593 2870 1685 2923 lege
1730 2870 1894 2918 mentis,
1931 2870 1999 2910 cui
2037 2870 2106 2910 lex

408 2923 425 2946 ²
453 2923 504 2964 Si
532 2928 668 2963 autem
694 2922 894 2973 captivus]
926 2922 1015 2962 ΤΙιε
1033 2922 1205 2975 reading
1259 2938 1350 2976 quae
1369 2925 1414 2964 in
1431 2926 1627 2965 membris
1647 2929 1711 2965 est
1729 2925 2001 2978 repugnabat.
2061 2926 2106 2966 Si

353 2978 440 3019 and
466 2978 740 3030 punctuation
767 2977 812 3016 of
835 2978 920 3016 this
949 2981 1139 3017 sentence
1169 2979 1204 3017 is
1258 2979 1336 3018 hoc
1356 2980 1602 3031 pugnabat‚'
1621 2981 1693 3021 διο.

356 3047 457 3085 very
493 3033 702 3084 variously
737 3033 875 3084 given.
937 3032 1026 3072 The
1072 3032 1203 3071 Bene·
1313 3034 1330 3057 ⁸
1357 3034 1586 3086 Veryiliam
1612 3033 1795 3075 Aetherii
1826 3034 2103 3086 successorem]

355 3088 512 3128 dictine
541 3087 697 3127 edition
724 3087 799 3126 has
826 3086 899 3125 the
928 3086 1062 3125 words
1089 3087 1201 3133 thus,
1258 3087 1334 3127 See
1372 3093 1470 3128 note
1512 3102 1546 3137 2,
1584 3103 1623 3141 p.
1661 3101 1725 3140 51.
1784 3089 2024 3141 According
2060 3093 2105 3129 to

356 3143 425 3183 ‘Si
445 3146 586 3182 autem
605 3142 793 3194 captivus
812 3155 894 3180 non
913 3145 1015 3187 erat,
1031 3142 1202 3180 minime
1257 3143 1444 3195 Gregory
1472 3145 1519 3183 of
1541 3145 1684 3193 Tours,
1716 3145 1774 3184 ix.
1815 3155 1880 3194 23,
1917 3144 2105 3183 Licerius
2184 3191 2188 3196 ,

356 3198 593 3251 pugnabat:
640 3196 713 3236 sed
750 3200 793 3236 et
838 3197 1066 3248 pugnabat,
1104 3209 1204 3247 qua-
1259 3210 1344 3237 was
1359 3198 1578 3251 Virgilius’
1597 3199 1858 3252 predecessor
1874 3199 1918 3238 in
1937 3199 2010 3239 the
2029 3199 2105 3239 See

355 3259 523 3306 propter
539 3251 729 3304 captivus
754 3263 836 3291 non
860 3254 962 3291 erat.
1019 3251 1076 3291 Et
1100 3264 1202 3304 pug-
1258 3252 1306 3291 of
1319 3253 1457 3294 Arles.
