2216 3554
781 150 1095 214 Ecyberctwn
1127 148 1422 200 Antistitem.
1879 154 1977 199 395

218 281 509 334 Ambrosius
523 282 540 311 ¹
587 282 678 332 hoc
717 281 777 332 de
817 281 914 331 fide
955 281 1156 345 loquens
1195 280 1438 339 admonet,
1480 286 1537 329 ut
1583 280 1734 330 verba
1774 279 1978 344 symboli

219 366 474 416 matutinis
498 383 688 430 semper
709 364 841 414 boris
871 363 1034 413 fideles
1059 364 1239 428 quique
1263 363 1534 423 decantent,
1560 367 1609 412 et
1639 364 1730 411 hoc
1761 379 1811 411 se
1840 361 1981 426 quasi

219 450 441 499 antidoto
477 448 685 514 spiritali
726 453 896 498 contra
931 446 1114 496 diaboli
1150 463 1337 496 venena
1373 463 1481 510 quse
1518 447 1617 495 illis
1653 445 1867 495 interdiu
1900 445 1980 494 vel

217 539 366 582 noctu
386 537 495 582 astu
513 532 726 596 maligno
747 530 952 595 objicere
971 534 1147 594 posset,
1166 529 1513 595 praemuniant.
1565 529 1850 579 Orationem
1864 545 1980 577 vero

218 614 526 665 Dominicam
558 615 734 681 saepius
768 613 1017 664 decantari
1050 613 1154 677 ipsa
1186 613 1333 662 etiam
1358 630 1445 662 nos
1478 613 1775 662 consuetudo
1799 612 1979 661 sedulae

216 697 573 762 deprecationis
597 716 652 748 ac
676 715 891 763 genuum
915 696 1137 746 flexionis
1160 696 1336 745 docuit.

286 781 429 842 Quod
461 782 502 830 si
534 781 637 830 haec
668 785 726 829 ut
758 797 881 846 sugg
882 780 1063 829 erimus
1094 779 1145 827 in
1174 779 1398 844 regendis
1421 778 1771 843 pascendisque
1796 777 1980 828 Christi

216 864 388 913 ovibus
412 870 499 914 tua
522 863 778 929 pastoralis
803 863 1069 913 auctoritas
1098 862 1366 927 perfecerit,
1393 862 1490 911 dici
1519 879 1617 911 non
1641 866 1801 927 potest
1826 878 1980 927 quan-

215 952 324 997 tum
382 947 477 996 tibi
535 964 756 1012 supernae
821 946 1054 996 mercedis
1116 945 1247 1010 apud
1314 946 1565 995 Pastorem
1622 950 1870 1010 pastorum
1928 945 1981 992 in

214 1029 381 1079 futuro
418 1031 778 1095 praeparaveris.
853 1030 1049 1092 Quanto
1090 1029 1223 1078 enim
1257 1028 1442 1079 rariora
1481 1029 1626 1094 hujus
1667 1028 1981 1079 sacratissimi

214 1113 374 1178 operis
409 1114 462 1162 in
487 1114 726 1179 episcopis
760 1117 940 1162 nostrae
971 1111 1130 1177 gentis
1159 1111 1383 1175 exempla
1413 1111 1611 1176 reperis,
1636 1115 1775 1160 tanto
1807 1111 1982 1160 altiora

214 1196 474 1261 singularis
499 1197 666 1247 meriti
698 1197 900 1262 praemia
932 1195 1136 1260 recipies
1154 1211 1167 1255 3
1207 1198 1377 1260 utpote
1402 1195 1486 1259 qui
1514 1195 1750 1259 populum
1773 1194 1867 1243 Dei
1892 1212 1982 1258 per

214 1280 431 1328 crebram
469 1280 680 1345 symboli
722 1280 798 1329 vel
852 1278 1085 1347 orationis
1125 1293 1273 1326 sacrae
1309 1278 1697 1327 decantationem
1734 1279 1797 1328 ad
1837 1278 1981 1328 intel-

212 1363 408 1423 lectum,
447 1380 676 1423 amorem,
714 1380 859 1427 spem,
898 1361 1057 1419 fidem,
1083 1364 1133 1410 et
1168 1360 1536 1424 inquisitionem
1572 1361 1835 1411 eorundem
1871 1378 1981 1426 quae

213 1444 536 1494 decantantur
559 1446 822 1494 caelestium
846 1445 1098 1503 donorum,
1122 1447 1326 1508 paterna
1357 1444 1541 1508 pietate
1565 1462 1620 1495 ac
1652 1444 1981 1494 sollicitudine

210 1531 530 1591 provocatum
566 1528 853 1577 accenderis.
947 1526 1088 1577 Sicut
1123 1544 1149 1575 e
1186 1526 1428 1576 contrario
1463 1528 1506 1576 si
1541 1529 1852 1578 commissum
1887 1527 1982 1577 tibi

211 1627 241 1659 a
264 1609 483 1659 Domino
508 1611 760 1676 negotium
784 1611 946 1660 minus
966 1610 1233 1675 diligenter
1251 1611 1577 1675 compleveris,
1597 1629 1686 1676 pro
1710 1612 1983 1661 retentione

211 1693 389 1743 talenti
425 1710 536 1742 cum
571 1711 711 1743 servo
754 1711 961 1759 nequam
1006 1699 1055 1743 et
1102 1693 1244 1757 pigro
1285 1700 1479 1758 partem
1515 1712 1565 1744 es
1606 1700 1888 1760 recepturus
1929 1695 1982 1744 in

211 1776 381 1825 futuro
405 1795 414 1825 :
453 1777 664 1826 maxime
690 1778 731 1826 si
755 1778 1044 1842 temporalia
1068 1777 1130 1825 ab
1154 1777 1253 1825 illis
1278 1779 1531 1828 commoda
1554 1779 1804 1843 requirere
1836 1784 1983 1844 atque

212 1859 428 1924 accipere
463 1861 847 1925 praesumpseris,
879 1861 1057 1925 quibus
1089 1861 1227 1909 nulla
1262 1861 1464 1911 caelestis
1500 1862 1719 1912 beneficii
1749 1863 1877 1911 dona
1908 1879 1982 1910 re-

210 1943 421 2007 pendere
443 1943 738 2007 probaveris.
813 1942 938 1992 Oum
977 1943 1106 1993 enim
1141 1943 1383 1993 Dominus
1416 1945 1616 1994 mittens
1648 1946 1711 1994 ad
1740 1944 1983 2010 evangeli-

211 2026 420 2076 zandum
445 2026 713 2090 discipulos
746 2026 1010 2076 dixisset²z
1051 2027 1264 2076 ‘Euntes
1297 2033 1461 2076 autem
1488 2029 1746 2094 praedicate
1771 2029 1983 2077 dicentes

213 2109 327 2173 quia
367 2109 733 2175 appropinquat
780 2127 987 2174 regnum
1035 2111 1265 2160 coelorum
1285 2127 1296 2160 z
1314 2111 1326 2132 '
1373 2111 1520 2176 paulo
1562 2116 1675 2177 post
1715 2112 1980 2176 subjunxit,

212 2192 378 2240 dicens
392 2192 410 2218 ³
433 2211 443 2241 z
484 2196 496 2218 ‘
516 2192 682 2241 Gratis
706 2194 972 2258 accepistis,
993 2195 1146 2259 gratis
1170 2195 1312 2255 date3
1349 2195 1499 2244 nolite
1522 2196 1769 2259 possidere
1792 2213 1981 2255 aurum,

214 2291 371 2339 neque
407 2274 695 2339 argentum.'
787 2276 842 2326 Si
878 2293 993 2342 ergo
1028 2277 1139 2326 illos
1171 2277 1325 2341 gratis
1360 2278 1685 2343 Evangelium
1719 2279 1984 2345 praedicare

211 2424 297 2466 and
327 2425 519 2479 Blessing
550 2426 614 2467 for
644 2427 719 2468 the
740 2428 869 2481 Laity
893 2429 988 2469 who
1017 2428 1070 2469 do

210 2485 289 2521 not
327 2481 586 2522 understand
624 2483 763 2525 Latin.
768 2484 778 2500 ’
834 2484 936 2524 This
972 2498 1071 2538 may

210 2549 315 2590 very
332 2537 517 2590 possibly
535 2538 643 2578 have
663 2539 768 2579 been
792 2539 923 2579 Beda’
925 2554 943 2579 s
963 2554 1068 2581 own.

211 2591 256 2631 It
286 2605 373 2632 was
405 2593 604 2633 ordained
628 2607 674 2634 as
705 2594 863 2634 follows
904 2595 960 2648 by
996 2595 1068 2635 the

211 2647 344 2700 synod
390 2647 436 2687 of
470 2648 699 2689 Cloveshoe
746 2650 791 2688 in
829 2661 918 2691 A..D
962 2659 1066 2703 747:

215 2702 308 2743 ‘Ut
323 2703 614 2757 presbyteri..
639 2705 897 2757 ‚symbolum
911 2706 1008 2746 fidei
1021 2719 1070 2746 ac

211 2758 479 2798 Dominicam
505 2760 746 2807 orationem,
769 2760 843 2801 sed
868 2765 911 2801 et
939 2774 1072 2801 sacro-

211 2817 357 2853 sancta
386 2827 550 2866 quoque
584 2815 711 2855 verba
740 2829 832 2868 quae
861 2816 907 2856 in
935 2816 1071 2857 missae

212 2868 501 2916 celebratione,
535 2873 578 2909 et
611 2870 745 2910 officio
779 2871 974 2924 baptismi
1008 2886 1070 2912 so·

212 2923 394 2963 lenniter
417 2924 626 2974 dicuntur,
651 2925 919 2979 interpretari
944 2931 1072 2980 atque

213 2992 418 3044 exponere
455 2993 573 3032 posse
611 2982 778 3034 propria
815 2982 960 3046 lingua
998 2984 1071 3036 qui

212 3034 400 3074 nesciant
426 3034 611 3082 discant;
642 3049 803 3077 necnon
832 3038 983 3090 etipsa
1008 3052 1071 3078 sa—

211 3093 426 3130 cramenta
438 3104 530 3143 quae
550 3092 594 3131 in
611 3092 738 3132 missa
756 3105 805 3132 ac
818 3093 1071 3145 baptismate

212 3145 320 3184 vel'
308 3158 353 3184 in
372 3145 465 3185 aliis
490 3146 776 3187 ecclesiasticis
803 3149 947 3188 officiis
973 3149 1069 3189 visi-

211 3199 356 3240 biliter
375 3201 666 3250 conficiuntur,
680 3203 779 3255 quid
796 3204 1071 3256 spiritualiter

211 3254 446 3308 significent
475 3257 654 3298 ediscere
682 3258 908 3301 studeant?
963 3260 1070 3300 Wil-

1126 2429 1236 2477 kins,
1256 2429 1284 2470 i.
1301 2428 1368 2482 96.
1418 2430 1495 2471 See
1516 2434 1586 2470 too
1605 2444 1631 2471 a
1649 2431 1731 2471 law
1746 2430 1794 2471 of
1807 2430 1985 2476 Canute,

1128 2485 1218 2525 ‘Ut
1251 2486 1482 2525 orationem
1512 2486 1779 2527 Dominicam
1802 2489 1844 2526 et
1874 2499 1984 2538 sym-

1126 2540 1268 2580 bolum
1299 2541 1509 2592 calleantss
1541 2542 1697 2594 quoted
1729 2542 1788 2595 by
1820 2541 1983 2587 Elstob,

1123 2609 1164 2648 p.
1184 2609 1310 2636 xxxv.

1180 2650 1193 2672 ¹
1221 2651 1477 2706 Ambrosius]
1522 2653 1589 2693 De
1626 2652 1883 2706 Virginibus,
1921 2651 1984 2692 iii.

1125 2718 1166 2758 4,
1184 2718 1260 2746 20.
1283 2707 1556 2760 ‘Symbolum
1571 2722 1736 2761 quoque
1750 2707 1984 2760 specialiter

1127 2761 1326 2802 debemus
1344 2766 1547 2816 tanquam
1567 2764 1698 2804 nostri
1721 2763 1983 2816 signaculum

1126 2817 1261 2857 cordis
1285 2818 1548 2860 antelucanis
1574 2819 1687 2859 horis
1707 2818 1894 2872 quotidie
1920 2830 1983 2856 re-

1126 2885 1313 2913 censere:
1355 2887 1438 2927 quo
1471 2875 1602 2915 etiam
1635 2888 1730 2914 cum
1767 2875 1983 2913 horremus

1125 2928 1301 2981 aliquid,
1357 2931 1497 2970 animo
1551 2930 1848 2970 recurrendum
1903 2932 1980 2967 est.

1126 2983 1303 3032 Quando
1352 2985 1463 3025 enim
1510 2986 1600 3026 sine
1646 2985 1807 3025 militiae
1850 2996 1982 3023 sacra-

1125 3043 1266 3080 mento
1296 3040 1418 3081 miles
1447 3041 1492 3081 in
1523 3041 1715 3087 tentorio,
1736 3040 1912 3080 bellator
1938 3038 1982 3077 in

1125 3094 1320 3147 praelio‘e’

1179 3149 1196 3172 ²
1223 3150 1414 3204 dixisset]
1445 3153 1575 3192 Matt.
1593 3166 1633 3191 x.
1656 3159 1692 3203 7.

1178 3205 1194 3229 ³
1222 3206 1382 3260 dicens]
1414 3207 1478 3247 Ib.
1501 3209 1540 3254 8,
1560 3219 1599 3260 9.
