2216 3554
302 152 400 198 234
877 144 1107 196 Historia
1144 147 1482 196 Ecclesiastica
1833 142 1968 215 [Lm.
1985 163 2054 198 1v.

300 278 583 326 introducta
623 284 696 327 est
742 279 805 327 ad
846 279 1188 341 cymiterium:
1238 285 1287 327 et
1328 295 1438 326 cum
1478 278 1660 327 ibidem
1696 279 1884 327 diutius
1919 281 2056 328 flexis

301 361 507 425 genibus
531 367 703 420 oraret,
729 361 884 408 nihilo
909 361 1096 409 tardius
1128 360 1569 409 meruitexaudiri.
1640 361 1770 409 Nam
1794 379 2057 425 exsurgens

300 444 363 492 ab
387 443 619 501 oratione,
645 443 931 506 priusquam
962 444 1119 491 exiret
1147 445 1207 491 de
1237 444 1355 502 loco,
1393 443 1559 506 petitae
1589 444 1712 491 lucis
1744 444 1954 507 gratiam
1986 461 2058 491 re-

302 526 464 589 cepit:
501 533 550 574 et
583 542 693 589 quae
726 525 1018 574 famularum
1052 520 1276 573 manibus
1311 526 1523 574 adducta
1556 526 1729 585 fuerat,
1766 526 1871 590 ipsa
1905 526 2059 573 libero

301 609 482 672 pedum
514 608 701 656 incessu
735 608 934 656 domum
970 609 1083 656 laeta
1117 625 1313 656 reversa
1349 612 1449 668 est;
1487 608 1627 670 quasi
1659 608 1721 656 ad
1755 608 1847 656 hoc
1882 609 2059 655 solum-

302 691 445 740 modo
470 691 628 738 lucem
646 691 895 739 amitteret
919 691 1247 754 temporalem,
1269 695 1326 738 ut
1350 696 1532 754 quanta
1557 698 1747 739 sanctos
1768 690 1951 739 Christi
1975 691 2060 738 lux

302 773 355 821 in
392 773 532 841 caelis,
565 790 672 837 quae
707 773 867 837 gratia
901 773 1103 822 virtutis
1137 774 1421 837 possideret,
1453 792 1539 823 sua
1574 773 1823 822 sanatione
1858 774 2058 822 demon-

302 861 493 906 straret.

1044 1147 1198 1196 OAP.
1236 1147 1331 1196 XI.

379 1295 430 1337 Ut
457 1309 528 1336 rex
555 1294 733 1348 ejusdem
753 1296 981 1348 provinciae
1010 1295 1147 1342 Sebbi,
1175 1294 1222 1335 in
1249 1280 1491 1336 monachica
1518 1294 1648 1336 vitam
1678 1295 1980 1337 conversatione

1087 1365 1266 1416 finierit.

371 1498 447 1547 Eo
482 1501 700 1562 tempore
737 1504 944 1562 praeerat
986 1516 1137 1562 regno
1179 1498 1507 1548 Orientalium
1544 1497 1806 1558 Saxonum,
1842 1503 1899 1546 ut
1934 1497 2065 1546 idem

303 1581 452 1630 etiam
488 1581 685 1630 libellus
721 1583 877 1642 docet,
911 1581 990 1631 vir
1025 1582 1238 1630 multum
1275 1582 1381 1630 Deo
1417 1581 1636 1641 devotus,
1671 1580 1866 1629 nomine
1902 1580 2065 1638 Sebbi,

303 1663 442 1727 eujus
467 1665 646 1727 supra¹
677 1664 1002 1713 meminimus.
1073 1664 1199 1712 Erat
1231 1663 1362 1711 enim
1393 1662 1633 1726 religiosis
1657 1662 1859 1721 actibus,
1885 1661 2065 1710 crebris

303 1738 542 1810 precibus,
600 1746 693 1810 piis
749 1747 1165 1810 eleemosynarum
1210 1745 1450 1794 fructibus
1501 1745 1772 1809 plurimum
1818 1744 2061 1803 intentus;

303 1829 459 1878 vitam
494 1829 737 1892 privatam
771 1835 820 1878 et
856 1829 1187 1877 monachicam
1220 1828 1407 1877 cunctis
1442 1828 1580 1893 regni
1612 1828 1799 1876 divitiis
1830 1831 1881 1876 et
1914 1827 2065 1876 hono-

303 1912 440 1960 ribus
476 1912 750 1975 praeferens,
777 1929 922 1975 quam
952 1915 1003 1960 et
1038 1911 1153 1959 olim
1183 1911 1298 1974 jam,
1335 1910 1375 1959 si
1410 1928 1508 1959 non
1544 1911 1818 1959 obstinatus
1847 1910 2066 1974 conjugis

304 1994 496 2043 animus
521 1993 788 2042 divortium
814 1997 1027 2057 negaret,
1053 1993 1221 2041 relicto
1254 2010 1404 2056 regno
1430 1993 1669 2042 subiisset.
1723 1993 1871 2041 Unde
1898 1990 2066 2041 multis

304 2077 466 2126 visum
502 2082 551 2124 et
588 2094 715 2140 saepe
750 2077 935 2124 dictum
974 2081 1061 2136 est,
1097 2077 1214 2140 quia
1248 2077 1362 2125 talis
1398 2076 1549 2124 animi
1581 2076 1756 2135 virum,
1787 2075 2066 2139 episcopum

304 2158 459 2223 magis
496 2177 645 2224 quam
679 2177 845 2223 regem
877 2159 1094 2207 ordinari
1126 2160 1333 2208 deceret.
1405 2159 1624 2223 Cumque
1651 2175 1804 2207 annos
1831 2158 2067 2223 triginta²

389 2271 472 2298 Aa).
493 2264 567 2304 ⁶94·
652 2242 704 2290 in
739 2259 889 2305 regno
925 2242 1066 2290 miles
1101 2241 1240 2304 regni
1277 2241 1482 2289 caelestis
1520 2241 1772 2304 exegisset,
1815 2245 2068 2305 correptus

334 2312 620 2403 {ffiblgggffffis
649 2330 722 2373 est
747 2323 963 2388 corporis
987 2324 1275 2372 infirmitate
1306 2324 1620 2387 permaxima,
1647 2341 1742 2387 qua
1766 2328 1816 2372 et
1846 2331 2068 2372 mortuus

316 2412 358 2447 οἵ
369 2411 753 2455 East-Angliaffisss:
791 2405 1157 2470 ammonuitque
1190 2409 1456 2469 conjugem,
1486 2413 1544 2455 ut
1574 2406 1652 2454 vel
1682 2411 1801 2454 tunc
1826 2405 1993 2454 divino
2017 2423 2067 2453 se

306 2489 505 2540 servitio
552 2489 738 2553 pariter
785 2475 1135 2553 manciparent,
1185 2506 1296 2537 cum
1343 2489 1553 2552 amplius
1598 2488 1784 2552 pariter
1829 2489 2068 2536 mundum

313 2572 556 2636 amplecti,
581 2573 659 2621 vel
682 2572 845 2635 potius
869 2572 1050 2619 mundo
1074 2571 1253 2620 servire
1273 2588 1370 2619 non
1387 2576 1597 2635 possent.
1648 2571 1789 2632 Quod
1809 2571 1925 2619 dum
1943 2588 2069 2634 aegre

308 2657 596 2719 impetraret
616 2655 677 2702 ab
693 2672 760 2715 ea,
777 2654 915 2703 venit
930 2655 992 2703 ad
1012 2655 1284 2703 antistitem
1302 2654 1570 2702 Lundoniae
1590 2653 1819 2712 civitatis,
1834 2653 2068 2701 vocabulo

305 2737 540 2786 Valdheri
555 2737 586 2795 ³,
625 2736 712 2800 qui
756 2737 1062 2784 Erconualdo
1101 2741 1425 2797 successerat3
1474 2742 1524 2784 et
1570 2753 1658 2799 per
1698 2737 1802 2798 ejus
1846 2734 2068 2784 benedic-

307 2819 506 2878 tionem,
524 2818 748 2866 habitum
767 2818 1016 2881 religionis
1033 2835 1176 2882 quem
1194 2818 1282 2866 diu
1297 2818 1618 2875 desiderabat,
1633 2817 1828 2880 accepit.
1875 2816 2070 2865 Attulit

307 2907 472 2951 autem
521 2901 677 2950 eidem
725 2905 775 2949 et
822 2917 1062 2949 summam
1109 2901 1326 2965 pecuniae
1372 2917 1471 2948 non
1517 2918 1731 2963 parvam,
1772 2899 2068 2963 pauperibus

361 3054 377 3078 ¹
404 3055 554 3107 supra]
586 3055 635 3096 P.
660 3065 752 3093 210.
1218 3054 1293 3105 ing
1310 3058 1354 3093 to
1372 3053 1484 3092 their
1499 3053 1599 3105 days
1618 3053 1663 3091 in
1675 3052 1736 3092 St.
1754 3049 1909 3091 Paul's.
1949 3051 2064 3091 Stev.

364 3108 381 3132 ²
410 3109 608 3162 triyinta]
636 3109 771 3148 Sebbe
805 3107 1045 3155 succeeded‚
1072 3120 1162 3150 ΑΛ).
1273 3109 1288 3132 ³
1328 3107 1545 3160 Valdheri]
1570 3107 1809 3157 waldhere,
1831 3106 1930 3146 S.V.
1975 3105 2069 3143 The·

311 3163 407 3215 665,
427 3165 510 3204 and
530 3164 637 3213 died,
661 3174 747 3204 A.D.
771 3161 866 3215 694.
921 3163 1060 3202 Stowe
1079 3165 1162 3203 and
1217 3163 1315 3203 date
1349 3163 1391 3202 of
1421 3162 1729 3203 Earconwald's
1767 3160 1894 3202 death.
1926 3160 1962 3200 is
1993 3172 2065 3200 un-

308 3220 491 3260 Weever
504 3220 633 3272 speak
648 3219 694 3259 of
707 3218 772 3258 his
791 3218 906 3258 tomb
922 3231 967 3258 as
985 3219 1161 3258 remain-
1217 3218 1389 3261 certain.

2183 2702 2206 2972 ἕ
