2216 3554
376 204 470 250 180
945 197 1173 247 Historia
1207 197 1545 246 Ecclesiastica
1887 193 2020 264 [Lm.
2040 210 2118 246 111.

370 351 523 382 annos
546 332 623 382 sui
653 331 956 396 episcopatus
975 331 1033 380 de
1057 331 1147 380 hac
1170 330 1274 379 vita
1298 331 1558 388 subtracto,
1585 327 1926 391 Berctgilsum,
1945 345 2118 391 cogno·

370 416 501 465 mine
525 414 826 465 Bonifatium
850 414 909 461 (16
933 413 1184 477 provincia
1202 413 1576 462 Cantuariorum
1597 411 1702 459 loco
1727 413 1829 473 ejus
1853 408 2117 458 substituit,

443 525 636 562 Honorius
708 497 775 544 Et
802 497 906 560 ipse
931 513 1121 560 quoque
1153 495 1419 554 Honorius,
1443 499 1701 557 postquam
1726 496 1880 540 metas
1906 492 1982 539 sui
2012 507 2119 539 cur-

455 626 480 662 S
499 577 614 661 ᾶῖθδό
713 597 793 627 8118
823 578 1058 642 implevit,
1091 595 1150 626 ex
1186 578 1276 626 hac
1311 578 1416 624 luce
1448 575 1679 639 migravit
1709 591 1836 622 anno
1871 575 1932 621 ab
1967 573 2119 621 incar-

454 636 537 711 33.
549 638 625 717 1Ξῇ
710 659 905 708 natione
939 660 1139 708 Domini
1169 659 1511 708 sexcentesimo
1536 656 1935 721 quinquagesimo
1958 654 2120 714 tertio,

424 726 502 760 and
515 726 548 761 is
564 736 645 761 suc·

439 775 579 810 needed
593 776 644 817 by
709 742 865 806 pridie
900 743 1218 791 kalendarum
1251 741 1569 790 Octobrium:
1607 743 1657 788 et
1691 742 1906 787 cessante
1942 737 2122 801 episco-

431 822 652 860 Deusdedit.
709 829 830 887 patu
865 841 952 887 per
985 841 1169 872 annum
1204 830 1253 872 et
1289 840 1374 872 sex
1408 839 1611 882 111611868,
1644 822 1824 870 61661118
1860 824 1934 868 681
1968 818 2122 867 archi-

369 902 623 967 episcopus
657 906 898 954 cathedrae
931 906 1314 954 Doruvernensis
1351 910 1515 954 sextus
1548 903 1852 952 Deusdedit¹
1888 903 1946 950 de
1981 908 2122 965 gente

370 984 754 1034 Occidentalium
779 987 1024 1036 Saxonum
1043 1005 1053 1036 :
1092 1005 1237 1052 quem
1256 988 1568 1036 ordinaturus
1586 986 1721 1035 venit
1746 986 1863 1034 111116
1886 984 2121 1043 Ithamar,

370 1067 567 1116 antistes
602 1069 810 1118 ecclesiae
850 1070 1116 1118 Hrofensis.
1190 1070 1454 1137 Ordinatus
1490 1074 1564 1118 est
1599 1075 1761 1118 autem
1798 1069 1874 1116 die
1911 1066 2119 1130 septimo

459 1194 622 1230 Damian
709 1152 1024 1200 kalendarum
1076 1151 1341 1216 Aprilium,
1389 1158 1438 1201 et
1493 1151 1624 1199 rexit
1679 1150 1925 1199 ecclesiam
1972 1166 2123 1197 annos

446 1243 580 1286 bishop
594 1245 637 1279 οι·
711 1251 899 1293 novem,
938 1251 1124 1283 menses
1161 1239 1362 1298 septem,
1393 1238 1442 1282 et
1474 1234 1593 1281 duos
1631 1234 1765 1292 dies3
1802 1237 1852 1281 et
1887 1232 2002 1295 ipse,
2040 1231 2122 1278 (16-

437 1292 655 1331 Boohester.
710 1317 878 1365 functo
909 1317 1146 1377 Ithamar,
1174 1317 1470 1365 consecravit
1504 1333 1592 1380 pro
1623 1333 1678 1364 eo
1711 1315 2007 1363 Damianum
2040 1313 2123 1377 qui

369 1400 427 1447 de
450 1416 622 1463 genere
646 1399 958 1449 Australium
984 1400 1234 1450 Saxonum
1258 1407 1362 1450 erat
1387 1399 1633 1449 oriundus.

1075 1637 1222 1686 OAP.
1272 1637 1410 1685 XXI.

442 1775 494 1816 Ut
508 1777 731 1829 provincia
750 1776 1148 1817 Mediterraneorum
1168 1774 1397 1826 Anylorum
1425 1774 1498 1816 aab
1518 1787 1608 1826 reye
1629 1774 1772 1814 Peada
1792 1772 2043 1817 Christiana

1150 1845 1207 1885 sit
1214 1845 1352 1896 facta.

439 1971 539 2020 HIS
562 1972 864 2035 temporibus
888 1971 1202 2035 Middilangli
1216 1972 1248 2031 ²,
1273 1970 1324 2018 id
1348 1973 1434 2029 681,
1459 1969 1807 2018 Mediterranei
1838 1968 2008 2033 Angli,
2032 1969 2124 2017 sub

421 2089 500 2124 The
513 2090 658 2126 Middle
707 2055 927 2118 principe
962 2055 1121 2103 Peada
1154 2054 1256 2103 filio
1291 2053 1493 2101 Pendan
1528 2052 1668 2115 regis,
1705 2051 1851 2099 fidem
1887 2057 1936 2099 et
1971 2068 2123 2099 sacra·

421 2139 561 2182 Angles
576 2151 660 2175 0011·
710 2143 872 2185 menta
894 2137 1118 2185 veritatis
1143 2141 1494 2200 perceperunt:
1532 2135 1617 2198 qui
1641 2151 1751 2182 cum
1781 2140 1905 2182 esset
1932 2134 2125 2197 juvenis

450 2190 630 2280 [Χῗθέςς
711 2220 937 2283 οΡ11111118,
980 2237 1034 2268 ac
1071 2220 1200 2282 regis
1238 2219 1430 2266 nomine
1466 2235 1522 2266 86
1558 2234 1761 2281 persona
1793 2217 2123 2281 dignissimus,

429 2288 464 2322 S·
481 2289 652 2331 Chron.]‚
710 2303 938 2365 praelatus
963 2306 1035 2349 681
1052 2319 1082 2350 a
1099 2308 1237 2365 patre
1260 2317 1406 2365 regno
1431 2300 1591 2365 gentis
1614 2299 1776 2361 illius;
1814 2300 2044 2364 venitque
2063 2300 2125 2348 ad

370 2397 531 2443 regem
556 2382 608 2430 N
610 2384 1079 2448 ordanhymbrorum
1110 2384 1281 2444 Osuiu,
1305 2383 1557 2447 postulans
1593 2382 1742 2431 filiam
1777 2384 1879 2445 ejus
1911 2381 2124 2430 Alchfle—

370 2464 482 2511 dam
518 2465 610 2513 sibi
646 2469 896 2531 conjugem
928 2467 1060 2516 dari:
1097 2484 1252 2531 neque
1287 2466 1428 2514 aliter
1465 2465 1593 2529 quod
1627 2465 1824 2529 petebat
1859 2464 2125 2528 impetrare

370 2547 546 2608 potuit,
571 2548 666 2596 nisi
701 2549 845 2597 fidem
875 2549 1062 2598 Christi
1093 2566 1148 2597 ac
1183 2549 1439 2612 baptisma,
1465 2564 1576 2596 cum
1612 2553 1754 2611 gente
1790 2547 1870 2595 cui
1904 2551 2124 2610 praeerat,

370 2628 617 2691 acciperet.
691 2630 760 2679 At
792 2632 873 2679 ille
897 2631 1062 2680 audita
1093 2631 1437 2696 praedicatione
1468 2629 1707 2689 veritatis,
1733 2635 1783 2678 et
1813 2630 2126 2693 promissione

343 2774 346 2776 ’
370 2769 455 2808 and
472 2770 667 2809 southern
695 2771 873 2823 portion,
896 2772 1127 2824 comprised
1147 2772 1220 2811 the
1329 2770 1346 2793 ²
1374 2770 1668 2823 Middilanyli]
1705 2771 1838 2810 ‘Now
1860 2770 1933 2810 the
1961 2769 2124 2809 Middle

370 2824 708 2864 mamb-districts
736 2825 785 2865 of
800 2826 881 2878 Ely
900 2827 983 2865 and
1007 2827 1218 2879 Hunting-
1274 2827 1447 2872 Saxons,
1486 2826 1621 2865 under
1662 2826 1803 2865 Peada
1848 2825 1922 2865 the
1969 2825 2126 2864 ealdor-

371 2879 577 2927 donshire,
598 2880 747 2920 almost
775 2894 821 2919 as
850 2881 912 2920 far
938 2894 984 2920 as
1013 2881 1220 2922 Lincoln.'
1273 2894 1384 2928 man,
1422 2881 1611 2921 received
1649 2881 1722 2920 the
1763 2887 1854 2919 true
1889 2880 2025 2919 faith!
2079 2880 2120 2919 S.

371 2933 502 2986 Lapp.
535 2933 563 2975 1.
597 2946 664 2985 43.
723 2936 933 2974 ‘Reaches
976 2936 1218 2988 sixty-eight
1274 2936 1424 2976 Chron.
1463 2936 1516 2975 ad
1555 2949 1593 2976 a.
1634 2935 1725 2987 653.
1805 2934 1896 2973 The
1942 2938 2033 2974 seat
2080 2934 2130 2973 of

370 2989 491 3028 miles
517 2989 621 3028 from
648 2989 721 3029 the
741 2990 910 3029 borders
934 2991 979 3029 of
994 2991 1156 3030 Suffolk
1178 2996 1220 3031 to
1274 2991 1347 3030 the
1385 2990 1688 3042 Mid-Anglian
1725 2989 1944 3041 bishopric‚
1974 2990 2123 3028 consti-

371 3043 597 3084 Wainfleet
614 3045 656 3083 in
679 3043 986 3084 Lincolnshire.’
1049 3046 1219 3092 ‘Gn-vii,
1274 3045 1396 3085 tuted
1425 3047 1468 3084 in
1487 3056 1575 3085 ΑΛ).
1597 3047 1690 3098 679,
1711 3058 1795 3084 was
1823 3049 1868 3084 at
1895 3043 2120 3083 Leicester.

371 3099 466 3138 that
484 3100 532 3145 18,
555 3113 599 3138 as
624 3113 735 3139 some
753 3100 968 3151 interpret,
991 3099 1218 3140 ΕΘΗ-1116113
1274 3100 1485 3144 Florence,
1526 3113 1566 3152 p.
1596 3099 1690 3152 624.
1744 3098 2012 3151 Apparently
2048 3098 2122 3137 the

372 3154 568 3204 Camden,
586 3154 628 3193 ii.
651 3167 742 3206 214.
1272 3168 1386 3195 same
1419 3155 1522 3195 with
1560 3155 1632 3194 the
1668 3154 1802 3194 South
1834 3153 2043 3193 Mercians
2080 3153 2128 3192 of

427 3208 441 3230 ¹
471 3209 719 3259 Deusdedit]
755 3208 904 3248 Before
939 3211 1217 3250 consecration
1271 3224 1310 3262 p.
1336 3221 1427 3263 191.
1836 3204 1843 3211 ⁴

371 3263 437 3303 his
455 3277 578 3304 name
599 3277 680 3304 was
699 3264 911 3305 Frithona.
970 3265 1082 3304 Stev.
