2216 3554
137 181 257 232 CAP.
277 178 430 251 xva]
775 181 941 232 Gentis
962 179 1248 244 Anylorum.
1793 183 1891 229 249

141 314 453 363 sacrosanctis
487 314 760 379 evangeliis,
797 314 850 362 in
885 314 990 362 loco
1026 314 1112 377 qui
1153 312 1391 363 Saxonico
1433 312 1668 361 vocabulo
1705 313 1892 361 Haeth-

139 397 259 444 felth
276 398 291 423 ¹
316 397 610 456 nominatur,
630 398 811 461 pariter
834 402 1110 455 tractantes,
1129 396 1274 443 fidem
1298 400 1477 443 rectam
1501 400 1550 444 et
1574 395 1892 443 orthodoxam

140 480 479 541 exposuimus;
524 480 647 528 sicut
688 479 930 527 Dominus
967 481 1133 526 noster
1169 477 1200 525 J
1205 492 1313 526 esus
1351 477 1576 525 Christus
1612 478 1893 526 incarnatus

139 562 345 611 tradidit
369 563 617 627 discipulis
641 562 754 623 suis,
782 562 868 627 qui
899 560 1270 626 praesentialiter
1294 559 1523 608 viderunt
1555 566 1604 608 et
1632 560 1893 608 audierunt

141 661 383 694 sermones
417 646 533 710 ejus,
567 651 711 710 atque
746 650 1018 695 sanctorum
1051 651 1246 708 patrum
1281 644 1487 692 tradidit
1523 644 1811 708 symbolum,
1845 647 1895 691 et

140 730 431 791 generaliter
455 747 621 778 omnes
645 730 798 779 sancti
818 735 866 779 et
890 729 1184 777 universales
1209 720 1396 792 synodi,
1416 733 1465 776 et
1490 727 1646 775 omnis
1669 726 1894 791 probabi-

139 811 261 858 lium
284 813 529 862 catholicae
552 814 760 862 ecclesiae
785 813 1038 861 doctorum
1062 812 1245 859 chorus.
1321 811 1426 858 Hos
1450 810 1615 874 itaque
1639 815 1894 873 sequentes

140 910 228 941 nos
260 894 341 957 pie
372 901 519 959 atque
552 897 830 957 orthodoxe,
858 897 1004 960 juxta
1031 895 1268 944 divinitus
1301 894 1591 958 inspiratam
1624 894 1894 942 doctrinam

140 993 306 1024 eorum
340 978 539 1040 professi
574 980 811 1028 credimus
855 984 1181 1038 consonanter,
1219 983 1269 1027 et
1310 978 1595 1026 confitemur
1629 977 1894 1026 secundum

141 1065 329 1107 sanctos
353 1067 524 1124 patres,
546 1063 740 1126 proprie
765 1068 813 1110 et
830 1062 1068 1111 veraciter
1086 1062 1285 1110 Patrem
1308 1065 1358 1109 et
1382 1059 1565 1108 Filium
1585 1064 1633 1108 et
1652 1059 1894 1123 Spiritum

141 1141 373 1190 Sanctum
398 1143 686 1195 Trinitatem
709 1145 762 1192 in
787 1146 976 1193 unitate
1001 1144 1470 1202 consubstantialem,
1492 1149 1540 1191 et
1565 1143 1822 1192 Unitatem
1841 1141 1894 1189 in

139 1224 395 1284 Trinitate,
421 1226 511 1275 hoc
543 1234 627 1286 est,
654 1245 806 1275 unum
837 1229 998 1276 Deum
1033 1228 1084 1275 in
1115 1228 1273 1276 tribus
1306 1226 1645 1276 Sub-sistentiis
1669 1226 1747 1273 vel
1778 1226 1894 1273 Per-

140 1307 270 1356 sonis
306 1309 811 1370 consubstantialibus,
848 1311 1048 1374 aequalis
1082 1310 1249 1374 gloriae
1285 1313 1334 1358 et
1370 1308 1595 1357 honoris?
1678 1307 1749 1356 Et
1782 1312 1895 1371 post

139 1390 293 1437 multa
327 1391 605 1453 hujusmodi
635 1409 742 1456 quae
779 1393 840 1440 ad
874 1400 1018 1442 rectae
1053 1394 1167 1442 fidei
1203 1393 1544 1441 confessionem
1573 1391 1892 1455 pertinebant,

138 1473 240 1521 haec
287 1491 477 1538 quoque
524 1480 688 1523 sancta
734 1477 947 1539 synodus
995 1476 1094 1524 suis
1135 1475 1290 1524 literis
1333 1475 1502 1523 addit:
1550 1464 1894 1538 ¹‘Suscepimus

138 1562 324 1604 sanctas
349 1561 398 1605 et
420 1557 713 1607 universales
738 1560 953 1622 quinque
983 1560 1190 1623 synodos
1220 1560 1471 1607 beatorum
1504 1560 1554 1606 et
1588 1558 1692 1606 Deo
1729 1574 1894 1621 accep-

137 1639 363 1686 tabilium
385 1645 581 1702 patrum
598 1659 612 1701 3
651 1642 702 1688 id
731 1646 817 1701 est,
852 1643 935 1706 qui
970 1642 1023 1689 in
1058 1642 1224 1692 Nicaea
1260 1641 1535 1705 congregati
1569 1641 1768 1689 fuerunt
1797 1646 1893 1688 tre-

137 1727 388 1770 centorum
413 1723 576 1771 decem
600 1728 649 1772 et
681 1729 802 1783 octo,
829 1730 996 1773 contra
1027 1725 1202 1773 Arium
1232 1724 1576 1788 impiissimum
1601 1728 1649 1772 et
1681 1723 1895 1786 ejusdem

136 1805 364 1868 dogmata
380 1822 393 1865 ;
445 1809 495 1853 et
535 1806 582 1853 in
627 1806 1051 1871 Constantinopoli
1088 1811 1284 1856 centum
1319 1807 1690 1870 quinquaginta,
1727 1812 1895 1855 contra

134 1887 378 1936 vesaniam
398 1888 671 1937 Macedonii
695 1896 744 1938 et
770 1890 981 1938 Eudoxii
1006 1896 1054 1939 et
1079 1907 1246 1938 eorum
1261 1891 1489 1953 dogmata
1503 1908 1515 1951 ;
1554 1896 1604 1939 et
1627 1891 1677 1938 in
1702 1890 1894 1954 Epheso

134 1970 292 2033 primo
327 1971 661 2032 ducentorum,
695 1977 863 2021 contra
898 1973 1250 2037 nequissimum
1279 1973 1566 2022 Nestorium
1597 1979 1647 2022 et
1681 1974 1894 2036 ejusdem

136 2054 362 2116 dogmata
378 2071 393 2115 ;
436 2061 485 2103 et
533 2055 584 2102 in
632 2056 936 2105 Chalcedone
985 2060 1322 2104 sexcentorum
1368 2062 1418 2104 et
1464 2056 1683 2120 triginta,
1726 2061 1895 2105 contra

135 2137 394 2200 Eutychen
418 2142 467 2186 et
491 2138 786 2199 Nestorium,
814 2145 863 2188 et
895 2157 1061 2188 eorum
1094 2140 1322 2203 dogmata
1339 2155 1351 2199 3
1391 2143 1440 2187 et
1471 2139 1651 2187 iterum
1681 2139 1735 2187 in
1767 2140 1893 2189 Con-

135 2218 452 2283 stantinopoli
488 2221 660 2284 quinto
696 2223 978 2287 congregati
1014 2228 1130 2271 sunt
1166 2221 1370 2269 concilio
1406 2221 1458 2269 in
1493 2225 1710 2285 tempore
1738 2223 1895 2271 Justi-

135 2302 270 2350 niani
293 2303 506 2363 minoris,
528 2310 698 2352 contra
724 2305 1044 2365 Theodorum,
1074 2310 1122 2354 et
1146 2305 1440 2353 Theodoreti
1465 2309 1514 2354 et
1538 2305 1641 2354 Ibae
1666 2305 1894 2369 epistolas

135 2392 185 2434 et
233 2402 398 2433 eorum
446 2386 675 2449 dogmata
721 2393 888 2436 contra
935 2387 1203 2451 Cyrillum.'
1291 2388 1360 2436 Et
1413 2389 1559 2452 paulo
1605 2393 1749 2452 post:
1803 2389 1895 2438 ‘Et

135 2468 406 2530 synodum²
445 2487 552 2532 quae
592 2470 719 2518 facta
759 2475 831 2519 est
878 2471 928 2518 in
964 2471 1085 2519 urbe
1131 2471 1300 2531 Roma,
1334 2470 1388 2518 in
1433 2476 1651 2535 tempore
1689 2471 1895 2519 Martini

134 2568 272 2614 papae
296 2551 583 2612 beatissimi,
606 2553 872 2602 indictione
897 2558 1083 2613 octava,
1103 2553 1377 2617 imperante
1396 2553 1719 2603 Constantino
1734 2555 1750 2581 3
1774 2555 1893 2618 piis-

135 2634 257 2682 simo
282 2651 408 2682 anno
428 2651 569 2694 nono,
591 2635 903 2699 suscepimus.
927 2637 930 2640 ’
955 2636 1019 2685 Et
1037 2636 1361 2700 glorificamus
1380 2636 1646 2685 Dominum
1672 2644 1894 2686 nostrum

136 2716 167 2764 J
171 2733 320 2776 esum,
364 2715 493 2765 sicut
540 2716 624 2765 isti
670 2718 1066 2782 glorificaverunt
1081 2735 1095 2780 ;
1145 2718 1268 2767 nihil
1310 2719 1541 2768 addentes
1582 2720 1662 2768 vel
1703 2721 1894 2768 subtra-

191 2859 205 2882 ¹
235 2861 287 2900 H
285 2859 502 2914 aethfelth]
526 2859 715 2914 Bishop’s
735 2862 926 2902 Hatfield
946 2862 991 2902 in
1048 2869 1058 2886 ‘
1073 2863 1336 2916 synodicum’
1359 2864 1625 2918 (decretum).
1685 2865 1740 2906 So
1762 2870 1829 2906 too
1849 2866 1893 2905 in

138 2915 468 2956 Hertfordshire.
1046 2932 1081 2958 c.
1105 2919 1168 2967 18,
1192 2920 1275 2959 and
1293 2934 1332 2960 V.
1359 2931 1422 2972 19.

194 2969 210 2992 ²
236 2971 452 3023 synodum]
486 2971 598 3010 That
617 2970 754 3011 which
779 2986 863 3012 was
890 2973 990 3012 held
1099 2974 1114 2998 ³
1146 2975 1435 3028 Constantino]
1475 2976 1522 3016 It
1548 2989 1634 3016 was
1666 2976 1739 3015 the
1767 2975 1893 3015 ninth

135 3038 188 3065 on
218 3025 306 3064 this
339 3039 451 3065 same
479 3026 655 3077 subject,
687 3027 821 3066 which
851 3028 887 3067 is
915 3028 988 3067 the
1042 3042 1142 3081 year
1171 3031 1214 3069 of
1244 3030 1449 3071 Constans
1482 3032 1545 3078 II,
1578 3032 1651 3070 the
1684 3031 1821 3070 father
1851 3030 1899 3070 of

135 3093 282 3119 reason
305 3081 400 3132 why
418 3081 452 3120 it
476 3081 511 3120 is
540 3082 782 3121 mentioned
800 3082 910 3129 here,
931 3083 987 3136 by
1042 3085 1315 3125 Constantine
1343 3087 1594 3138 Pogonatus.
1652 3086 1740 3124 But
1772 3086 1891 3125 there

136 3135 251 3186 Pope
299 3135 476 3182 Martin,
526 3136 618 3177 Oct.
668 3148 706 3188 5,
753 3148 843 3179 A.D.
893 3136 985 3191 649.
1040 3139 1076 3179 is
1104 3141 1178 3180 the
1205 3154 1318 3180 same
1346 3155 1460 3181 error
1486 3143 1532 3180 in
1560 3142 1632 3181 the
1652 3141 1763 3179 Acta
1785 3141 1889 3180 Con-

137 3189 274 3230 Milm.
306 3190 402 3230 Lat.
435 3190 589 3231 Christ.
624 3191 666 3232 ii.
707 3199 769 3243 75.
831 3198 840 3213 ‘
856 3192 986 3244 Syrio·
1040 3194 1242 3242 ciliorum,
1262 3196 1367 3236 from
1385 3197 1523 3236 which
1548 3210 1602 3235 no
1622 3195 1752 3234 doubt
1772 3195 1891 3235 Beda.

136 3244 236 3284 dum
252 3246 261 3261 ’
295 3244 331 3285 is
368 3246 467 3285 here
498 3245 600 3286 used
639 3246 724 3287 like
759 3246 982 3300 συνοδικόν,
1041 3250 1210 3291 derived
1229 3251 1301 3291 the
1320 3256 1411 3291 text
1430 3252 1477 3291 of
1489 3251 1575 3291 this
1595 3251 1753 3292 decree.
