2216 3554
328 194 424 240 212
881 186 1112 235 Historia
1146 187 1488 236 Ecclesiastica
1866 182 2087 254 [LIB.1v.

323 339 467 387 quem
492 320 701 370 ecclesiis
724 318 1004 384 Anglorum
1025 321 1438 384 archiepiscopum
1462 318 1691 367 mitteret.
1774 318 1897 367 Erat
1922 325 2087 367 autem

323 404 377 451 in
411 403 707 452 monasterio
743 402 1021 452 Hiridano¹
1062 404 1191 467 quod
1226 409 1299 452 est
1334 420 1432 450 non
1466 401 1611 464 longe
1646 417 1675 448 a
1708 401 1917 464 Neapoli
1946 402 2088 451 Cam—

323 486 499 550 paniae,
538 486 688 535 abbas
726 486 1023 546 Hadrianus,
1061 486 1138 534 vir
1171 486 1368 534 natione
1409 483 1521 532 Afir
1534 481 1567 540 2,
1604 483 1750 531 sacris
1791 483 1947 532 literis
1979 483 2088 531 dili-

324 573 498 633 genter
522 569 751 629 imbutUS,
775 569 1198 617 monasterialibus
1223 568 1368 617 simul
1388 572 1437 615 et
1462 565 1795 614 ecclesiasticis
1820 565 2089 630 disciplinis

324 651 600 711 institutus,
627 651 810 699 Graeeae
834 651 1018 715 pariter
1035 657 1084 700 et
1109 651 1299 699 Latinae
1323 651 1502 713 linguae
1527 648 1868 712 peritissimus.
1941 649 2090 697 Hunc

322 734 385 782 ad
411 750 461 782 se
485 733 695 781 accitum
721 734 852 797 Papa
876 734 1024 796 jussit
1052 734 1331 797 episcopatu
1354 736 1550 795 accepto
1584 731 1883 779 Brittaniam
1909 731 2088 780 venire.

325 815 424 877 Qui
461 816 720 880 indignum
758 833 808 864 se
843 821 981 864 tanto
1015 816 1190 880 gradui
1229 816 1535 879 respondens,
1574 815 1828 862 ostendere
1865 831 2006 878 posse
2039 830 2091 863 se

322 899 452 948 dixit
488 899 653 957 alium,
685 900 821 961 cujus
856 898 1014 962 magis
1046 899 1108 946 ad
1143 899 1501 961 suscipiendum
1532 898 1864 961 episcopatum
1899 902 1948 946 et
1982 914 2089 946 eru-

323 982 450 1031 ditio
486 980 780 1039 conveniret,
819 983 868 1028 et
906 986 1037 1029 aetas.
1127 980 1350 1044 Cumque
1398 981 1688 1029 monachum
1734 981 1996 1043 quemdam
2031 980 2092 1029 de

321 1066 484 1115 vicino
508 1065 760 1128 virginum
786 1063 1090 1123 monasterio,
1118 1063 1312 1111 nomine
1336 1062 1604 1122 Andream,
1631 1063 1857 1127 pontifici
1882 1062 2088 1123 offerret,

321 1149 400 1198 hic
441 1150 501 1197 ab
550 1147 772 1196 omnibus
814 1146 901 1210 qui
949 1163 1124 1195 novere
1171 1147 1350 1210 dignus
1397 1146 1678 1210 episcopatu
1718 1146 1966 1209 judicatus
2002 1150 2090 1195 est.

320 1233 505 1281 Verum
535 1230 727 1294 pondus
760 1246 1003 1293 corporeae
1040 1228 1356 1288 infirmitatis,
1389 1245 1451 1277 ne
1487 1229 1742 1293 episcopus
1774 1229 1879 1277 fieri
1911 1235 2087 1293 posset,

321 1313 529 1363 obstitit.
601 1313 668 1360 Et
703 1330 899 1360 rursum
937 1300 1219 1361 Hadrianus
1254 1312 1316 1360 ad
1351 1311 1713 1376 suscipiendum
1756 1312 2089 1375 episcopatum

320 1402 459 1446 actus
501 1400 603 1445 est:
657 1395 738 1459 qui
779 1399 949 1460 petens
990 1395 1228 1455 inducias,
1266 1396 1307 1443 si
1343 1396 1470 1444 forte
1508 1395 1678 1455 alium,
1715 1395 1802 1460 qui
1838 1395 2091 1460 episcopus

320 1479 628 1529 ordinaretur
663 1496 723 1526 ex
757 1482 979 1542 tempore
1013 1485 1177 1543 posset
1213 1479 1449 1527 invenire.

389 1564 510 1611 Erat
536 1563 644 1626 ipso
666 1568 884 1625 tempore
915 1562 1082 1610 Romae
1116 1562 1379 1610 monachus
1416 1560 1673 1609 Hadriano
1698 1566 1857 1620 notus,
1893 1561 2090 1610 nomine

407 1680 582 1714 A.1).668.
669 1644 962 1704 Theodorus,
1000 1649 1146 1693 natus
1182 1644 1333 1692 Tarso
1365 1642 1563 1702 Ciliciae,
1596 1643 1674 1691 vir
1705 1649 1754 1692 et
1788 1644 2007 1692 saeculari
2041 1648 2091 1693 et

382 1728 603 1763 Theodorus
668 1727 836 1776 divina
875 1727 1142 1787 literatura,
1187 1733 1237 1776 et
1275 1727 1445 1776 Graece
1487 1725 1754 1774 instructus
1802 1732 1851 1775 et
1897 1726 2090 1787 Latine,

371 1777 615 1868 Ἑὲῗιῗῑετῖιῗὲ
665 1809 846 1872 probus
882 1810 1112 1869 moribus,
1140 1815 1188 1858 et
1222 1813 1366 1858 aetate
1398 1807 1716 1867 veneranduS,
1742 1808 1794 1856 id
1826 1813 1912 1868 est,
1937 1826 2089 1858 annos

335 1876 378 1911 οἵ
390 1876 645 1918 Canterbury,
670 1892 851 1940 habens
898 1892 1055 1941 aetatis
1102 1891 1354 1956 sexaginta
1401 1897 1451 1940 et
1500 1908 1596 1939 sex.
1691 1890 1841 1939 Hunc
1887 1891 2089 1940 offerens

319 1974 608 2023 Hadrianus
660 1975 896 2037 pontifici,
945 1978 1003 2023 ut
1057 1975 1309 2039 episcopus
1365 1973 1674 2023 ordinaretur
1719 1975 1962 2024 obtinuit:
2011 1975 2089 2023 his

321 2063 486 2106 tamen
522 2057 884 2105 conditionibus
920 2057 1236 2122 interpositis,
1265 2063 1321 2106 ut
1358 2057 1462 2121 ipse
1495 2074 1605 2106 eum
1641 2058 1928 2121 perduceret
1957 2058 2088 2107 Brit-

320 2140 520 2198 taniam,
557 2157 613 2187 eo
651 2140 784 2203 quod
821 2142 924 2203 jam
959 2141 1035 2189 bis
1074 2146 1236 2205 partes
1274 2140 1546 2188 Galliarum
1587 2139 1792 2187 diversis
1833 2157 1894 2188 ex
1935 2141 2089 2190 causis

320 2222 552 2282 adiisset3
602 2227 652 2270 et
688 2223 750 2270 ob
794 2222 846 2270 id
882 2223 1115 2287 majorem
1150 2222 1296 2286 hujus
1333 2222 1524 2271 itineris
1559 2221 1824 2286 peragendi
1860 2222 2089 2271 notitiam

318 2305 533 2363 haberet,
593 2304 928 2369 sufficiensque
993 2313 1117 2355 esset
1175 2306 1229 2354 in
1294 2304 1595 2370 possessione
1659 2305 1913 2354 hominum
1976 2323 2087 2369 pro-

318 2388 570 2452 priorum:
630 2394 681 2436 et
733 2394 789 2437 ut
842 2389 886 2437 ei
934 2389 1170 2438 doctrinae
1222 2393 1504 2452 cooperator
1552 2387 1779 2446 existens,
1827 2387 2088 2452 diligenter

319 2471 604 2519 adtenderet
652 2488 713 2519 ne
762 2471 881 2536 quid
928 2472 1011 2520 ille
1053 2472 1351 2521 contrarium
1393 2470 1592 2519 veritati
1640 2469 1769 2529 fidei,
1806 2470 2087 2519 Graecorum

319 2571 470 2613 more,
496 2554 548 2601 in
574 2554 822 2602 ecclesiam
848 2555 925 2603 cui
950 2560 1192 2619 praeesset,
1218 2554 1560 2602 introduceret.
1635 2553 1733 2614 Qui
1765 2552 2088 2602 subdiaconus

319 2636 583 2696 ordinatus,
609 2640 820 2700 quatuor
844 2636 1145 2700 exspectavit
1168 2653 1372 2696 menses,
1398 2636 1551 2684 donec
1578 2635 1654 2683 illi
1679 2653 1815 2684 coma
1838 2641 2085 2694 cresceret,

323 2737 420 2784 quo
446 2719 498 2766 in
523 2735 750 2767 coronam
768 2719 963 2767 tonderi
982 2725 1160 2783 posset.
1194 2778 1199 2781 ι
1221 2718 1479 2767 Habuerat
1501 2718 1633 2766 enim
1652 2722 1903 2767 tonsuram
1927 2718 2087 2766 more³

320 2801 644 2851 Orientalium
670 2801 826 2849 sancti
850 2802 1056 2864 apostoli
1084 2801 1237 2850 Pauli.
1300 2801 1399 2862 Qui
1418 2800 1672 2848 ordinatus
1692 2807 1768 2849 est
1786 2817 1815 2848 a
1831 2800 2086 2851 Vitaliano

318 2901 446 2950 papa
490 2901 619 2932 anno
668 2883 936 2932 Dominicae
982 2883 1330 2932 incarnationis
1385 2883 1735 2932 sexcentesimo
1788 2883 2086 2946 sexagesimo

375 2994 390 3017 ¹
417 2992 654 3046 Hiridano]
700 2993 1003 3034 Unidentified.
1071 2994 1173 3034 This
1227 2993 1445 3041 Aretiano,
1475 2993 1534 3045 by
1560 2993 1811 3040 Caraccioli;
1848 2991 2083 3038 Hadriano,

319 3050 354 3089 is
373 3049 447 3089 the
466 3049 640 3100 reading
659 3048 705 3088 of
718 3049 792 3087 the
813 3049 958 3088 Moore
982 3049 1070 3097 MS,
1093 3050 1171 3088 but
1227 3049 1282 3102 by
1301 3049 1484 3100 Hussey.
1535 3048 1612 3087 See
1631 3048 1755 3100 Greg.
1782 3047 1915 3099 Epist.
1932 3047 2020 3086 xiii.
2042 3059 2080 3098 3.

319 3105 485 3143 various
514 3104 651 3143 others
670 3103 776 3142 have
796 3103 900 3142 been
931 3104 1167 3155 suggested.
1282 3102 1298 3125 ²
1325 3104 1393 3143 vir
1412 3104 1580 3143 natione
1598 3102 1709 3154 Afir]
1732 3101 1919 3143 Omitted
1937 3102 1995 3154 by
2008 3101 2084 3141 the

319 3160 363 3198 N
366 3159 541 3205 iridano,
574 3159 632 3212 by
663 3158 813 3207 Smith,
853 3159 1079 3210 supported
1115 3159 1173 3211 by
1227 3158 1366 3199 Saxon
1386 3158 1580 3198 Version.
1639 3158 1754 3198 Stev.

319 3214 392 3253 the
430 3214 567 3254 Saxon
605 3212 811 3258 Versi0n;
859 3213 903 3264 N
906 3213 1078 3262 isidam,
1118 3227 1172 3253 on
1282 3213 1298 3237 ³
1324 3227 1432 3254 more
1461 3244 1471 3254 .
1498 3244 1508 3253 .
1533 3244 1544 3255 .
1564 3212 1741 3265 apostoli
1771 3209 1914 3264 Pauli]
1946 3210 2011 3252 Cf.
2040 3224 2082 3263 p.

318 3268 391 3308 the
419 3268 555 3310 island
580 3268 628 3309 of
641 3268 806 3316 meida,
826 3268 882 3321 by
902 3268 1171 3319 Mazzocchi5
1231 3280 1324 3320 200,
1348 3273 1447 3309 note
1470 3278 1504 3310 1.
