2216 3554
141 186 263 236 GAP.
279 202 366 237 xv.
774 186 940 236 Gentis
958 185 1260 251 Anylorum.
1800 192 1892 239 169

865 422 1006 471 CAP.
1042 422 1163 473 XV.

202 546 252 587 Ut
272 548 480 599 episcozms
497 546 639 588 Aidan
655 548 798 588 nautis
820 553 855 588 et
875 551 1147 598 tempestatem
1160 546 1359 598 futuram
1378 546 1632 597 praedixerit,
1654 553 1690 587 et
1705 547 1838 588 oleum

603 622 788 657 sanctam
809 630 885 668 quo
905 617 1011 657 hanc
1025 617 1224 662 sedarent,
1244 616 1416 656 dederit.

210 728 316 789 QUI
351 729 486 792 cujus
520 730 687 778 meriti
720 730 881 789 fuerit,
915 730 1065 779 etiam
1099 730 1446 778 miraculorum
1482 729 1635 792 signis
1670 730 1892 780 internus

139 804 324 859 arbiter
338 813 355 838 ¹
401 813 605 878 edocuit,
653 813 902 877 equibus
951 813 1049 861 tria
1103 812 1348 860 memoriae
1407 829 1550 860 causa
1634 854 1808 890 Miracles

139 911 314 957 ponere
338 895 455 944 satis
486 895 563 944 sit.
633 894 896 958 Presbyter
920 895 1118 959 quidam
1151 895 1345 943 nomine
1378 896 1503 944 Utta
1517 895 1550 954 ²,
1603 907 1777 965 wrought
1791 906 1844 948 by

138 977 305 1025 multae
326 978 578 1041 gravitatis
610 995 665 1026 ac
688 978 907 1026 veritatis
931 978 1022 1036 vir,
1047 981 1096 1026 et
1132 979 1193 1027 ob
1228 978 1280 1025 id
1305 978 1541 1037 omnibus,
1647 958 1782 993 A¹d³⁴¹²'

139 1060 285 1107 etiam
310 1059 427 1123 ipsis
450 1060 754 1123 principibus
780 1061 943 1108 saeculi
978 1061 1287 1120 honorabilis,
1314 1078 1423 1108 cum
1459 1062 1740 1110 mitteretur
1765 1060 1889 1109 Can-

138 1141 260 1189 110111
286 1143 348 1189 ob
376 1143 705 1191 adducendam
738 1143 850 1190 inde
882 1145 1132 1207 conjugem
1160 1144 1265 1208 regi
1299 1144 1463 1205 Osuio,
1490 1143 1638 1192 filiam
1663 1144 1891 1192 videlicet

139 1223 344 1271 AEduini
362 1224 490 1288 regis
514 1225 793 1272 Eanfledam
808 1225 839 1284 ⁸,
859 1241 967 1287 quae
993 1224 1148 1273 occiso
1166 1232 1303 1289 patre
1327 1227 1444 1274 illuc
1467 1227 1625 1275 fuerat
1649 1227 1857 1274 adducta
1876 1243 1887 1273 :

139 1305 226 1368 qui
249 1307 468 1354 terrestri
493 1307 687 1370 quidem
719 1307 893 1355 itinere
925 1307 1010 1356 illo
1034 1308 1213 1368 venire,
1239 1309 1323 1357 sed
1346 1309 1541 1372 navigio
1567 1326 1677 1357 cum
1699 1309 1890 1371 virgine

137 1387 295 1436 redire
335 1389 633 1452 disponebat,
669 1390 866 1438 accessit
908 1392 969 1438 ad
1003 1391 1282 1454 episcopum
1323 1392 1586 1451 Aidanum,
1634 1392 1889 1440 obsecrans

138 1487 262 1530 eum,
286 1487 375 1534 pro
411 1489 461 1520 se
497 1472 690 1536 suisque
725 1473 811 1536 qui
841 1477 1035 1521 tantum
1070 1473 1164 1522 iter
1187 1479 1328 1522 erant
1360 1474 1650 1537 adgressuri,
1677 1474 1888 1523 Domino

136 1554 422 1616 supplicare.
512 1555 607 1616 Qui
657 1556 942 1604 benedicens
994 1556 1119 1616 illos,
1166 1573 1222 1604 ac
1273 1556 1485 1604 Domino
1531 1558 1885 1616 commendans,

137 1635 273 1684 dedit
331 1637 478 1684 etiam
536 1639 697 1686 oleum
754 1639 1138 1687 sanctificatum:
1218 1644 1230 1665 ‘
1246 1639 1385 1700 Scio,'
1445 1640 1680 1703 inquiens,
1743 1645 1755 1666 ‘
1771 1641 1888 1704 quia

134 1717 220 1765 ubi
280 1734 452 1767 navem
510 1720 830 1780 ascenderitis,
879 1724 1141 1783 tempestas
1187 1721 1325 1769 vobis
1373 1727 1422 1770 et
1467 1726 1643 1770 ventus
1702 1729 1889 1772 contra-

133 1800 236 1848 rius
278 1802 613 1863 superveniet:
663 1803 745 1851 sed
787 1808 844 1852 tu
890 1809 1130 1851 memento
1178 1810 1235 1853 ut
1282 1804 1371 1852 hoc
1417 1804 1573 1852 oleum
1617 1806 1745 1869 quod
1793 1806 1888 1854 tibi

133 1883 212 1941 do,
251 1883 416 1932 mittas
451 1884 504 1931 in
538 1902 670 1933 mare
686 1902 700 1946 3
749 1890 799 1934 et
833 1886 1001 1934 statim
1043 1887 1400 1949 quiescentibus
1435 1887 1610 1942 ventis,
1653 1888 1887 1937 serenitas

134 1966 281 2015 maris
304 1983 389 2015 vos
420 1968 531 2016 laeta
562 1974 891 2032 prosequetur,
926 1987 979 2017 ac
1010 1970 1175 2033 cupito
1204 1970 1378 2018 itinere
1409 1971 1608 2019 domum
1640 1970 1886 2019 remittet.’

135 2050 256 2111 Quae
292 2055 465 2099 cuncta
498 2057 555 2099 ut
589 2052 882 2115 praedixerat
911 2054 1127 2114 antistes,
1165 2071 1226 2102 ex
1261 2055 1428 2103 ordine
1464 2056 1703 2119 completa
1739 2061 1883 2104 sunt:

134 2138 185 2181 et
222 2133 417 2196 quidem
453 2134 677 2198 inprimis
711 2135 984 2185 furentibus
1025 2137 1168 2185 undis
1215 2139 1386 2201 pelagi,
1423 2139 1682 2186 tentabant
1722 2143 1886 2187 nautae

134 2215 356 2264 anchoris
396 2216 447 2264 in
486 2233 618 2264 mare
659 2217 818 2265 missis
860 2235 1032 2267 navem
1073 2220 1298 2280 retinere,
1341 2239 1497 2285 neque
1537 2222 1627 2270 hoc
1672 2227 1886 2285 agentes,

135 2298 320 2361 aliquid
359 2298 702 2361 proficiebant:
747 2317 951 2363 cumque
990 2303 1295 2352 verrentibus
1340 2304 1555 2368 undique
1597 2309 1647 2353 et
1685 2306 1888 2369 implere

135 2379 478 2443 incipientibus
524 2398 696 2429 navem
743 2382 986 2442 fluctibus,
1022 2389 1228 2432 mortem
1274 2385 1366 2434 sibi
1414 2404 1580 2435 omnes
1616 2387 1885 2446 imminere,

129 2462 426 2525 jamjamque
454 2463 619 2511 adesse
642 2463 876 2524 viderent,
902 2466 1097 2514 tandem
1128 2468 1381 2531 presbyter
1403 2470 1715 2519 reminiscens
1738 2461 1887 2520 verba

136 2544 387 2602 antistitis,
412 2545 668 2609 adsumpta
692 2547 903 2610 ampulla
927 2548 1060 2597 misit
1089 2550 1148 2597 de
1173 2551 1278 2598 oleo
1301 2551 1353 2598 in
1385 2556 1605 2615 pontum,
1631 2556 1680 2601 et
1704 2554 1883 2611 statim,

137 2634 193 2675 ut
227 2627 512 2689 praedictum
547 2631 662 2682 erat,
701 2645 788 2677 suo
822 2629 1008 2693 quievit
1039 2648 1071 2678 a.
1097 2632 1300 2682 fervore.
1371 2634 1546 2698 Sicque
1580 2635 1761 2683 factum
1798 2639 1884 2694 est,

137 2716 194 2757 ut
228 2709 307 2757 vir
341 2708 433 2757 Dei
470 2715 519 2757 et
552 2726 639 2775 per
660 2711 927 2775 prophetiae
963 2712 1192 2777 spiritum
1226 2718 1566 2780 tempestatem
1602 2718 1886 2780 praedixerit

136 2793 368 2849 futuram,
393 2795 442 2839 et
467 2808 552 2853 per
576 2793 806 2841 virtutem
831 2796 1042 2856 ejusdem
1067 2796 1284 2860 spiritus,
1308 2799 1431 2847 hano
1455 2791 1686 2859 exortam,
1715 2818 1885 2864 quam-

136 2872 210 2919 vis
248 2873 559 2936 corporaliter
580 2875 764 2934 absens,
790 2876 1036 2939 sopiverit.
1107 2878 1257 2942 Cujus
1281 2881 1500 2930 ordinem
1532 2883 1753 2931 miraculi
1789 2900 1884 2931 non

137 2955 346 3018 quilibet
379 2955 555 3003 dubius
590 2957 783 3016 relator,
818 2959 902 3006 sed
949 2959 1257 3011 fidelissimus
1298 2964 1418 3012 mihi
1460 2973 1637 3014 nostrae
1675 2965 1883 3013 ecclesiae

136 3037 399 3100 presbyter,
444 3037 719 3100 Cynimund
760 3041 1007 3103 vocabulo,
1055 3045 1288 3107 narravit,
1325 3048 1409 3111 qui
1456 3065 1506 3095 se
1553 3048 1642 3095 11οο
1679 3047 1739 3094 ab
1776 3046 1883 3109 ipso

192 3187 205 3210 ¹
236 3187 422 3246 internus
449 3188 622 3241 arbiter]
656 3196 665 3212 ‘
682 3190 772 3231 The
798 3190 979 3235 internal
1087 3194 1103 3217 ²
1132 3195 1246 3248 Utta]
1277 3197 1339 3238 Cf.
1362 3212 1400 3250 p.
1426 3199 1515 3238 181.

134 3241 274 3294 judge,
296 3243 515 3296 Almighty
538 3243 655 3285 G0d.'
711 3247 752 3287 S.
770 3246 822 3287 V.
1086 3250 1102 3274 ³
1130 3252 1393 3304 Earqfledam]
1423 3254 1486 3293 Of.
1505 3266 1573 3305 pp.
1599 3252 1688 3299 108,
1714 3259 1804 3302 137.
