2216 3554
327 129 356 174 6
901 119 1127 169 Historia
1161 117 1496 168 Ecclesiastica

1882 112 2014 184 [Lm.
2039 117 2074 163 1ss

325 258 644 324 Reptaeaestir
678 262 862 320 vocata,
898 257 1184 323 interposito
1220 256 1343 305 mari
1381 273 1410 303 a
1452 252 1731 303 Gessoriaco
1767 253 2075 303 Morinorum

326 342 485 407 gentis
529 343 669 391 litore
702 342 939 405 proximo,
975 342 1180 404 trajectu
1221 338 1411 386 milium
1454 336 1821 399 quinquaginta,
1863 337 1978 396 sive,
2017 339 2075 384 ut

326 425 547 490 quidam¹
573 424 816 487 scripsere,
836 423 1103 472 stadiorum
1128 419 1589 485 quadringentorum
1615 418 1980 481 quinquaginta.
2028 418 2075 466 A

326 512 462 571 tergo
488 512 667 566 autem,
691 506 820 553 unde
845 522 1019 553 oceano
1042 503 1231 551 infinito
1255 503 1403 564 patet,
1431 499 1641 549 Orcadas
1665 500 1847 548 insulas
1870 500 2029 549 habet.

397 589 574 653 Opima
596 588 820 652 frugibus
853 593 997 649 atque
1020 584 1283 633 arboribus
1314 582 1487 642 insula,
1512 586 1562 631 et
1590 582 1775 648 alendis
1800 587 1914 646 apta
1937 599 2075 646 peco-

326 683 383 719 Its
395 683 570 726 produce,
664 669 801 717 ribus
825 686 880 717 ac
899 665 1160 731 jumentis3
1198 664 1366 712 vineas
1390 664 1536 712 etiam
1567 664 1859 728 quibusdam
1882 665 1934 712 in
1957 665 2076 713 locis

325 751 599 815 germinans
619 743 833 810 :Qefljt
866 749 1028 797 avium
1060 748 1200 795 ⁸ferax
1234 749 1366 794 terra
1402 747 1623 810 marique
1657 747 1848 811 generis
1884 747 2075 796 diversi.

325 833 512 881 Fluviis
548 850 738 897 quoque
774 832 985 879 multum
1020 829 1232 893 piscosis„
1259 845 1314 876 ac
1342 828 1559 876 fontibus
1592 829 1822 892 praeclara
1859 830 2076 893 copiosis,

323 920 373 964 et
414 915 609 978 quidem
655 914 896 978 praecipue
934 910 1128 959 issicio2
1166 910 1381 958 abundat
1409 915 1466 958 -et
1504 911 1732 973 anguilla.
1803 911 2078 976 Capiuntur

324 1004 486 1047 autem
545 997 803 1060 saepissime
862 999 911 1042 et
957 994 1102 1041 vituli
1149 993 1340 1054 marini,
1389 999 1438 1042 et
1487 993 1749 1057 delphines,
1798 1012 1983 1042 necnon
2029 997 2078 1042 et

324 1080 556 1128 ballenae:
597 1078 807 1141 exceptis
830 1075 1078 1124 variorum
1108 1076 1365 1139 generibus
1399 1076 1756 1140 conchyliorum
1771 1095 1784 1138 ;
1821 1077 1874 1124 in
1899 1077 2077 1141 quibus

325 1166 440 1210 sunt
486 1165 535 1209 et
580 1161 821 1219 musculae,
871 1159 1046 1222 quibus
1093 1158 1329 1206 inclusam
1377 1177 1503 1223 saepe
1549 1160 1876 1223 margaritam,
1920 1158 2077 1207 omnis

325 1243 519 1306 quidem
567 1242 738 1290 coloris
786 1241 1021 1303 optimam
1066 1239 1336 1300 inveniunt,
1386 1241 1439 1288 id
1485 1246 1571 1300 est,
1615 1245 1663 1289 et
1708 1241 1980 1301 rubicundi,
2004 1305 2006 1307 Ι
2029 1247 2078 1290 et

322 1325 569 1389 purpurei,
607 1329 655 1372 et
692 1322 919 1386 jacintini
964 1326 1013 1370 et
1053 1322 1250 1385 prasini,
1289 1322 1371 1371 sed
1418 1323 1626 1371 maxime
1673 1324 1879 1372 candidi.
1951 1324 2078 1374 Sunt

324 1414 372 1455 et
408 1406 610 1455 cochleae
648 1405 765 1453 satis
795 1421 1034 1468 superque
1069 1406 1387 1465 abundantes,
1413 1406 1590 1470 quibus
1622 1406 1835 1454 tinctura
1870 1407 2078 1455 coccinei

323 1489 495 1537 coloris
522 1487 789 1548 conficitur,
816 1489 952 1550 cujus
985 1487 1135 1535 rubor
1159 1488 1514 1551 pulcherrimus
1546 1488 1681 1536 nullo
1714 1505 1930 1552 unquam
1964 1488 2078 1537 solis

321 1571 507 1631 ardore,
555 1571 689 1618 nulla
740 1570 870 1618 valet
927 1569 1209 1640 pluviarum
1263 1570 1447 1635 injuria
1495 1571 1754 1634 pallescere
1772 1587 1803 1631 ;.
1845 1571 1929 1620 sed
1980 1587 2078 1636 quo

325 1653 558 1702 vetustior
584 1656 668 1712 est,
696 1669 751 1701 eo
788 1652 910 1701 solet
943 1669 1044 1701 esse
1073 1653 1339 1701 venustior.
1412 1654 1578 1701 Habet
1610 1653 1765 1701 fontes
1796 1653 2076 1710 salinarum,

321 1736 466 1784 habet
502 1741 550 1783 et
586 1735 742 1783 fontes
772 1735 966 1795 calidos,
993 1740 1040 1783 et
1077 1753 1135 1783 ex
1167 1735 1236 1783 eis
1272 1735 1446 1783 fluvios
1478 1735 1762 1794 balnearum
1794 1736 2074 1794 calidarum,

325 1818 458 1866 omni
496 1816 632 1865 aetati
679 1822 727 1864 et
774 1816 912 1864 sexui
957 1834 1044 1880 per
1084 1817 1316 1866 distincta
1361 1818 1477 1877 loca,
1521 1819 1665 1880 juxta
1711 1835 1853 1867 suum
1883 1817 2077 1882 'cuique

326 1900 526 1947 modum
561 1900 903 1948 accommodos.
975 1900 1119 1964 Aqua
1151 1900 1280 1948 enim
1314 1899 1391 1967 (ut
1423 1906 1618 1949 sanctus
1654 1901 1901 1950 Basilius³
1936 1900 2089 1967 dicit)·

323 1982 561 2030 fervidam
599 1982 884 2045 qualitatem
923 1983 1111 2046 recipit,
1151 2001 1301 2047 quum
1336 2000 1424 2047 per
1458 1987 1589 2032 cert-a
1624 1985 1846 2047 quaedam
1881 1985 2078 2034 metalla

325 2064 632 2122 transcurrit,
658 2068 706 2112 et
735 2064 792 2112 fit
827 2082 926 2112 non
958 2066 1115 2113 solum
1151 2066 1320 2125 calida,
1347 2065 1430 2114 sed
1455 2071 1504 2114 et
1527 2066 1715 2115 ardens.
1785 2068 1905 2128 Quae
1930 2067 2078 2116 etiam

324 2145 462 2194 venis
502 2146 806 2193 metallorum
822 2148 853 2205 4,
893 2147 1017 2206 aeris,
1055 2148 1187 2208 ferri,
1225 2154 1274 2197 et
1314 2148 1501 2212 plumbi
1538 2153 1586 2197 et
1620 2149 1810 2212 argenti
1843 2150 2076 2210 faecunda,

326 2228 486 2292 gignit
519 2231 568 2275 et
599 2228 810 2291 lapidem
847 2235 1069 2293 gagatem
1106 2231 1378 2294 plurimum
1406 2231 1768 2295 optimumque:
1807 2238 1881 2281 est
1913 2236 2076 2280 autem

325 2300 713 2374 nigrogemmeus
738 2315 786 2359 et
810 2312 982 2360 ardens
1014 2312 1116 2376 igni
1146 2313 1382 2372 admotus,
1408 2313 1630 2361 incensus
1654 2318 1898 2377 serpentes
1922 2315 2074 2377 fugat,

327 2389 517 2438 adtritu
556 2389 813 2438 calefactus
861 2391 1090 2454 adplicita
1131 2393 1317 2441 detinet
1354 2409 1490 2456 aeque
1527 2396 1585 2440 ut
1621 2392 1883 2442 succinum.
1954 2393 2077 2442 Erat

328 2515 614 2566 Reptacester,
636 2515 784 2566 Hem-y
803 2515 850 2554 of
870 2516 1172 2568 Huntingdon;

327 2582 477 2608 —now
497 2569 801 2621 Richborough.
858 2571 1052 2610 Nennius
1072 2572 1171 2611 calls

328 2624 402 2664 the
420 2623 551 2663 whole
570 2623 654 2662 Isle
674 2624 718 2662 of
732 2625 895 2664 Thanet
915 2626 1124 2665 Ruichim.

385 2678 400 2700 ¹
427 2677 619 2730 quidam]
653 2679 679 2728 ἡ
701 2677 743 2717 δὲ
774 2678 821 2728 δὴ
847 2678 957 2730 χώρα
975 2679 1076 2731 αὕτη
1102 2680 1173 2719 ᾶπ-

330 2729 417 2782 ἐχει
450 2731 526 2782 μὲν
564 2732 636 2781 τῆς
672 2731 832 2783 ἠπείρου
865 2735 937 2783 τῆς
975 2735 1173 2784 Κελτικῆς

329 2785 434 2826 κατὰ
466 2785 667 2837 Μωρίνους
705 2786 886 2826 σταδίους
920 2788 1173 2839 πεντήκοντα

331 2840 398 2880 καὶ
436 2840 717 2893 τετρακοσίους
757 2840 807 2880 τὸ
851 2843 1171 2892 συντομώτατον.

330 2896 413 2935 Dio
441 2896 618 2944 Cassius,
648 2896 761 2935 Hist.
789 2897 910 2936 Rom.
935 2899 1074 2938 xxxix.
1107 2909 1171 2949 50.

331 2956 341 2972 ‘
356 2952 399 2990 A
419 2950 656 2990 Gessoriaco
679 2951 731 2990 de
757 2951 906 2990 Galliis
933 2952 1103 3003 Ritupis
1132 2953 1175 2992 in

331 3009 457 3057 portu
489 3005 803 3044 Britanniarum
835 3005 969 3044 stadia
1005 3020 1175 3047 numero

310 3059 493 3108 ccccm!
549 3059 802 3109 Antoninus,
826 3059 1108 3102 Itinerarium.

387 3113 403 3136 ²
430 3113 583 3166 issicio]
615 3115 659 3153 A
677 3114 787 3165 pike.
826 3113 887 3154 Of.
912 3114 1058 3155 ‘esox.’

386 3168 400 3190 ³
427 3168 473 3209 S.
493 3169 702 3222 Basilius]
744 3166 846 3220 Ἤδη
894 3167 937 3208 δὲ
975 3169 1043 3208 καῖ
1090 3172 1174 3225 θερ-

1227 2515 1400 2568 μοτέρας
1422 2515 1468 2555 ἐκ
1493 2515 1711 2566 μετάλλων
1734 2516 1945 2569 ποιότητος
1969 2515 2076 2556 κατὰ

1226 2571 1304 2621 τὴν
1351 2570 1530 2621 διέξοδον
1575 2572 1882 2623 προσλαβοῦσα,
1922 2572 1967 2611 ἐκ
2004 2572 2077 2622 τῆς

1227 2626 1349 2675 αὐτῆς
1394 2627 1470 2666 τοῦ
1506 2628 1712 2666 κινοῦντος
1757 2626 1884 2667 αἰτίας
1933 2624 2075 2677 ζέουσα

1226 2681 1382 2733 γίνεται
1420 2682 1471 2720 ὡς
1509 2680 1563 2720 τὰ
1601 2681 1738 2721 πολλὰ
1775 2681 1840 2722 καὶ
1887 2679 2073 2733 πυρώδης.

1227 2737 1506 2784 Hexameron,
1528 2736 1656 2777 Hom.
1675 2738 1731 2776 iv.
1753 2736 1791 2777 6.

1281 2789 1298 2813 4
1324 2791 1605 2843 metallorum]
1657 2794 1669 2813 ‘
1681 2791 1952 2832 Metallorum
1993 2791 2075 2830 lar-

1226 2859 1323 2897 gam
1369 2850 1412 2885 et
1458 2846 1616 2885 variam
1663 2847 1847 2898 copiam;
1902 2851 2074 2898 gagates

1228 2901 1296 2940 hic
1324 2900 1527 2952 plurimus
1558 2901 1821 2953 optimusque
1848 2904 1911 2940 est
1938 2900 2072 2951 lapis;

1230 2955 1264 2994 si
1284 2955 1474 2994 decorem
1494 2957 1693 3007 requiras,
1713 2956 2045 3007 nigrogemmeus
2062 2969 2072 2996 ε

1230 3010 1266 3047 si
1311 3014 1516 3059 naturam,
1566 3024 1676 3062 aqua
1718 3011 1848 3059 ardet,
1887 3010 1976 3049 oleo
2013 3023 2072 3048 re-

1230 3063 1474 3115 stinguitur:
1491 3066 1524 3104 si
1539 3068 1797 3115 potestatem,
1809 3063 1957 3104 attritu
1968 3064 2072 3103 cale-

1230 3118 1363 3157 factus
1383 3119 1580 3171 applicita
1599 3120 1758 3159 detinet
1777 3119 1822 3170 [ae
1830 3120 1929 3172 que]
1946 3122 2072 3170 atque

1230 3172 1467 3213 succinum?
1502 3174 1678 3221 Solinus,
1697 3173 1797 3215 xxii.
