2216 3554
729 135 1040 199 Ecqberctwm
1074 134 1361 183 Anti-etitem.
1821 139 1918 183 397

237 271 290 320 Si
327 274 490 320 autem
526 269 710 335 aliquid
744 268 974 317 utilitatis
1010 267 1233 316 fidelibus
1269 266 1475 314 conferri
1512 283 1681 314 manus
1716 267 1919 330 imposi-

169 352 316 412 tione,
343 371 438 418 qua
473 353 686 418 Spiritus
717 352 921 402 Sanctus
956 350 1208 414 accipitur,
1241 347 1480 397 credimus
1515 354 1565 397 et
1599 348 1883 398 confitemur
1907 368 1918 397 :

170 440 359 485 constat
396 454 422 484 e
457 435 711 495 contrario,
750 434 881 498 quod.
919 433 1023 482 11300
1064 433 1170 496 ipsa
1204 431 1395 480 utilitas
1431 432 1499 479 eis
1536 432 1711 496 quibus
1749 450 1925 481 manus

169 517 416 582 impositio
441 518 661 577 defuerit,
688 518 838 565 abest.
909 516 1062 579 Cujus
1085 515 1319 562 nimirum
1342 513 1553 578 privatio
1579 516 1693 563 boni
1717 516 1779 564 ad
1803 533 1924 580 quos

170 602 380 664 amplius
413 618 558 666 quam
593 601 655 649 ad
689 600 818 664 ipsos
852 598 1049 663 respicit
1084 597 1340 656 antistites,
1377 597 1461 660 qui
1496 596 1692 645 illorum
1726 615 1776 646 se
1811 615 1924 662 pro-

170 683 375 732 mittunt
406 700 506 732 esse
537 682 781 748 praesules,
808 682 983 745 quibus
1017 679 1248 744 spiritalis
1282 679 1489 727 officium
1520 681 1807 743 praesulatus
1843 698 1924 729 ex-

169 764 334 814 hibere
358 771 444 815 aut
466 766 718 830 negligunt
743 768 828 813 aut
847 764 1127 829 nequeunt?
1188 762 1338 825 Cujus
1363 761 1516 809 totius
1540 762 1767 811 facinoris
1792 764 1927 811 nulla

171 849 324 911 magis
340 866 483 912 quam
502 848 706 897 avaritia
722 865 863 896 causa
881 853 968 896 est.
1029 846 1211 895 Contra
1227 861 1372 909 quam
1391 843 1645 907 disputans
1663 846 1926 908 apostolus,

170 931 223 979 in
240 948 335 995 quo
351 931 575 979 Christus
593 931 895 994 loquebatur,
918 930 1124 978 aiebat1:
1164 933 1176 955 ‘
1191 928 1352 976 Radix
1367 928 1581 976 omnium
1599 929 1838 976 malorum
1854 935 1927 978 est

172 1013 441 1077 cupiditas.'
478 1014 544 1061 Et
558 1030 752 1062 rursum
769 1015 786 1041 ²
805 1030 815 1062 :
853 1019 866 1041 ‘
886 1012 1059 1077 Neque
1080 1009 1242 1070 avari,'
1262 1010 1436 1074 inquit,
1459 1014 1471 1036 ‘
1486 1027 1689 1075 regnum
1704 1011 1799 1059 Dei
1816 1029 1927 1075 pos-

172 1096 425 1144 sidebunt.'
487 1095 650 1156 Quum
675 1096 805 1144 enim
831 1096 1033 1144 antistes
1052 1094 1263 1143 dictante
1282 1110 1444 1141 amore
1463 1093 1678 1156 pecuniae
1697 1096 1927 1158 majorem

170 1179 339 1243 populi
353 1183 558 1242 partem,
569 1196 715 1244 quam
725 1179 824 1227 ulla
839 1178 1027 1227 ratione
1041 1194 1128 1241 per
1142 1182 1302 1225 totum
1318 1176 1431 1224 anni
1446 1176 1658 1240 spatium
1671 1195 1928 1243 peragrare

170 1261 476 1326 praedicando
491 1267 576 1310 aut
592 1261 793 1309 circuire
810 1260 1032 1320 valuerit,
1051 1260 1103 1307 in
1118 1276 1293 1307 nomen
1317 1259 1393 1307 sui
1411 1260 1698 1323 praesulatus
1713 1278 1929 1326 assump-

173 1344 304 1402 serit,
330 1343 446 1392 satis
481 1343 676 1392 exitiale
710 1348 758 1392 et
794 1344 988 1391 sibimet
1021 1342 1125 1407 ipsi,
1151 1347 1201 1391 et
1232 1342 1331 1389 illis
1356 1342 1533 1406 quibus
1563 1342 1685 1391 falso
1709 1344 1930 1407 praesulis

171 1426 368 1474 nomine
391 1427 622 1490 praelatus
646 1433 731 1487 est,
759 1426 1101 1491 comprobatur
1125 1424 1412 1474 concinnare
1441 1425 1722 1489 periculum.

243 1520 287 1569 5.
326 1509 447 1558 Haec
482 1513 580 1559 tuae
616 1509 879 1570 sanctitati,
917 1508 1230 1557 dilectissime
1265 1509 1483 1569 antistes,
1518 1508 1685 1571 paucis
1713 1509 1772 1556 de
1808 1509 1930 1558 cala-

172 1590 344 1639 mitate
381 1609 476 1655 qua
523 1597 690 1640 nostra
737 1609 854 1656 gens
901 1590 1172 1639 miserrime
1209 1590 1397 1640 laborat
1432 1591 1697 1651 insinuans,
1736 1592 1931 1640 obsecro

172 1674 381 1734 sedulus,
408 1681 464 1723 ut
491 1675 594 1724 haec
618 1663 727 1739 (11130
761 1674 1118 1740 perversissime
1155 1674 1235 1738 agi
1260 1674 1511 1738 conspicis,
1539 1680 1775 1738 quantum
1800 1676 1931 1724 vales

173 1757 233 1806 ad
269 1762 450 1806 rectam
485 1758 602 1806 vitae
636 1775 856 1807 normam
885 1774 1110 1806 revocare
1147 1758 1420 1806 contendas
1492 1758 1660 1806 Habes
1697 1758 1838 1817 enim,
1873 1763 1931 1805 ut

173 1840 326 1900 credo,
352 1840 771 1904 promptissimum
803 1844 906 1889 tam
932 1840 1055 1904 justi
1086 1840 1264 1888 laboris
1296 1840 1582 1904 adjutorem,
1607 1857 1769 1905 regem
1798 1841 1931 1890 vide-

173 1923 288 1971 licet
323 1923 631 1972 Ceoluulfum
647 1924 677 1982 ³,
716 1923 801 1987 qui
837 1929 886 1971 et
927 1940 1015 1987 pro
1059 1923 1208 1971 insita
1249 1922 1343 1971 sibi
1378 1923 1635 1972 dilectione
1671 1923 1931 1988 religionis,

175 2005 405 2070 quicquid
429 2005 492 2053 ad
515 2005 735 2069 regulam
764 2005 961 2069 pietatis
992 2005 1221 2069 pertinet,
1248 2006 1387 2054 firma
1410 2006 1633 2070 protinus
1661 2005 1932 2054 intentione

175 2089 403 2151 adjuvare
436 2088 638 2148 curabit,
664 2093 714 2137 et
750 2088 961 2137 maxime
994 2088 1079 2136 illa
1111 2105 1219 2152 quae
1254 2092 1311 2137 tu
1347 2106 1498 2153 quum
1531 2089 1596 2136 sis
1629 2089 1932 2152 propinquus

176 2171 310 2220 illius
345 2171 706 2220 amantissimus
741 2173 868 2220 bona
900 2172 1115 2236 coeperis,
1148 2171 1251 2236 ipse
1282 2177 1340 2221 ut
1376 2171 1692 2236 perficiantur
1726 2171 1932 2236 opitula-

175 2254 326 2303 bitur.
400 2255 705 2318 Quapropter
730 2254 877 2317 velim
902 2254 1104 2303 solerter
1128 2253 1267 2302 illum
1300 2254 1572 2313 admoneas,
1598 2258 1656 2303 ut
1687 2254 1739 2302 in
1763 2253 1933 2302 diebus

175 2336 350 2385 vestris
392 2341 573 2386 statum
620 2341 798 2386 nostrae
845 2336 1006 2402 gentis
1054 2336 1433 2386 ecclesiasticum
1479 2338 1530 2384 in
1577 2337 1751 2385 melius
1786 2354 1935 2401 quam

176 2419 408 2468 hactenus
432 2420 592 2468 fuerat
616 2420 887 2468 instaurare
911 2424 1058 2469 curet.
1133 2420 1279 2481 Quod
1312 2437 1411 2468 non
1435 2420 1530 2468 alio
1554 2420 1708 2484 magis
1731 2425 1788 2468 ut
1812 2419 1934 2468 mihi

176 2502 372 2551 videtur
393 2506 553 2566 potest
585 2503 753 2551 ordine
787 2501 966 2567 perfici,
993 2520 1138 2566 quam
1172 2502 1214 2551 si
1247 2503 1411 2567 plures
1447 2508 1626 2551 nostrae
1657 2502 1794 2566 genti
1822 2520 1933 2551 con-

177 2589 427 2634 secrentur
472 2585 730 2645 antistites,
778 2586 1147 2650 exemplumque
1195 2585 1461 2650 sequamini
1506 2585 1812 2650 legislatoris,
1850 2586 1934 2649 qui

178 2684 327 2732 quum
363 2668 493 2716 solus
520 2668 684 2733 jurgia
718 2685 774 2717 ac
808 2669 998 2732 pondus
1035 2667 1319 2717 Israeliticae
1361 2667 1514 2732 plebis
1556 2668 1794 2717 sustinere
1836 2685 1935 2716 non

176 2755 352 2814 posset,
378 2750 525 2814 elegit
548 2750 642 2800 sibi
665 2750 830 2801 divino
855 2751 1052 2816 adjutus
1075 2750 1286 2811 consilio,
1311 2754 1360 2799 et
1384 2751 1714 2799 consecravit4
1739 2755 1933 2815 septua-

177 2832 318 2898 ginta
353 2833 564 2882 seniores
599 2850 806 2897 quorum
839 2850 929 2898 ope
965 2837 1112 2898 atque
1143 2833 1342 2882 consilio
1377 2833 1660 2897 impositum
1693 2834 1786 2882 sibi
1810 2850 1933 2882 onus

178 2915 304 2963 ferre
339 2915 492 2964 levius
525 2919 701 2980 posset.
777 2915 901 2978 Quis
937 2916 1068 2966 enim
1102 2933 1202 2965 non
1243 2915 1405 2965 videat
1441 2921 1623 2981 quanto
1663 2917 1727 2965 sit
1761 2916 1935 2965 melius

178 3002 281 3046 tam
317 3013 510 3046 enorme
550 2998 739 3062 pondus
781 2997 1094 3048 ecclesiastici
1128 2998 1377 3063 regiminis
1418 2999 1471 3047 in
1506 2999 1684 3063 plures,
1721 2999 1805 3064 qui
1846 2998 1936 3047 hoc

179 3080 492 3145 dispertitum
523 3080 712 3130 facilius
747 3081 921 3143 ferant,
941 3081 1109 3144 dividi,
1136 3099 1283 3147 quam
1318 3099 1472 3131 unum
1505 3083 1595 3131 sub
1630 3082 1757 3130 fasce
1790 3097 1934 3146 quem

290 3176 305 3201 ¹
330 3176 487 3230 aiebat]
505 3188 531 3217 ‘1
555 3178 662 3220 Tim.
682 3177 738 3220 vi.
762 3189 825 3220 10.
1193 3180 1209 3205 ⁸
1241 3178 1517 3232 Oeoluulfam]
1536 3179 1612 3219 See
1630 3191 1672 3219 v.
1692 3189 1757 3228 23.

290 3230 306 3255 ²
331 3233 514 3287 rursum]
538 3245 555 3274 1
580 3234 672 3276 Cor.
692 3233 748 3275 vi.
770 3245 836 3277 10.
1192 3233 1209 3258 ⁴
1233 3234 1495 3288 cmecravit]
1518 3235 1562 3274 N
1564 3233 1676 3277 umb.
1695 3233 1754 3276 xi.
1779 3233 1842 3274 16.
