2216 3554
367 162 467 217 226‘
945 168 1174 217 Historia
1208 167 1550 217 Ecclesiastica
1887 166 2023 234 [Lm.
2046 183 2119 216 Ν.

432 303 445 325 ‘
465 299 716 359 Octavum,
745 298 864 348 “Ut
909 299 1072 348 nullus
1119 299 1453 363 episcoporum
1495 315 1546 347 se
1583 298 1810 362 praeferat
1850 299 1992 348 alteri
2032 317 2121 364 pcr

363 381 708 441 ambitionem;
745 381 830 429 sed
865 398 1029 430 omnes
1064 387 1326 444 agnoscant
1361 387 1555 445 tempus
1585 386 1634 429 et
1666 381 1883 429 ordinem
1918 399 2119 446 congre-

362 464 573 528 gationis
598 462 736 512 suae.''
1106 462 1115 470 “

434 549 446 572 ‘
466 546 664 593 Nonum
697 545 966 610 capitulum
1000 546 1051 593 in
1086 562 1340 595 commune
1374 548 1638 593 tractatum
1674 550 1761 603 est,
1794 549 1821 571 “
1843 546 1918 594 Ut
1952 547 2120 609 plures

363 627 590 692 episcopi,
615 632 856 676 crescente
880 645 1082 677 numero
1107 628 1338 686 fidelium,
1358 633 1652 692 augerentur
1669 645 1685 688 3
1700 627 1724 648 ''
1761 628 1845 676 sed
1871 628 1931 676 de
1955 628 2043 676 hac
2066 645 2120 676 re

363 711 426 759 ad
449 728 662 774 praesens
687 711 928 759 siluimus.

433 797 444 819 ‘
466 793 726 841 Decimum
761 792 1031 856 capitulum
1069 810 1158 855 pro
1193 788 1452 855 conjugiis,
1493 796 1521 819 ‘⁴
1547 792 1620 840 Ut
1667 791 1790 839 nulli
1837 791 1979 840 liceat
2025 793 2119 840 nisi

363 875 638 939 legitimum
676 875 853 923 habere
896 875 1203 923 connubium.
1276 874 1456 923 Nullus
1491 874 1728 922 incestum
1765 873 1923 934 faciat,
1957 875 2120 923 nullus

364 958 620 1022 conjugem
654 957 917 1021 propriam,
942 956 1050 1017 nisi,
1077 963 1134 1005 ut
1159 963 1377 1005 sanctum
1402 956 1706 1020 evangelium
1732 957 1886 1016 docet,
1911 958 2120 1005 fornica-

363 1040 512 1089 tionis
541 1057 698 1099 causa,
723 1039 982 1102 relinquat.
1054 1038 1196 1099 Quod
1233 1038 1273 1086 si
1309 1038 1566 1102 quisquam
1601 1040 1848 1102 propriam
1878 1040 2121 1103 expulerit

364 1126 617 1187 conjugem
649 1121 867 1185 legitimo
900 1121 996 1169 sibi
1030 1121 1343 1169 matrimonio
1379 1124 1698 1184 conjunctam,
1735 1122 1776 1170 si
1813 1122 2121 1171 Christianus

363 1223 464 1254 esse
499 1209 629 1253 recte
662 1204 885 1264 voluerit,
923 1204 1049 1251 nulli
1080 1204 1223 1252 alteri
1263 1204 1542 1267 copuletur3
1596 1205 1680 1253 sed
1716 1204 1788 1252 ita
1820 1211 2119 1268 permaneat,

363 1294 448 1336 aut
479 1287 687 1351 propriae
721 1286 1062 1335 reconcilietur
1090 1286 1327 1351 conjugi.'’

431 1451 443 1473 ⁴
465 1448 560 1497 His
595 1449 760 1513 itaque
795 1447 1019 1512 capitulis
1056 1446 1109 1496 in
1151 1465 1407 1497 commune
1447 1450 1667 1498 tractatis
1705 1466 1761 1498 ac
1796 1448 2022 1508 definitis,
2060 1454 2118 1497 ut

363 1533 554 1580 nullum
578 1533 804 1596 deinceps
829 1533 889 1580 ab
913 1532 1076 1596 aliquo
1106 1539 1330 1581 nostrum
1359 1533 1547 1580 oriatur
1573 1532 1896 1581 contentionis
1921 1533 2119 1580 scanda-

363 1614 467 1662 lum
491 1620 577 1663 aut
601 1615 695 1662 alia
727 1632 816 1678 pro
852 1614 960 1662 aliis
990 1615 1376 1677 divulgarentur,
1402 1614 1590 1677 placuit
1612 1618 1669 1661 ut
1694 1631 1896 1678 quaeque
1921 1613 2120 1662 definita

362 1704 477 1745 sunt
501 1698 834 1761 unusquisque
870 1703 1092 1745 nostrum
1128 1713 1300 1744 manus
1323 1697 1535 1760 propriae
1561 1697 1916 1759 subscriptione
1946 1697 2118 1745 confir-

363 1783 532 1828 maret.
617 1780 777 1841 Quam
823 1780 1114 1842 sententiam
1161 1779 1459 1827 definitionis
1506 1783 1682 1828 nostrae
1711 1779 1882 1827 Titillo
1927 1779 2119 1827 notario

362 1862 660 1910 scribendam
689 1862 883 1911 dictavi.
926 1860 1109 1910 Actum
1134 1861 1186 1909 in
1210 1878 1373 1910 mense
1393 1866 1442 1909 et
1461 1861 1733 1926 indictione
1757 1862 2117 1926 suprascripta.

362 1944 597 2008 Quisquis
621 1945 774 2008 igitur
798 1950 964 1992 contra
995 1945 1118 1992 hanc
1153 1944 1456 2003 sententiam,
1479 1947 1622 2007 juxta
1650 1945 1842 1992 decreta
1866 1961 2116 2002 canonum,

361 2032 528 2074 nostra
552 2026 699 2075 etiam
723 2027 1050 2085 consensione,
1077 2044 1132 2075 ac
1167 2027 1522 2090 subscriptione
1546 2044 1718 2075 manus
1742 2030 1921 2075 nostrae
1946 2025 2118 2075 confir-

361 2113 562 2170 matam,
612 2125 805 2172 quoquo
862 2109 1006 2156 modo
1046 2109 1212 2157 venire
1265 2126 1467 2172 eamque
1513 2109 1780 2173 infringere
1838 2108 2117 2167 tentaverit,

361 2180 553 2239 noverit
581 2208 630 2239 se
667 2192 727 2239 ab
763 2190 896 2239 omni
932 2191 1086 2240 officio
1123 2192 1407 2240 sacerdotali
1443 2196 1492 2240 et
1528 2198 1694 2240 nostra
1728 2191 1960 2240 societate
1983 2207 2118 2254 sepa-

360 2277 536 2321 ratum.
609 2273 794 2321 Divina
839 2289 926 2321 nos
973 2274 1135 2336 gratia
1180 2273 1232 2321 in
1281 2274 1471 2322 unitate
1517 2279 1695 2322 sanctae
1745 2291 1844 2323 suae
1891 2273 2120 2322 Ecclesiae

359 2355 590 2415 viventes,
629 2356 871 2404 custodiat
904 2355 1196 2404 incolumes.'

428 2437 577 2487 Facta
613 2446 686 2488 est
721 2443 884 2487 autem
914 2439 1017 2488 haec
1053 2439 1264 2502 synodus
1299 2456 1427 2488 anno
1459 2439 1521 2487 ab
1552 2438 1884 2488 incarnatione
1916 2437 2119 2487 Domini

422 2539 637 2576 Hlothhere
701 2520 1044 2570 sexcentesimo
1092 2521 1450 2584 septuagesimo
1497 2521 1660 2580 tertio,
1708 2539 1805 2585 quo
1859 2538 1986 2569 anno
2031 2538 2119 2569 rex

440 2590 613 2681 bfflss'ggfs
701 2603 1076 2652 Cantuariorum
1114 2604 1354 2667 Ecgberct
1392 2621 1556 2651 mense
1594 2603 1626 2651 J
1629 2604 1731 2651 ulio
1774 2604 1973 2662 obierat,
2011 2621 2119 2652 ευσ-

471 2688 588 2732 Kept.
699 2686 895 2734 cedente
919 2686 971 2733 in
995 2704 1201 2751 regnum
1225 2687 1378 2734 fratre
1404 2686 1653 2745 Hlothere,
1681 2687 1811 2751 quod
1835 2686 1941 2749 ipse
1966 2703 2118 2735 annos

358 2767 583 2815 undecim
607 2770 655 2815 et
679 2785 865 2816 menses
890 2774 1075 2832 septem
1099 2767 1297 2819 tenuitl.
1346 2769 1454 2817 Bisi
1479 2775 1644 2817 autem
1668 2769 1921 2832 episcopus
1945 2769 2117 2818 Orien-

358 2850 533 2899 talium
555 2848 847 2912 Anglorum,
874 2851 960 2915 qui
983 2852 1035 2900 in
1058 2851 1262 2934 praefato
1300 2852 1484 2915 synodo
1515 2851 1663 2918 fuisse
1691 2851 1990 2916 perhibetur,
2013 2851 2118 2915 ipse

358 3031 545 3071 Gamden
577 3030 693 3083 gives
730 3043 776 3070 as
809 3031 883 3070 the
913 3030 982 3070 old
1014 3044 1136 3071 name
1169 3031 1214 3070 of
1263 3031 1383 3084 bury,
1402 3031 1602 3082 thinking
1619 3031 1715 3071 that
1743 3030 1777 3070 it
1799 3044 1884 3070 was
1912 3029 2116 3082 certainly

357 3086 600 3137 Abingdon‚
631 3086 768 3137 might
794 3086 847 3125 be
879 3100 906 3125 a
937 3086 1117 3126 mistake
1146 3087 1210 3126 for
1263 3087 1310 3126 in
1327 3086 1689 3127 Gloucestershire.
1747 3087 1854 3134 May
1874 3085 1911 3125 it
1930 3089 2004 3127 not
2021 3097 2116 3136 pos-

357 3141 654 3188 Oleovesham;
692 3140 776 3180 and
803 3140 856 3180 he
890 3140 967 3180 has
999 3142 1108 3180 been
1134 3141 1209 3180 fol-
1264 3142 1372 3194 sibly
1391 3142 1442 3181 be
1463 3141 1724 3181 Lewisham‘?

355 3196 490 3235 lowed
521 3196 579 3248 by
607 3196 765 3237 Gibson
797 3195 843 3236 in
875 3195 941 3236 his
973 3196 1130 3235 edition
1164 3196 1211 3235 of
1315 3195 1330 3219 ²
1360 3196 1510 3248 tenuit]
1532 3197 1617 3236 For
1631 3196 1703 3235 the
1717 3196 1816 3236 date
1830 3195 1880 3234 of
1893 3194 1959 3234 his
1974 3193 2117 3242 death,

357 3250 554 3291 eamden.
611 3251 794 3292 Kemble
812 3254 1000 3304 suggests
1014 3251 1205 3292 Tewkes-
1261 3251 1362 3292 Feb.
1383 3250 1422 3299 6,
1444 3262 1531 3291 ΑΛ).
1552 3249 1646 3302 685,
1666 3264 1733 3291 see
1753 3263 1787 3291 c.
1811 3249 1875 3291 26.
