2216 3554
390 210 467 255 68*
964 204 1023 253 H
1019 204 1189 253 istoria
1223 204 1555 253 Ecclesiastica
1949 202 2081 273 [Lm.
2101 220 2137 252 1.

388 339 593 387 eundem
617 337 851 401 populum
876 338 1115 386 abstinere
1149 356 1178 387 a
1209 337 1495 385 mulieribus
1520 335 1765 400 praecepit.
1835 335 1904 384 Et
1928 336 1968 384 si
1991 337 2106 384 illuc
2122 338 2137 364 ¹

387 421 472 469 ubi
515 421 755 469 Dominus
800 437 888 484 per
929 425 1199 469 creaturam
1234 421 1479 468 subditam
1520 418 1796 468 hominibus
1835 418 2139 481 loquebatur,

387 507 526 551 tanta
560 503 837 566 provisione
874 506 947 551 est
981 503 1223 550 munditia
1259 502 1477 565 corporis
1511 501 1758 565 requisita,
1790 505 1849 548 ut
1883 501 1968 564 qui
1991 501 2140 549 verba

386 585 482 634 Dei
517 585 824 649 perciperent
870 585 1158 634 mulieribus
1205 585 1362 634 mix-ti
1391 602 1487 633 non
1529 588 1716 643 essent3
1766 590 1946 646 quanto
1986 583 2140 647 magis

388 668 629 726 mulieres,
654 685 763 731 quae
796 684 968 734 corpus
994 667 1194 715 Domini
1231 667 1577 730 omnipotentis
1610 665 1868 729 accipiunt,
1898 666 2140 714 custodire

385 751 440 799 in
477 767 526 799 se
562 750 856 798 munditiam
894 749 1053 798 carnis
1090 750 1281 808 debent,
1307 766 1368 797 ne
1403 749 1508 812 ipsa
1542 748 1892 797 inaestimabilis
1922 747 2142 811 mysterii

387 832 719 895 magnitudine
754 833 1054 895 graventur‘l
1123 832 1259 881 Hinc
1294 831 1441 879 etiam
1472 832 1533 878 ad
1557 831 1721 878 David
1753 830 1813 878 de
1847 831 2009 892 pueris
2041 830 2142 878 suis

386 932 473 979 per
497 915 794 963 sacerdotem
827 915 1024 972 dicitur,
1050 918 1106 962 ut
1145 914 1185 961 si
1223 931 1252 961 a
1288 913 1573 962 mulieribus
1599 913 1769 960 mundi
1801 919 1970 973 essent,
1995 930 2142 976 panes

386 997 733 1062 propositionis
758 998 1040 1060 acciperent,
1066 1013 1186 1060 quos
1210 996 1407 1044 omnino
1431 1013 1527 1043 non
1559 996 1847 1059 acciperent,
1876 995 1971 1043 nisi
2005 996 2142 1059 prius

387 1081 594 1128 mundos
633 1095 711 1127 eos
755 1079 915 1128 David
957 1096 986 1126 a
1027 1078 1311 1126 mulieribus
1352 1078 1619 1126 fateretur‘l
1691 1078 1827 1126 Tunc
1867 1084 2030 1126 autem
2066 1078 2144 1126 vir

387 1163 472 1227 qui
506 1168 617 1227 post
651 1161 1005 1209 admixtionem
1042 1160 1258 1223 conjugis
1292 1161 1422 1209 lotus
1458 1176 1583 1223 aqua
1617 1161 1781 1220 fuerit,
1814 1161 1962 1209 etiam
1997 1177 2143 1208 sacrae

387 1244 737 1294 communionis
761 1243 1046 1306 mysterium
1069 1243 1199 1290 valet
1235 1242 1464 1305 accipere,
1488 1259 1596 1290 cum
1623 1243 1669 1291 ei
1686 1243 1830 1306 Juxta
1851 1243 2142 1307 praefinitam

386 1327 691 1385 sententiam,
717 1325 865 1373 etiam
891 1325 1139 1373 ecclesiam
1164 1325 1358 1373 licuerit
1383 1325 1592 1372 intrare?

455 1408 783 1472 Interrogatio
809 1407 1106 1472 Augustini,
1161 1411 1172 1431 ‘
1194 1406 1246 1455 Si
1280 1412 1392 1470 post
1427 1406 1717 1455 inlusionem
1753 1425 1861 1471 quae
1897 1424 1986 1471 per
2016 1424 2142 1456 som-

386 1491 525 1539 nium
549 1492 671 1539 solet
693 1491 919 1550 accidere,
946 1490 1023 1538 vel
1047 1506 1220 1553 corpus
1246 1488 1448 1537 Domini
1482 1490 1933 1554 quilibet-accipere
1956 1492 2141 1551 valeat3

384 1575 475 1633 vel,
504 1574 544 1621 si
569 1574 784 1622 sacerdos
808 1573 885 1633 sit,
909 1590 1042 1621 sacra
1065 1572 1296 1635 mysteria
1319 1572 1560 1620 celebrare
1576 1574 1594 1619 ‘l
1611 1572 1622 1591 ’

454 1657 724 1721 Respondit
758 1655 1042 1721 Gregorius.
1114 1661 1125 1682 ‘
1143 1655 1292 1703 Hunc
1335 1655 1530 1719 quidem
1568 1655 1930 1704 Testamentum
1964 1657 2143 1705 veteris

387 1740 544 1804 Legis,
570 1740 694 1788 sicut
726 1740 778 1787 in
810 1738 1049 1803 superiori
1080 1738 1296 1802 capitulo
1322 1739 1422 1802 jam
1457 1737 1686 1798 diximus,
1710 1739 1951 1801 pollutum
1976 1739 2096 1788 dicit
2109 1741 2142 1799 ²,

387 1827 438 1871 et
472 1823 564 1870 nisi
599 1823 754 1871 lotum
791 1840 930 1887 aqua,
967 1839 1123 1886 usque
1157 1822 1219 1868 ad
1253 1837 1504 1884 vesperam
1546 1820 1728 1868 intrare
1764 1821 2010 1869 ecclesiam
2045 1839 2142 1870 non

387 1906 621 1954 concedit.
694 1906 835 1966 Quod
869 1910 1035 1953 tamen
1067 1904 1210 1952 aliter
1233 1903 1441 1967 populus
1466 1901 1699 1965 spiritalis
1734 1903 2026 1966 intelligens,
2053 1906 2143 1953 sub

388 1988 556 2037 eodem
588 1988 838 2035 intellectu
872 1986 1078 2050 accipiet
1113 2003 1208 2049 quo
1244 1985 1439 2049 praefati
1475 2001 1675 2034 sumus:
1726 1986 1841 2048 quia
1882 1987 2021 2049 quasi
2056 2004 2145 2051 per

386 2070 629 2119 somnium
653 2070 893 2119 inluditur
916 2069 1001 2134 qui
1023 2073 1244 2117 tentatur
1266 2063 1591 2127 immunditia,
1617 2068 1746 2116 veris
1774 2068 2067 2132 imaginibus
2091 2071 2142 2118 in

388 2152 681 2216 cogitatione
704 2153 990 2215 inquinatur
1007 2169 1021 2212 5
1060 2152 1141 2199 sed
1167 2151 1399 2199 lavandus
1428 2154 1503 2198 est
1535 2167 1672 2214 aqua,
1698 2156 1756 2198 ut
1779 2151 1944 2215 culpas
1968 2152 2142 2216 cogita-

388 2235 536 2283 tionis
559 2235 784 2298 lacrymis
809 2235 1004 2283 abluat:
1042 2239 1091 2283 et
1118 2234 1212 2281 nisi
1240 2233 1377 2296 prius
1408 2232 1535 2296 ignis
1567 2233 1849 2282 tentationis
1881 2236 2141 2295 recesserit,

389 2334 524 2366 reum
549 2334 599 2365 se
624 2317 762 2380 quasi
784 2333 936 2380 usque
961 2317 1022 2365 ad
1046 2333 1301 2379 vesperum
1325 2321 1594 2379 cognoscat.
1671 2317 1767 2365 Sed
1792 2322 1867 2365 est
1902 2317 1954 2364 in
1977 2318 2142 2366 eadem

387 2400 623 2448 inlusione
642 2400 780 2447 valde
805 2399 1067 2447 necessaria
1085 2399 1325 2458 discretio,
1346 2416 1453 2462 quae
1480 2399 1729 2447 subtiliter
1745 2400 1937 2463 pensari
1955 2400 2142 2460 debeat,

388 2502 450 2534 ex
474 2501 571 2546 qua
593 2501 645 2531 re
670 2483 854 2531 accidat
877 2482 1030 2530 menti
1054 2483 1338 2530 dormientis
1358 2500 1368 2531 :
1407 2482 1672 2546 aliquando
1696 2483 1823 2531 enim
1848 2500 1909 2531 ex
1933 2484 2141 2547 crapula,

387 2566 644 2630 aliquando
681 2582 741 2613 ex
775 2569 962 2612 naturae
998 2565 1334 2628 superfluitate
1369 2571 1418 2613 et
1454 2565 1756 2624 infirmitate,
1782 2564 2045 2629 aliquando
2082 2583 2142 2614 ex

388 2649 681 2712 cogitatione
697 2647 935 2711 contingit
953 2647 1038 2695 ita.
1088 2648 1154 2695 Et
1172 2647 1369 2710 quidem
1389 2665 1500 2695 cum
1518 2665 1579 2695 ex
1602 2652 1788 2695 naturae
1812 2648 2142 2711 superfluitate

388 2734 467 2781 vel
489 2731 772 2779 infirmitate
796 2730 1023 2790 evenerit,
1044 2730 1321 2777 omnimodo
1344 2730 1446 2779 haec
1470 2730 1653 2778 inlusio
1678 2747 1776 2778 non
1800 2733 1873 2778 est
1895 2731 2141 2790 timenda3

390 2815 505 2880 quia
538 2814 662 2862 hanc
697 2813 917 2860 animum
951 2813 1242 2861 nescientem
1278 2813 1534 2877 pertulisse
1570 2813 1722 2877 magis
1758 2813 2019 2861 dolendum
2054 2817 2142 2873 est,

391 2915 539 2963 quam
572 2896 753 2944 fecisse.
825 2895 949 2944 Cum
985 2912 1099 2943 vero
1135 2896 1265 2944 ultra
1300 2896 1501 2943 modum
1537 2895 1782 2959 appetitus
1817 2896 1943 2959 gulae
1977 2895 2029 2943 in
2063 2912 2140 2943 su-

391 2980 579 3032 mendis
613 2978 855 3026 alimentis
890 2978 1095 3040 rapitur,
1139 2984 1283 3040 atque
1324 2978 1502 3026 idcirco
1546 2979 1807 3026 humorum
1844 2979 2143 3041 receptacula

392 3066 671 3130 gravantur,
709 3061 855 3109 habet
892 3060 1066 3108 exinde
1104 3060 1297 3108 animus
1338 3061 1551 3125 aliquem
1595 3065 1798 3120 reatum,
1840 3077 1940 3108 non
1978 3064 2141 3108 tamen

449 3174 461 3197 ¹
491 3172 610 3224 illuc]
651 3170 908 3223 Frequently
926 3170 1027 3209 used
1050 3169 1106 3222 by
1125 3169 1240 3209 Beda
1294 3173 1363 3210 too
1411 3171 1528 3212 Grat.
1576 3183 1671 3224 pars
1718 3170 1755 3210 Ι.
1803 3169 1898 3210 dist.
1937 3169 1990 3209 vi.
2033 3173 2053 3218 ξ
2106 3181 2141 3215 2,

393 3244 438 3270 as
459 3228 699 3281 equivalent
717 3230 761 3266 to
781 3230 791 3247 ‘
809 3225 920 3288 illi-<33
1294 3239 1335 3278 p,
1360 3237 1422 3267 11.

448 3283 466 3307 ⁹
493 3283 616 3336 dicit]
653 3282 780 3324 Deut.
809 3279 926 3332 xxui.
960 3291 1022 3329 10,
1057 3290 1121 3320 11.
1177 3279 1239 3319 Cf.
