2216 3554
293 158 314 200 1
323 157 352 200 9
359 158 386 202 2
868 149 1094 198 Historia
1112 194 1118 197 .
1130 149 1179 196 Ε
1179 147 1464 197 eclesiastica
1809 142 1944 212 [LIB.
1962 157 2042 192 111.

967 404 1113 453 CAP.
1161 403 1330 452 XXV.
1349 404 1363 431 ¹

404 546 455 587 Ut
475 545 644 599 quoestio
662 542 716 584 sit
737 548 845 583 mota
864 541 912 582 de
939 547 1112 594 tempore
1124 542 1300 592 paschae,
1324 539 1520 581 adversus
1538 552 1599 579 eos
1621 539 1692 592 qni
1712 538 1762 579 de
1779 538 1940 579 Scottia

1076 613 1280 651 venerant.

364 743 601 792 INTEREA
636 739 860 788 Aidano²
901 738 1124 802 episcopo
1161 737 1220 784 de
1255 736 1346 784 hac
1380 735 1483 784 vita
1524 735 1730 795 sublato,
1768 736 1940 784 Finan·
1962 753 2051 800 pro

395 860 538 902 Bishop
638 823 723 870 illo
770 821 974 886 gradum
1028 820 1328 884 episcopatus
1380 836 1409 867 a
1462 818 1642 868 Scottis
1697 819 1951 867 ordinatus
1999 835 2054 867 ac

334 910 458 945 Finan
477 908 604 944 builds
640 905 820 953 missus
844 907 1120 967 acceperat:
1157 901 1241 966 qui
1270 901 1321 948 in
1346 901 1500 949 insula
1532 901 1917 950 Lindisfarnensi
1942 901 2056 950 fecit

371 960 572 1046 ἓῂῖἳὲἓᾝ
641 986 890 1036 ecclesiam
929 983 1188 1049 episcopali
1223 983 1325 1032 sedi
1365 1000 1661 1046 congruam,
1711 1001 1857 1048 quam
1892 990 2056 1032 tamen

344 1061 595 1096 Lindisfarne.
643 1086 777 1118 more
825 1068 1104 1118 Scottorum
1118 1067 1151 1126 ³,
1194 1084 1291 1114 non
1332 1066 1393 1115 de
1438 1066 1614 1129 lapide,
1655 1067 1740 1114 sed
1778 1067 1837 1115 de
1883 1067 2056 1115 robore

302 1161 430 1203 secto
465 1159 621 1202 totam
657 1151 940 1215 composuit,
976 1154 1124 1214 atque
1170 1149 1440 1197 harundine
1479 1149 1620 1208 texit,
1656 1167 1804 1213 quam
1840 1155 2057 1214 tempore

304 1236 523 1300 sequenti
563 1233 983 1284 reverentissimus
1029 1231 1416 1295 archiepiscopus
1463 1230 1742 1280 Theodorus
1783 1231 1834 1279 in
1881 1232 2060 1281 honore

304 1319 436 1368 beati
470 1318 675 1382 apostoli
709 1316 848 1365 Petri
883 1315 1138 1364 dedicavit.
1212 1314 1308 1363 Sed
1340 1314 1594 1377 episcopus
1626 1314 1721 1362 loci
1753 1314 1908 1377 ipsius
1932 1315 2062 1364 Ead-

304 1402 472 1450 berct⁴
504 1401 666 1449 ablata
697 1397 982 1458 harundine,
1007 1397 1195 1461 plumbi
1226 1395 1422 1445 laminis
1453 1414 1557 1444 eam
1591 1401 1760 1457 totam,
1788 1397 1876 1446 hoc
1900 1404 1986 1458 est,
2012 1405 2062 1447 et

305 1489 491 1532 tectum
516 1490 564 1532 et
588 1484 716 1547 ipsos
742 1499 934 1548 quoque
957 1480 1168 1546 parietes
1192 1482 1294 1543 ejus
1319 1479 1564 1543 cooperire
1589 1480 1793 1529 curavit.

375 1565 473 1614 His
496 1565 798 1630 temporibus
823 1564 1028 1629 quaestio
1051 1563 1178 1612 facta
1202 1568 1275 1612 est
1298 1563 1523 1626 frequens
1542 1568 1591 1610 et
1615 1580 1802 1627 magna,
1823 1564 1882 1612 de
1902 1565 2064 1613 obser-

353 1676 606 1719 controversy
651 1649 847 1698 vatione
890 1647 1094 1712 paschae,
1131 1646 1530 1695 confirmantibus
1560 1646 1628 1694 eis
1664 1646 1751 1710 qui
1783 1647 1842 1695 de
1873 1647 2065 1707 Cantia,

360 1727 601 1811 Οὲἲῦἒὲεῗθῗθ
651 1732 732 1781 vel
759 1732 820 1780 de
851 1730 1025 1779 Galliis
1060 1730 1368 1788 advenerant,
1396 1729 1526 1792 quod
1559 1729 1716 1777 Scotti
1750 1730 2066 1779 Dominicum

357 1825 527 1861 between
541 1825 610 1861 the
652 1814 842 1878 paschae
888 1812 1017 1861 diem
1068 1818 1238 1860 contra
1283 1811 1572 1860 universalis
1618 1812 1826 1862 ecclesiae
1881 1829 2067 1861 morem

369 1875 596 1960 sccggoznd
653 1897 962 1945 celebrarent.
1033 1895 1158 1943 Erat
1204 1895 1257 1941 in
1301 1894 1379 1942 his
1425 1894 1688 1943 acerrimus
1728 1895 1833 1943 veri
1877 1896 2070 1959 paschae

385 1974 590 2010 churches.
655 1979 891 2037 defensor,
927 1977 1122 2025 nomine
1153 1976 1332 2025 Ronan
1347 1976 1378 2036 ⁶,
1404 1977 1600 2026 natione
1630 1978 1825 2041 quidem
1857 1977 2069 2039 Scottus,

314 2062 396 2111 sed
429 2061 481 2109 in
504 2061 678 2110 Galliae
702 2060 780 2109 vel
803 2059 963 2108 Italiae
992 2059 1214 2123 partibus
1245 2059 1464 2122 regulam
1495 2059 1826 2109 ecclesiasticae
1850 2062 2072 2111 veritatis

315 2145 514 2193 edoctus
530 2161 543 2204 ;
592 2142 677 2207 qui
713 2160 823 2191 cum
862 2142 1052 2191 Finano
1087 2141 1360 2204 confligens,
1398 2142 1577 2190 multos
1614 2143 1810 2206 quidem
1845 2145 2069 2206 correxit,

314 2227 391 2275 vel
415 2227 476 2274 ad
501 2226 818 2274 sollertiorem
842 2225 1063 2274 veritatis
1092 2223 1458 2288 inquisitionem
1481 2225 1699 2274 accendit
1720 2244 1729 2273 ε
1767 2243 2073 2291 nequaquam

314 2317 480 2358 tamen
503 2309 746 2357 Finanum
768 2309 1024 2356 emendare
1047 2307 1211 2371 potuit
1229 2323 1242 2367 3
1285 2307 1404 2371 quin
1428 2308 1607 2371 potius,
1628 2309 1757 2372 quod
1782 2316 1906 2358 esset
1928 2309 2073 2360 homo

306 2393 488 2441 ¹ferocis
512 2392 678 2451 animi,
704 2391 998 2440 acerbiorem
1023 2390 1317 2453 castigand0‚
1344 2393 1394 2438 et
1417 2396 1639 2454 apertum
1658 2391 1881 2441 veritatis
1905 2393 2074 2441 adver·

318 2474 499 2523 sarium
533 2475 760 2523 reddidit.
846 2474 1148 2522 Observabat
1180 2478 1341 2522 autem
1374 2473 1526 2521 Jacob
1559 2473 1789 2522 diaconus
1814 2476 2075 2539 quondam,

318 2562 377 2606 ut
415 2574 559 2620 supra
574 2555 592 2583 ⁶
627 2557 890 2617 docuimus,
928 2557 1219 2605 venerabilis
1256 2555 1614 2620 archiepiscopo
1655 2556 1868 2615 Paulini,
1905 2576 2076 2608 verum

320 2644 372 2687 et
403 2639 695 2688 catholicum
726 2640 918 2704 pascha,
944 2657 1053 2688 cum
1086 2640 1311 2688 omnibus
1343 2656 1463 2704 quos
1496 2640 1558 2687 ad
1586 2641 1921 2689 correctiorem
1946 2643 2077 2691 viam

377 2794 392 2818 ¹
420 2794 525 2835 GAP.
537 2793 707 2848 XXV.]
740 2795 931 2835 Omitted
948 2796 994 2835 in
1011 2796 1116 2838 S.V.
1227 2795 1465 2836 Scottorum
1479 2793 1503 2812 ”
1523 2795 1617 2836 who
1635 2796 1671 2836 is
1689 2796 1926 2837 mentioned
1946 2796 2079 2837 under

379 2849 395 2872 ²
422 2850 593 2890 Aidano
614 2879 624 2888 .
644 2880 655 2890 .
679 2880 686 2888 .
706 2850 880 2902 sublato]
951 2851 1066 2903 Aug.
1106 2862 1171 2902 31,
1227 2851 1303 2891 the
1329 2863 1452 2891 name
1481 2850 1527 2891 of
1550 2852 1764 2891 Romanus
1789 2852 1835 2891 in
1863 2865 1889 2892 a
1913 2851 2079 2891 chax-ter

325 2915 411 2946 ΔΛ).
426 2905 519 2955 651.
575 2905 653 2945 See
673 2919 741 2957 pp.
758 2905 848 2950 168,
869 2913 959 2957 171.
1229 2905 1407 2958 reciting
1426 2906 1498 2946 the
1517 2906 1784 2946 foundations
1802 2908 1849 2946 of
1871 2919 1926 2946 an
1953 2908 2079 2947 eccle-

382 2962 518 3000 ⁸more
526 2959 772 3012 Scottorum]
789 2961 864 3000 See
872 2975 912 3012 p.
925 2971 1015 3011 144,
1023 2965 1120 3000 note
1136 2973 1173 3011 3.
1229 2961 1411 3000 siastical
1439 2961 1755 3002 establishment
1782 2965 1828 3001 at
1847 2962 2079 3002 Mam-oles

380 3015 396 3038 ¹
414 3014 633 3067 Eadberct]
690 3015 780 3054 The
813 3016 987 3056 seventh
1015 3015 1174 3068 bishop‚
1231 3029 1344 3068 upon
1372 3015 1446 3056 the
1478 3017 1588 3055 river
1615 3017 1780 3056 Vienne
1809 3017 1854 3056 in
1891 3017 2080 3070 Picardy,

327 3071 431 3110 from
451 3068 756 3122 A.D.688-698.
1232 3071 1280 3110 of
1313 3070 1447 3110 which
1484 3071 1537 3110 he
1574 3071 1657 3111 and
1696 3071 1761 3111 his
1799 3077 1822 3093 ‘⁴
1836 3072 2041 3124 peregrini
2055 3071 2077 3088 '’

382 3126 399 3149 ⁵
425 3125 593 3178 Bonan]
644 3131 655 3146 ⁴
669 3124 890 3170 Mabillon‚
922 3125 1038 3165 Ann.
1074 3125 1174 3166 Ord.
1231 3138 1339 3166 were
1378 3125 1451 3165 the
1495 3126 1587 3166 first
1632 3129 1814 3167 tenants.
1870 3127 1948 3166 See
1994 3128 2080 3167 also

329 3179 371 3219 S.
391 3179 575 3219 Benedd.
603 3192 674 3220 xv,
708 3179 772 3231 36,
802 3179 1056 3231 conjectures
1081 3180 1177 3220 that
1232 3180 1343 3220 Gall.
1362 3180 1514 3221 Christ.
1534 3180 1577 3222 ii.
1602 3182 1734 3221 1222.'
1789 3180 1904 3221 Stev.

329 3234 413 3274 this
440 3235 476 3275 is
515 3235 587 3275 the
619 3234 898 3288 “peregrinus
936 3247 988 3275 ex
1026 3248 1177 3287 genere
1286 3236 1302 3259 ⁶
1329 3235 1475 3289 supra]
1507 3235 1583 3276 See
1603 3249 1672 3288 pp.
1691 3235 1781 3284 128,
1809 3237 1897 3288 138.

2209 772 2216 787 μ
2210 721 2216 757 .-.
2207 450 2216 699 .-—-·--n.--.
2214 422 2216 426 .
2212 365 2216 371 .
2214 305 2216 309 .
2210 233 2216 286 ...η-

2200 1559 2216 1656 ΔὺΔ-ι
2204 1191 2216 1527 ffl.⁴.1.n-.=m:-.——...
2213 1173 2216 1178 .
2208 1124 2216 1162 ι-
2211 1100 2216 1108 .
2204 796 2216 1084 ---⁴·a-.-:.-.-—-n..

2209 2659 2216 2667 ι
2203 2446 2216 2639 &snum-⁴
2204 2395 2205 2399 Α
