2216 3554
150 190 279 239 .CAP.
299 187 468 258 mv]
783 190 948 268 Gentis
982 189 1022 237 A
1031 192 1269 252 nylorum.
1802 199 1821 243 1
1833 197 1860 242 8
1869 198 1895 242 7

158 341 243 372 suo
278 325 482 383 Oeadda‚
506 323 592 388 qui
623 328 788 388 postea.
821 323 1071 387 episcopus
1102 323 1257 372 factus
1288 327 1375 383 est,
1411 329 1468 373 ut
1499 324 1552 372 in
1585 326 1898 389 sequentibus

157 407 381 455 dicemus.
473 407 692 468 Quatuor
743 407 985 470 siquidem
1036 405 1090 452 hi
1147 422 1266 469 quos
1326 405 1553 466 diximus,
1603 421 1849 504 Oeagdffsuo-

1602 480 1665 505 Οθθ
1693 481 1710 504 S
1750 480 1801 504 lm
1814 479 1854 504 aS

155 490 371 550 germani
420 489 601 549 fratres,
657 489 791 536 Oedd
838 493 888 536 et
934 487 1148 551 cynibill
1196 490 1246 535 et
1295 486 1461 535 Caelin
1510 493 1558 535 et
1643 520 1760 554 abbot
1775 520 1816 554 of

157 569 363 630 Caedda,
416 571 543 634 quod
589 587 698 618 raro
746 569 1004 629 invenitur,
1057 586 1222 617 omnes
1282 569 1552 617 sacerdotes
1592 569 1859 612 Lastingham.

156 651 355 700 Domini
388 652 519 700 fuere
554 652 784 716 praeclari,
821 656 871 700 et
904 652 1000 700 duo
1036 669 1096 700 ex
1131 651 1200 700 eis
1235 651 1380 700 etiam
1417 651 1597 699 summi
1639 647 1896 698 sacerdotii

153 734 308 796 gradu
342 735 495 784 functi
529 740 656 784 sunt.
722 735 850 783 Cum
886 751 999 798 ergo
1031 734 1305 797 episcopum
1334 734 1612 782 defunctum
1648 749 1702 780 ac
1738 729 1896 794 sepul-

155 821 259 863 tum
301 817 352 864 in
390 818 638 880 provincia
684 817 1198 880 Nordanhymbrorum
1236 817 1461 865 audirent
1506 817 1682 864 fratres
1718 813 1803 878 qui
1845 813 1897 859 in

154 898 441 947 monasterio
490 902 590 962 ejus
638 906 776 948 erant
835 899 887 946 in
947 898 1195 962 provincia
1258 898 1580 947 Orientalium
1631 897 1895 956 Saxonum,

154 987 387 1029 venerunt
443 981 526 1030 illo
580 982 640 1030 de
694 999 782 1030 suo
837 981 1127 1029 monasterio
1173 981 1392 1030 homines
1439 981 1631 1030 circiter
1676 979 1895 1041 triginta,

152 1063 398 1126 cupientes
432 1064 493 1111 ad
524 1081 697 1128 corpus
732 1065 808 1112 sui
842 1064 1009 1127 patris,
1036 1070 1120 1112 aut
1154 1064 1316 1113 vivere
1351 1064 1393 1114 si
1429 1065 1496 1113 sic
1533 1065 1638 1112 Deo
1672 1063 1894 1126 placeret,

151 1151 237 1193 aut
283 1145 539 1194 morientes
585 1146 656 1194 ibi
702 1145 927 1209 sepeliri:
976 1146 1059 1209 qui
1098 1146 1305 1195 libenter
1351 1164 1380 1195 a
1420 1147 1520 1195 suis
1566 1146 1799 1195 fratribus
1846 1150 1896 1193 et

153 1226 554 1275 commilitonibus
588 1227 810 1291 suscepti,
849 1245 1013 1276 omnes
1049 1228 1229 1276 ibidem
1269 1229 1633 1293 superveniente
1679 1228 1894 1293 praefatae

151 1308 438 1372 pestilentiae
486 1311 616 1359 clade
663 1310 877 1359 defuncti
922 1315 1049 1370 sunt,
1098 1316 1298 1375 excepto
1345 1329 1443 1360 uno
1489 1312 1704 1375 puerulo,
1752 1327 1896 1374 quem

150 1389 452 1439 orationibus
485 1392 638 1454 patris
680 1392 754 1440 sui
789 1410 818 1440 a
852 1397 1007 1440 morte
1048 1395 1235 1441 constat
1277 1409 1380 1441 esse
1421 1399 1677 1442 servatum.
1765 1393 1895 1440 Nam

150 1489 257 1519 cum
299 1474 454 1522 multo
500 1479 612 1537 post
651 1475 754 1523 haec
792 1480 1008 1539 tempore
1048 1475 1247 1534 viveret,
1290 1479 1339 1524 et
1386 1476 1640 1539 scripturis
1680 1466 1895 1539 legendis

149 1571 344 1616 operam
389 1555 540 1615 daret,
578 1557 772 1604 tandem
819 1556 988 1605 didicit
1035 1573 1084 1605 se
1124 1574 1249 1621 aqua
1295 1558 1603 1621 baptismatis
1649 1575 1746 1606 non
1792 1573 1894 1605 esse

148 1641 496 1700 regeneratum,
545 1644 594 1686 et
647 1656 761 1686 mox
806 1639 938 1686 fonte
992 1639 1168 1687 lavacri
1215 1639 1439 1688 salutaris
1488 1641 1697 1700 ablutus,
1745 1640 1892 1688 etiam

146 1719 452 1781 postmodum
494 1721 555 1768 ad
602 1721 820 1769 ordinem
865 1721 1154 1784 presbyterii
1199 1728 1451 1784 promotus
1498 1728 1583 1782 est,
1632 1723 1894 1786 multisque

146 1799 198 1846 in
243 1800 439 1849 ecclesia
478 1802 614 1850 utilis
660 1803 784 1852 fuit:
834 1803 893 1851 de
938 1820 1034 1867 quo
1082 1803 1405 1851 dubitandum
1452 1821 1550 1852 non
1591 1805 1890 1864 crediderim,

146 1881 265 1944 quin
313 1883 743 1944 intercessionibus,
794 1889 852 1933 ut
900 1885 1019 1944 dixi,
1070 1885 1145 1934 sui
1196 1886 1366 1949 patris,
1419 1886 1480 1934 ad
1534 1889 1670 1949 cujus
1718 1905 1893 1951 corpus

144 1964 414 2014 dilectionis
461 1966 612 2029 ipsius
658 1967 816 2029 gratia
860 1971 1072 2028 venerat,
1121 1968 1186 2016 sit
1240 1968 1302 2016 ab
1354 1969 1557 2017 articulo
1604 1970 1774 2018 mortis
1820 1987 1892 2018 re-

144 2051 321 2105 tentuS‚
345 2053 402 2096 ut
426 2052 475 2096 et
498 2047 600 2112 ipse
631 2049 700 2098 sic
733 2053 936 2098 mortem
970 2051 1193 2098 evaderet
1216 2055 1461 2110 aeternam,
1491 2057 1538 2100 et
1567 2052 1674 2099 aliis
1699 2069 1892 2117 quoque

146 2128 373 2178 fratribus
398 2130 718 2179 ministerium
742 2132 856 2181 vitae
881 2149 934 2180 ac
957 2132 1131 2180 salutis
1156 2132 1370 2181 docendo
1396 2133 1659 2182 exhiberet.

827 2351 970 2401 CAP.
1022 2344 1223 2402 XXIV,

151 2495 201 2535 Ut
226 2494 441 2547 provincia
473 2497 729 2545 Marciorwm,
761 2500 890 2539 occiso
922 2513 1012 2551 reye
1035 2500 1193 2548 Panda,
1217 2499 1344 2551 fidem
1377 2500 1538 2542 Christi
1567 2501 1781 2552 susceperit
1798 2517 1811 2541 .·
1854 2505 1890 2541 et

257 2565 386 2605 Osuiu
418 2579 496 2616 pro
526 2567 675 2618 adepta
707 2568 882 2608 victoria
910 2570 1177 2621 possessiones
1209 2574 1246 2610 et
1280 2569 1490 2610 territoria
1527 2571 1583 2610 ad
1620 2572 1890 2611 construenda

252 2634 497 2674 monasteria
519 2635 685 2675 dederit.

214 2742 314 2791 Hls
349 2745 645 2807 temporibus
680 2763 767 2794 rex
803 2747 956 2796 Osuiu
994 2767 1103 2798 cum
1143 2751 1335 2799 acerbas
1374 2755 1521 2817 atque
1561 2752 1888 2800 intolerabiles

143 2830 393 2889 pateretur
416 2825 709 2890 irruptiones
732 2830 977 2893 saepedicti
1002 2831 1126 2895 regis
1151 2818 1548 2898 Mercioruquui
1659 2883 1784 2918 Oswio

143 2908 342 2955 fratrem
402 2908 502 2970 ejus
559 2909 807 2971 occiderat,
867 2911 928 2960 ad
981 2913 1207 2963 ultimum
1266 2919 1548 2966 necessitate
1643 2933 1798 2967 invades

143 2995 340 3052 cogente
371 2990 623 3052 promisit¹
660 3009 710 3041 se
742 2993 785 3041 ei
819 2992 1073 3044 innumera
1105 3002 1153 3046 et
1188 2999 1370 3063 majora
1399 3017 1540 3064 quam
1639 2982 1792 3021 Marcia,

199 3126 211 3148 ¹
235 3126 449 3178 promisit]
480 3128 541 3168 Το
560 3128 644 3168 this
663 3129 699 3169 is
717 3131 893 3185 perhaps
920 3146 983 3173 re-
1038 3135 1196 3188 Osguid
1242 3151 1385 3179 omnes
1423 3138 1588 3179 divitias
1626 3150 1717 3188 quae
1765 3141 1884 3176 erant

141 3181 582 3233 ferableamisplaced
610 3197 780 3237 passage
799 3187 846 3225 of
867 3187 982 3227 Nen·
1036 3204 1129 3230 cum
1167 3205 1214 3231 eo
1252 3192 1296 3233 in
1334 3194 1435 3233 urbe
1474 3206 1602 3244 usque
1638 3193 1680 3230 in
1722 3191 1883 3230 Manau

143 3234 249 3275 nius'
297 3236 518 3290 Appendix
546 3252 553 3277 ε
615 3239 747 3279 ‘Tum
803 3241 982 3283 reddidit
1037 3244 1202 3294 Pendae,
1224 3251 1267 3288 et
1287 3248 1430 3288 Penda
1450 3246 1662 3287 distribuit
1691 3259 1760 3285 eas
1778 3246 1883 3298 regi-
