2216 3554
814 162 980 212 Gentis
1013 160 1291 226 Anqlorum.
1806 169 1904 216 269

149 161 269 212 CAP.
295 161 466 228 mv]

148 294 230 341 illa
278 298 383 342 erat
429 294 663 358 delegata,
707 294 870 358 ibique
917 295 1039 343 hora
1086 294 1383 358 competenti
1431 296 1650 344 membra
1693 296 1905 346 dedisset

148 377 321 438 sopori,
358 377 551 426 adstitit
590 377 636 425 ei
677 377 874 440 quidam
915 394 1003 441 per
1038 377 1296 435 somnium,
1333 393 1539 440 eumque
1579 379 1810 438 salutans,
1847 397 1902 428 ac

149 477 238 508 suo
262 462 510 524 appellans
532 461 724 509 nomine
740 478 760 510 tr
794 465 806 486 ‘
825 460 1068 508 Caedmon
1087 460 1132 518 ¹,'
1156 459 1334 523 inquit,
1358 464 1370 485 ‘
1385 466 1527 509 canta
1551 461 1670 508 mihi
1689 462 1904 524 aliquid.'
1934 504 1939 512 ,

149 543 219 590 At
250 543 333 592 ille
363 543 668 607 respondens,
704 542 935 602 ‘Nescio,'
965 542 1144 606 inquit,
1181 548 1401 591 ‘cantare
1418 559 1435 603 ;
1470 560 1583 591 nam
1617 549 1666 591 et
1701 544 1807 591 ideo
1843 545 1905 592 de

148 626 368 674 convivio
421 643 637 689 egressus
686 626 783 674 huc
835 624 1021 684 secessi,
1071 625 1186 689 quia
1251 629 1446 673 cantare
1503 643 1601 674 non
1656 626 1902 689 poteram!

148 708 367 756 Rursum
413 709 494 757 ille
540 708 626 772 qui
672 704 781 757 cum
823 726 878 757 eo
926 709 1231 773 loquebatur,
1281 707 1570 767 ‘Attamen‚'
1620 708 1703 768 ait,
1755 709 1904 756 ‘mihi

148 797 341 840 cantare
364 792 537 840 habes!
578 796 590 817 ‘
606 791 769 852 Quid,'
789 792 964 855 inquit,
986 796 998 817 ‘
1015 792 1164 839 debeo
1185 795 1378 839 cantare
1395 791 1432 838 2’
1480 791 1550 839 At
1567 791 1666 851 ille,
1687 796 1698 817 ‘
1716 791 1901 851 Canta,'

147 873 322 938 inquit,
350 879 362 900 ‘
378 873 672 937 principium
696 873 1056 922 creaturarum?
1111 874 1220 934 Quo
1244 876 1441 936 accepto
1465 890 1708 936 responso,
1734 875 1903 922 statim

146 957 251 1018 ipse
275 956 420 1019 coepit
449 960 641 1005 cantare
673 957 726 1004 in
758 956 954 1004 laudem
986 956 1080 1004 Dei
1113 955 1393 1005 Gonditoris
1417 973 1599 1015 versus,
1625 973 1745 1019 quos
1779 975 1903 1004 nun-

148 1055 293 1101 quam
316 1038 549 1098 audierat,
586 1056 795 1102 quorum
828 1039 919 1087 iste
952 1045 1025 1088 est
1060 1055 1226 1087 sensus
1241 1056 1254 1099 ;
1294 1039 1469 1087 ‘Nunc
1496 1039 1727 1087 laudare2
1760 1040 1903 1088 debe-

147 1135 255 1166 mus
286 1125 533 1168 auctorem
562 1122 703 1186 regni
738 1122 955 1180 caelestis,
981 1121 1251 1185 potentiam
1284 1121 1542 1181 Creatoris‚
1568 1126 1618 1169 et
1647 1123 1902 1171 consilium

147 1201 292 1261 illius,
317 1204 444 1251 facta
467 1204 624 1252 Patris
649 1205 816 1268 gloriae
833 1222 847 1266 3
886 1206 1126 1268 quomodo
1158 1204 1258 1264 ille,
1282 1221 1391 1252 cum
1420 1204 1486 1252 sit
1517 1210 1727 1253 aeternus
1750 1205 1901 1266 Deus,

146 1285 366 1332 omnium
390 1286 733 1335 miraculorum
757 1293 926 1336 auctor
950 1287 1142 1336 exstitit
1161 1303 1175 1347 3
1214 1287 1300 1351 qui
1331 1286 1489 1350 primo
1513 1286 1628 1335 filiis
1651 1287 1902 1336 hominum

146 1366 319 1413 caelum
351 1384 439 1430 pro
464 1368 672 1416 culmine
704 1369 836 1426 tecti,
861 1368 1033 1417 dehinc
1067 1374 1249 1416 terram
1281 1372 1443 1416 custos
1475 1368 1677 1417 humani
1709 1371 1902 1432 generis

145 1449 448 1512 omnipotens
490 1450 700 1499 creavit.'
770 1451 872 1499 Hic
921 1455 993 1499 est
1040 1468 1221 1511 sensuS,
1271 1468 1368 1498 non
1416 1455 1582 1499 autem
1630 1453 1748 1500 ordo
1796 1453 1902 1517 ipse

144 1531 403 1578 verborum
450 1549 557 1595 quae
604 1532 846 1581 dormiens
897 1532 979 1580 ille
1027 1533 1260 1580 canebat:
1311 1550 1467 1596 neque
1519 1533 1648 1580 enim
1696 1540 1902 1597 possunt

144 1613 373 1672 carmina,
399 1615 621 1677 quamvis
654 1615 834 1678 optime
870 1615 1152 1678 composita,
1188 1632 1247 1662 ex
1282 1614 1377 1663 alia
1411 1615 1464 1663 in
1499 1615 1644 1663 aliam
1680 1616 1900 1681 linguam

144 1694 206 1740 ad
240 1696 439 1742 verbum
475 1692 578 1744 sine
606 1697 898 1745 detrimento
935 1696 1011 1746 sui
1040 1696 1224 1745 decoris
1256 1713 1311 1744 ac
1343 1696 1598 1759 dignitatis
1629 1700 1899 1748 transferri.

144 1776 428 1841 Exsurgens
474 1783 639 1827 autem
679 1797 708 1836 a
749 1797 930 1839 somno,
969 1783 1141 1828 cuncta
1190 1796 1298 1843 quae
1340 1779 1582 1827 dormiens
1620 1786 1900 1831 cantaverat

144 1860 424 1908 memoriter
455 1862 674 1921 retinuit,
700 1866 752 1910 et
787 1862 854 1911 eis
886 1879 1002 1910 mox
1033 1862 1177 1926 plura
1207 1862 1258 1909 in
1294 1862 1498 1910 eundem
1527 1864 1727 1911 modum
1751 1867 1900 1915 verba

144 1942 248 1990 Deo
272 1942 409 2005 digni
433 1944 659 1992 carminis
684 1945 924 2007 adjunxit.

212 2025 515 2089 Veniensque
553 2043 693 2075 mane
734 2028 796 2074 ad
833 2027 1052 2076 villicum
1094 2026 1179 2090 qui
1226 2027 1320 2075 sibi
1361 2032 1582 2090 praeerat,
1625 2029 1745 2094 quid
1787 2030 1904 2079 doni

144 2108 436 2171 percepisset
481 2109 732 2168 indicavit,
775 2114 921 2173 atque
963 2110 1025 2158 ad
1071 2110 1365 2158 abbatissam
1416 2113 1693 2174 perductus,
1737 2114 1903 2175 jussus

145 2195 231 2249 est,
268 2190 436 2238 multis
474 2192 772 2239 doctioribus
803 2191 926 2239 viris
962 2192 1298 2255 praesentibus,
1333 2193 1546 2242 indicare
1581 2195 1821 2243 somnium
1855 2201 1904 2243 et

145 2272 302 2320 dicere
350 2290 556 2332 carmen,
598 2280 655 2322 ut
702 2274 1038 2323 universorum
1081 2275 1266 2337 judicio
1315 2276 1433 2339 quid
1473 2277 1552 2325 vel
1600 2278 1730 2326 unde
1777 2283 1905 2326 esset

145 2354 275 2416 quod
309 2354 558 2414 referebat,
594 2355 901 2419 probaretur.
972 2357 1241 2420 Visumque
1276 2362 1350 2406 est
1387 2359 1627 2418 omnibus,
1665 2361 1903 2410 eaelestem

145 2436 191 2484 ei
237 2453 266 2484 a
313 2437 523 2485 Domino
571 2455 844 2486 concessam
893 2455 994 2486 esse
1042 2439 1268 2502 gratiam.
1363 2440 1780 2506 Exponebantque
1829 2443 1905 2490 illi

145 2519 387 2581 quendam
422 2537 567 2570 sacrae
604 2511 822 2570 historiae
857 2522 961 2570 sive
992 2521 1226 2571 doctrinae
1260 2539 1542 2586 sermonem,
1567 2526 1905 2590 praecipientes

200 2713 213 2736 ¹
244 2713 469 2766 caedmon]
527 2715 722 2761 Cedmon,
770 2715 994 2763 Ceadman,

146 2769 187 2808 S.
206 2769 260 2808 V.
299 2769 480 2808 william
501 2769 547 2808 of
563 2770 863 2823 Malmesbury‚
879 2772 995 2817 Gest.

147 2824 291 2863 Pontt.
311 2823 370 2864 iii.
396 2835 487 2875 154,
502 2824 654 2864 relates
673 2826 767 2864 that
786 2825 850 2864 his
870 2826 997 2865 bones

146 2892 255 2917 were
289 2878 523 2918 discovered
560 2884 605 2918 at
634 2879 707 2919 the
739 2880 821 2919 end
852 2880 896 2919 of
925 2881 997 2920 the

146 2933 341 2973 eleventh
379 2937 568 2985 century.
624 2934 714 2974 The
746 2934 996 2987 Martyrolo-

145 2989 262 3040 gium
270 2988 553 3039 Anglicanum
566 2993 899 3029 commemorates
910 2989 998 3030 him

147 3056 202 3082 on
221 3043 294 3081 the
318 3043 415 3081 11th
437 3042 484 3082 of
499 3043 728 3096 February.
784 3044 843 3084 H.

200 3097 216 3119 ²
235 3097 356 3137 Nunc
377 3098 562 3144 laudare,
583 3099 677 3152 &c.]
712 3098 802 3138 The
821 3099 997 3151 original

145 3152 283 3192 saxon
323 3152 368 3191 of
409 3152 652 3193 Caedmon's
697 3154 787 3193 first
825 3167 927 3206 song
962 3154 999 3195 is

145 3207 365 3259 preserved
381 3206 424 3246 in
439 3207 511 3246 the
526 3208 672 3248 Moore
687 3208 799 3257 MS„
812 3209 950 3248 which
963 3210 999 3250 is

146 3261 338 3302 believed
351 3265 394 3302 to
408 3262 516 3302 have
530 3262 635 3303 been
650 3264 820 3304 written
838 3263 999 3319 shortly

1050 2716 1159 2756 after
1186 2717 1259 2757 the
1287 2717 1414 2758 death
1442 2719 1490 2759 of
1512 2719 1641 2759 Beda.
1699 2719 1753 2759 In
1783 2718 1905 2771 King

1050 2772 1236 2812 Alfred’s
1251 2773 1388 2814 saxon
1404 2774 1564 2814 version
1583 2774 1629 2814 of
1642 2774 1716 2814 the
1728 2774 1903 2826 history,

1052 2827 1174 2867 made
1205 2841 1317 2868 more
1355 2829 1459 2868 than
1499 2843 1525 2868 a
1565 2829 1754 2869 hundred
1785 2842 1903 2882 years

1052 2881 1170 2931 later,
1203 2882 1367 2924 instead
1398 2883 1444 2923 of
1464 2897 1490 2924 a
1522 2884 1834 2923 re-translation
1864 2883 1910 2922 of

1050 2936 1201 2977 Beda’s
1239 2938 1380 2985 Latin,
1412 2953 1458 2979 as
1498 2952 1610 2979 some
1649 2939 1756 2977 have
1795 2951 1904 2977 erro-

1051 2993 1223 3046 neously
1252 2994 1468 3046 supposed,
1498 2995 1572 3033 the
1603 2993 1778 3045 original
1810 2995 1903 3031 text

1051 3046 1098 3085 of
1132 3047 1207 3086 the
1246 3061 1348 3100 song
1389 3049 1424 3088 is
1465 3049 1661 3094 inserted,
1703 3047 1786 3087 and
1830 3047 1903 3086 the

1051 3101 1186 3141 words
1217 3105 1230 3125 ‘
1243 3102 1328 3143 Hic
1348 3107 1410 3143 est
1434 3116 1578 3143 sensus
1599 3132 1608 3141 .
1626 3132 1635 3142 .
1654 3133 1662 3141 .
1684 3101 1903 3153 dignitatis

1053 3156 1294 3206 transferri,'
1331 3158 1459 3210 being
1494 3156 1669 3209 thereby
1702 3155 1902 3196 rendered

1053 3211 1220 3259 useless,
1241 3226 1312 3254 are
1330 3213 1407 3254 left
1426 3211 1726 3253 untranslated.
