2216 3554
139 198 258 248 CAP.
277 195 451 266 xvm]
512 266 514 271 ι
779 196 944 245 Gentis
967 194 1253 259 Anqlorum.
1791 202 1884 247 251

137 336 353 391 noverat,
379 349 475 396 quo
506 330 792 380 concedente
821 334 869 378 et
897 329 1248 393 possessionem
1279 334 1423 378 terrae
1450 328 1702 393 largiente,
1728 329 1890 393 ipsum

139 415 484 464 monasterium
512 414 708 463 fecerat.

205 497 415 560 Accepit
443 500 493 544 et
525 497 783 560 praefatum
821 495 853 543 J
858 484 1096 543 ohannem
1128 493 1353 542 abbatem
1386 494 1679 542 Brittaniam
1711 494 1890 557 perdu-

138 580 344 628 cendum
364 597 377 640 ;
415 585 648 644 quatenus
670 579 723 626 in
747 578 1038 627 monasterio
1067 594 1156 626 suo
1182 594 1377 625 cursum
1401 578 1635 625 canendi1
1658 594 1889 632 annuum,

139 662 266 710 sicut
301 663 362 711 ad
403 669 624 711 sanctum
663 661 870 710 Petrum
911 661 1077 709 Romae
1115 661 1358 723 agebatur,
1399 660 1646 708 edoceret:
1695 659 1891 723 egitque

138 744 263 793 abba
309 747 342 794 J
346 746 556 794 ohannes
597 750 655 794 ut
691 745 956 808 jussionem
997 746 1246 806 acceperat
1287 742 1546 806 pontificis,
1582 746 1632 790 et
1673 742 1891 791 ordinem

138 828 376 888 videlicet,
402 828 648 891 ritumque
673 827 878 876 canendi
906 844 961 876 ac
990 824 1182 889 legendi
1208 825 1320 874 viva
1354 843 1469 874 voce
1501 825 1694 889 praefati
1726 842 1890 873 mona-

141 911 275 958 sterii
300 916 517 960 cantores
541 911 799 970 edocendo,
825 916 873 958 et
906 927 961 959 ea
985 927 1093 973 quae
1119 908 1271 958 totius
1303 909 1422 957 anni
1454 909 1662 958 circulus
1691 908 1743 956 in
1768 909 1890 956 cele-

138 994 356 1041 bratione
372 994 560 1042 dierum
579 995 815 1042 festorum
832 994 1073 1057 poscebat,
1095 992 1242 1040 etiam
1267 992 1419 1041 literis
1439 993 1713 1040 mandando
1734 1008 1743 1040 :
1783 1009 1891 1055 quae

139 1075 371 1124 hactenus
394 1077 444 1124 in
471 1076 638 1124 eodem
662 1076 958 1124 monasterio
986 1081 1190 1134 servata,
1219 1082 1268 1124 et
1291 1092 1320 1123 a
1344 1076 1512 1124 multis
1532 1076 1634 1139 jam
1660 1080 1773 1123 sunt
1799 1075 1891 1122 cir-

140 1175 442 1222 cumquaque
488 1160 793 1223 transcripta.
889 1159 1002 1207 Non
1050 1159 1208 1206 solum
1254 1164 1417 1206 autem
1464 1159 1593 1207 idem
1639 1158 1678 1207 J
1680 1158 1891 1206 ohannes

139 1240 292 1303 ipsius
317 1242 598 1289 monasterii
629 1242 803 1289 fratres
836 1241 1053 1300 docebat,
1079 1258 1249 1289 verum
1282 1241 1341 1289 de
1373 1241 1597 1289 omnibus
1620 1257 1743 1305 pene
1767 1241 1891 1304 ejus-

141 1323 250 1370 dem
291 1323 549 1386 provinciae
586 1323 892 1371 monasteriis
934 1323 997 1370 ad
1038 1323 1336 1371 audiendum
1375 1340 1500 1383 eum,
1540 1323 1624 1387 qui
1663 1323 1891 1372 cantandi

140 1409 277 1453 erant
310 1406 472 1468 periti,
509 1406 829 1454 confluebant.
926 1405 1022 1454 Sed
1070 1413 1118 1454 et
1157 1405 1319 1469 ipsum
1359 1423 1447 1470 per
1487 1406 1592 1455 loca
1626 1406 1677 1453 in
1715 1405 1891 1469 quibus

140 1487 347 1546 doceret,
384 1487 529 1535 multi
565 1488 773 1536 invitare
809 1488 1059 1536 curabant.

209 1570 320 1633 Ipse
345 1574 505 1618 autem
530 1574 733 1633 excepto
758 1570 989 1618 cantandi
1012 1570 1090 1618 vel
1121 1569 1315 1633 legendi
1349 1587 1564 1630 munere,
1590 1576 1640 1620 et
1668 1571 1803 1620 aliud
1839 1570 1891 1618 111

142 1652 382 1700 mandatis
427 1653 488 1700 ab
530 1653 790 1716 apostolico
836 1669 962 1716 papa
1008 1658 1272 1715 acceperat,
1309 1658 1365 1701 ut
1412 1656 1548 1716 cujus
1616 1687 1657 1721 to
1671 1685 1827 1728 enquire

141 1740 266 1783 esset
301 1735 413 1783 fidei
446 1735 721 1799 Anglorum
758 1736 970 1796 ecclesia,
1006 1736 1266 1799 diligenter
1303 1736 1548 1791 edisceret,
1623 1736 1719 1819 titzto
1734 1735 1813 1818 2¹13]

142 1818 440 1881 Romamque
481 1818 671 1866 rediens
711 1819 928 1867 referret.
1021 1820 1150 1867 Nam
1188 1824 1238 1867 et
1279 1820 1550 1882 synodum2
1605 1794 1837 1877 Sitrigiishe

140 1900 269 1948 beati
303 1917 440 1963 papae
477 1900 697 1960 Martini,
735 1905 929 1949 centum
965 1901 1180 1966 quinque
1216 1903 1550 1967 episcoporum
1638 1883 1802 1919 Ohurch.

140 2000 372 2031 consensu
396 2001 492 2032 non
516 1985 670 2032 multo
699 1989 811 2032 ante
845 1985 1014 2033 Romae
1046 1985 1350 2044 celebratam,
1377 1993 1544 2035 contra
1569 2002 1648 2033 eos
1680 1984 1892 2032 maxime

141 2065 225 2130 qui
260 2083 410 2113 unam
442 2066 493 2113 in
530 2066 728 2115 Christo
765 2067 1099 2130 operationem
1128 2072 1178 2117 et
1211 2070 1526 2121 voluntatem¹
1547 2068 1891 2132 praedicabant,

142 2165 303 2196 secum
337 2148 533 2197 veniens
570 2150 739 2198 attulit
756 2167 768 2210 ;
806 2156 954 2213 atque
990 2151 1041 2198 in
1077 2152 1280 2214 praefato
1316 2151 1668 2216 religiosissimi
1703 2150 1893 2199 abbatis

142 2231 393 2280 Benedicti
418 2233 711 2281 monasterio
736 2234 1151 2282 transcribendam
1187 2236 1521 2284 commodavit.
1585 2234 1727 2282 Tales
1756 2251 1891 2282 nam-

143 2331 235 2378 que
282 2331 338 2362 eo
385 2319 602 2378 tempore
649 2315 793 2364 fidem
842 2316 1397 2381 Constantinopolitanae
1435 2317 1646 2366 ecclesiae
1681 2316 1893 2364 multum

142 2397 553 2446 conturbaverunt
570 2416 584 2459 3
622 2398 706 2446 sed
738 2398 950 2446 Domino
974 2399 1184 2448 donante
1214 2400 1398 2463 proditi
1416 2401 1520 2464 jam
1542 2404 1661 2448 tunc
1693 2403 1742 2447 et
1772 2398 1894 2447 victi

142 2485 268 2528 sunt.
340 2479 484 2527 Unde
518 2480 684 2528 volens
718 2479 915 2544 Agatho
951 2499 1090 2545 papa,
1123 2482 1249 2531 sicut
1284 2483 1337 2530 in
1372 2484 1481 2532 aliis
1517 2481 1796 2547 provinciiS,
1823 2481 1895 2529 ita

143 2562 287 2610 etiam
312 2560 364 2608 in
390 2561 633 2609 Brittania
658 2563 816 2626 qualis
841 2567 966 2623 esset
996 2568 1155 2612 status
1180 2565 1405 2624 ecclesiae,
1431 2583 1577 2630 quam
1608 2566 1669 2614 ab
1700 2563 1894 2612 haereti-

144 2661 308 2692 corum
345 2644 581 2707 contagiis
616 2638 788 2705 castus,
819 2645 1061 2706 ediscere3
1098 2647 1190 2696 1100
1219 2649 1468 2711 negotium
1506 2648 1893 2698 reverentissimo

142 2726 308 2775 abbati
347 2727 378 2774 J
382 2727 561 2774 ohanni
608 2727 908 2776 Brittaniam
955 2729 1195 2778 destinato
1242 2731 1471 2794 injunxit.
1565 2731 1893 2793 Quamobrem

142 2811 342 2859 collecta
373 2826 462 2872 pro
487 2809 578 2858 hoc
609 2810 662 2857 in
687 2811 931 2860 Brittania
962 2813 1144 2875 synodo
1170 2830 1313 2877 quam
1346 2815 1575 2874 diximus,
1601 2815 1798 2862 inventa
1821 2818 1894 2859 est

142 2894 195 2941 in
232 2891 457 2940 omnibus
495 2891 613 2940 fides
654 2892 892 2942 inviolata
930 2894 1193 2945 catholica:
1233 2896 1497 2962 datumque
1531 2897 1607 2946 illi
1645 2895 1894 2958 exemplar

142 2977 244 3038 ejus
280 2975 483 3022 Romam
519 2975 875 3037 perferendum.

198 3081 211 3105 ¹
241 3096 403 3122 cursum
449 3082 644 3134 canendi]
686 3084 989 3138 Undoubtedly
1043 3086 1198 3127 deacon
1226 3087 1310 3128 had
1346 3087 1527 3140 adopted
1556 3089 1601 3127 in
1631 3088 1675 3127 N
1678 3086 1893 3127 orthhum-

142 3137 214 3176 the
243 3150 355 3176 same
376 3137 603 3189 Gregorian
629 3139 748 3178 mode
777 3139 822 3179 of
845 3139 989 3180 chant-
1042 3141 1227 3191 berland,
1250 3157 1290 3195 p.
1317 3143 1407 3193 138,
1430 3148 1525 3183 note
1547 3155 1583 3194 3.

143 3191 214 3255 ing
228 3191 364 3231 which
376 3193 641 3244 Augustinus
654 3193 737 3233 had
750 3194 989 3235 introduced
1097 3196 1113 3219 ²
1139 3197 1358 3251 synodum]
1381 3199 1458 3239 See
1477 3212 1517 3252 p.
1543 3210 1632 3251 249,
1654 3200 1751 3237 note
1774 3208 1809 3239 2.

143 3258 187 3287 111
226 3246 356 3295 Kent,
398 3260 439 3300 p.
475 3257 540 3298 55,
575 3247 660 3288 and
696 3248 879 3290 Jacobus
915 3249 988 3291 the
