2216 3554
173 169 298 219 CAP.
322 165 395 237 v.]
831 166 997 215 Gentis
1029 164 1320 229 Anqlorum.
1835 168 1935 214 225

173 319 341 352 omnes
363 299 509 349 alacri
530 299 693 349 animo
709 297 1029 347 libentissime
1054 296 1285 345 servare.”
1340 295 1533 356 Quibus
1559 295 1725 344 statim
1750 296 1937 359 protuli

173 384 383 432 eundem
406 384 585 432 librum
610 398 860 440 canonum,
887 383 937 428 et
967 396 1030 427 ex
1057 379 1227 427 eodem
1250 378 1376 425 libro
1399 378 1566 426 decem
1590 378 1802 441 capitula
1827 395 1938 441 quae

175 484 262 531 per
285 468 420 515 loca¹
443 470 737 523 notaveram,
763 463 880 527 quia
903 461 1113 509 maxime
1137 459 1277 509 nobis
1301 459 1568 508 necessaria
1593 459 1817 520 sciebam,
1842 460 1939 508 illis

171 567 336 598 coram
364 548 566 609 ostendi,
592 550 641 596 et
670 552 728 595 ut
757 547 860 594 haec
892 543 1179 609 diligentius
1209 543 1274 592 ab
1304 541 1530 591 omnibus
1562 542 1936 607 susciperentur,

175 631 375 696 rogavi'

245 796 258 819 ‘
277 792 498 840 Primum
524 789 807 854 capitulum,
832 792 862 815 “
882 789 958 838 Ut
986 791 1207 837 sanctum
1233 787 1360 836 diem
1385 786 1576 852 paschae
1606 787 1658 835 in
1684 805 1938 837 commune

169 892 342 924 omnes
365 891 609 924 servemus
641 871 899 921 Dominica
924 878 1034 936 post
1059 875 1282 936 quartam
1307 870 1542 920 decimam
1567 871 1736 919 lunam
1760 871 1939 920 mensis

172 956 366 1021 primi.”

247 1045 259 1067 ‘
278 1038 565 1098 Secundum,
594 1043 621 1066 “
639 1039 713 1088 Ut
736 1039 903 1087 nullus
936 1038 1274 1103 episcoporum
1310 1037 1589 1101 parochiam
1626 1038 1829 1087 alterius
1866 1038 1940 1086 in-

173 1123 336 1182 vadat,
361 1122 444 1172 sed
468 1127 725 1171 contentus
750 1121 816 1170 sit
836 1121 1190 1184 gubernatione
1215 1120 1412 1169 creditae
1438 1120 1532 1169 sibi
1554 1119 1753 1184 plebis.''

245 1209 257 1231 ‘
277 1205 513 1264 Tertium,
541 1210 567 1231 “
587 1205 662 1253 Ut
684 1221 893 1268 quaeque
917 1203 1213 1252 monasteria
1232 1204 1338 1252 Deo
1364 1209 1640 1252 consecrata
1665 1207 1795 1263 sunt,
1816 1203 1941 1251 nulli

169 1289 508 1352 episcoporum
542 1287 684 1335 liceat
725 1304 780 1334 ea
820 1287 873 1334 in
916 1287 1080 1351 aliquo
1122 1286 1409 1350 inquietare,
1446 1303 1534 1335 nec
1576 1286 1839 1351 quicquam
1881 1287 1941 1335 de

173 1388 342 1420 eorum
366 1367 772 1419 rebussviolenter
794 1370 1118 1418 abstrahere.’'

246 1459 258 1479 ‘
280 1453 537 1514 Quartum,
564 1457 592 1478 “
611 1453 683 1501 Ut
707 1452 802 1516 ipsi
828 1452 1052 1500 monachi
1075 1469 1174 1500 non
1198 1451 1414 1514 migrent
1444 1451 1504 1500 de
1537 1451 1642 1500 loco
1675 1452 1738 1499 ad
1766 1452 1941 1510 locum,

174 1535 266 1584 hoc
300 1540 388 1595 est,
420 1537 484 1584 de
517 1536 813 1584 monasterio
849 1536 911 1583 ad
948 1535 1312 1595 monasterium,
1346 1535 1441 1583 nisi
1475 1551 1563 1598 per
1600 1534 1942 1584 demissionem

175 1618 364 1683 proprii
387 1619 602 1667 abbatis:
641 1619 724 1668 sed
749 1619 798 1666 in
823 1637 879 1667 ea
901 1622 1220 1683 permaneant
1245 1618 1522 1667 obedientia
1546 1635 1693 1682 quam
1721 1623 1942 1682 tempore

171 1718 275 1750 suae
299 1701 621 1750 conversionis
645 1701 1017 1764 promiserunt.’'

243 1789 257 1811 ‘
277 1784 533 1845 Quintum,
553 1788 582 1809 “
598 1785 673 1833 Ut
691 1784 861 1832 ‘nullus
882 1785 1166 1834 clericorum
1185 1785 1468 1849 relinquens
1487 1784 1742 1849 proprium
1761 1783 1943 1847 episco-

172 1883 305 1931 pum,
329 1866 511 1930 passim
548 1866 769 1929 quolibet
805 1866 1060 1928 discurrat,
1098 1884 1255 1931 neque
1296 1868 1477 1916 alicubi
1514 1867 1715 1916 veniens
1762 1867 1944 1929 absque

171 1948 582 2003 commendatitiis
606 1948 785 1999 litteris
810 1950 886 1997 sui
910 1950 1135 2014 praesulis
1170 1951 1479 2014 suscipiatur.
1553 1951 1701 2011 Quod
1725 1949 1767 1998 si
1795 1950 1943 1999 semel

172 2038 432 2096 susceptus
466 2031 680 2080 noluerit
715 2031 952 2081 invitatus
989 2033 1162 2094 redire,
1189 2037 1238 2082 et
1267 2038 1517 2098 susceptor
1552 2037 1602 2081 et
1636 2033 1679 2081 is
1716 2031 1802 2097 qui
1837 2049 1943 2081 sus-

174 2119 348 2179 ceptus
373 2118 447 2164 est
473 2114 965 2163 excommunicationi
990 2115 1300 2179 subjacebit.”

245 2201 258 2222 ‘
278 2195 494 2256 Sextum,
521 2201 549 2221 “
571 2196 644 2246 Ut
679 2196 892 2260 episcopi
922 2202 1070 2261 atque
1105 2198 1269 2246 clerici
1299 2198 1546 2262 peregrini
1589 2197 1808 2247 contenti
1841 2197 1944 2246 sint

174 2279 522 2343 hospitalitatis
580 2297 778 2329 munere
836 2281 1031 2342 oblato;
1093 2282 1316 2346 nullique
1364 2299 1532 2330 eorum
1590 2282 1736 2330 liceat
1783 2281 1946 2329 ullum

174 2362 386 2411 officium
412 2363 705 2412 sacerdotale
733 2364 913 2428 absque
943 2365 1184 2428 permissu
1212 2365 1423 2430 episcopi
1458 2365 1512 2413 in
1544 2367 1680 2429 cujus
1717 2364 1946 2430 parochia

174 2461 276 2494 esse
300 2445 623 2509 cognoscitur,
649 2445 831 2510 agere.''

245 2532 258 2553 ‘
277 2526 564 2590 Septimum,
591 2531 619 2553 “
642 2528 716 2577 Ut
739 2529 814 2577 bis
843 2528 895 2577 in
918 2547 1046 2578 anno
1082 2531 1296 2594 synodus
1333 2534 1685 2595 congregetur;
1724 2531 1807 2579 sed
1832 2531 1946 2596 quia

175 2608 380 2657 diversae
426 2626 584 2658 causae
632 2610 924 2674 impediunt,
974 2611 1159 2675 placuit
1205 2613 1430 2662 omnibus
1477 2612 1532 2661 in
1579 2630 1849 2673 commune,
1888 2617 1946 2660 ut

174 2692 397 2740 kalendis
419 2691 657 2756 Augustis
692 2693 746 2740 in
781 2694 887 2743 loco
924 2695 1011 2759 qui
1046 2696 1324 2760 appellatur
1347 2696 1637 2747 Glofeshoch
1651 2698 1684 2759 ²,
1709 2697 1857 2748 semel
1892 2696 1945 2744 in

174 2792 302 2824 anno
326 2775 717 2839 congregemur.''

230 2890 245 2914 ¹
272 2903 348 2943 per
376 2890 484 2943 loca]
514 2892 754 2932 Theodorus
779 2907 864 2934 was
892 2907 937 2934 so
964 2894 1028 2934 far
1082 2895 1180 2948 long
1189 2895 1404 2951 before,by
1413 2897 1645 2951 Dionysius
1655 2897 1945 2949 ExiguuS,and

175 2947 282 2986 from
295 2947 441 2999 laying
455 2947 578 2987 down
593 2961 618 2987 a
633 2961 724 2987 new
739 2953 803 2988 set
818 2949 865 2988 of
874 2963 1028 2989 canons
1082 2947 1283 3004 accepted
1303 2953 1359 3004 by
1378 2953 1453 2993 the
1473 2954 1669 2993 Western
1690 2953 1872 2992 Church,
1902 2951 1943 2991 S.

174 3001 238 3042 for
256 3001 328 3041 the
349 3002 527 3054 English
547 3003 725 3050 Church,
752 3003 844 3043 that
870 3004 924 3044 he
942 3005 1028 3044 had
1137 3005 1153 3028 ²
1185 3006 1445 3061 Olofeshoch]
1497 3007 1786 3049 Unidentified
1808 3021 1815 3045 :
1865 3006 1944 3045 but

174 3061 249 3096 not
268 3069 373 3096 even
392 3057 558 3097 written
580 3061 654 3097 out
679 3058 798 3098 those
817 3059 954 3099 which
973 3061 1027 3100 he
1083 3061 1349 3113 conjectured
1362 3067 1405 3103 to
1419 3064 1472 3103 be
1488 3064 1624 3103 either
1639 3062 1743 3103 Cliff
1749 3062 1794 3100 in
1809 3061 1944 3108 Kent,
1994 3065 1999 3070 '

174 3124 268 3152 now
284 3112 385 3151 read
404 3116 448 3152 to
467 3112 541 3151 the
561 3112 692 3163 synod
707 3113 813 3152 from
833 3114 905 3154 the
921 3115 1029 3155 Acts
1085 3129 1130 3156 or
1148 3117 1379 3170 Abingdon
1408 3118 1453 3158 ln
1474 3117 1713 3158 Berkshire.
1770 3116 1943 3154 Somner

175 3167 222 3206 of
241 3167 314 3206 the
334 3167 499 3207 Ganons
527 3166 573 3206 of
587 3167 837 3209 Chalcedon.
896 3170 1030 3211 These
1084 3172 1176 3211 first
1221 3173 1345 3213 made
1392 3173 1466 3213 the
1513 3173 1642 3213 latter
1688 3171 1940 3223 suggestion,

175 3221 259 3262 had
284 3222 392 3263 been
419 3222 651 3263 translated
678 3223 768 3264 into
794 3223 933 3276 Latin,
956 3229 1030 3266 not
1084 3227 1280 3280 pointing
1295 3232 1370 3268 out
1385 3229 1481 3269 that
1497 3226 1790 3274 Sheovesham,
1805 3225 1942 3266 which

1045 3309 1077 3352 Q
