2216 3554
131 190 252 239 Off.
278 186 457 257 xvm.]
713 207 719 213 ·
771 186 935 237 Gentis
971 182 1248 249 Anqlo'rwm
1786 191 1879 237 173

131 321 341 380 mittere,
376 319 460 368 sed
494 322 668 368 cuncta
701 335 790 381 pro
824 317 924 367 suis
956 317 1143 365 viribus
1178 317 1404 380 operibus
1440 317 1630 381 explere
1666 321 1880 370 curabat.

131 403 254 452 Haec
277 403 329 451 in
352 402 555 466 praefato
579 400 799 449 antistite
823 400 1032 447 multum
1065 399 1358 463 complector
1381 405 1429 447 et
1453 415 1575 458 amo,
1602 401 1715 463 quia
1739 402 1882 450 nimi-

132 503 243 533 rum
266 486 367 534 haec
400 485 503 532 Deo
533 483 767 548 placuisse
801 499 898 529 non
931 481 1136 545 ambigo.
1208 481 1351 542 Quod
1380 486 1544 529 autem
1579 483 1756 545 pascha
1787 501 1884 533 non

131 585 219 615 suo
255 573 473 630 tempore
508 565 806 624 observabat,
841 565 918 613 vel
953 564 1238 612 canonicum
1274 564 1375 627 ejus
1411 570 1603 627 tempus
1638 565 1881 628 ignorans,

131 650 208 698 vel
241 666 340 698 suae
374 647 532 713 gentis
563 647 847 696 auctoritate
878 664 940 695 ne
972 646 1192 710 agnitum
1222 651 1505 709 sequeretur
1527 647 1761 707 devictus,
1786 665 1885 696 non

133 731 364 795 adprobo,
389 748 476 778 nec
499 714 666 778 laud0.
725 729 789 777 In
817 746 914 792 quo
946 733 1113 777 tamen
1145 728 1235 776 hoc
1267 729 1495 791 adprobo,
1522 730 1638 792 quia
1671 730 1725 777 in
1760 732 1883 779 cele-

133 813 353 861 bratione
394 813 469 860 sui
507 812 694 876 paschae
732 829 832 860 non
866 811 1001 859 aliud
1036 810 1178 859 corde
1213 811 1422 869 tenebat,
1458 812 1798 871 venerabatur,
1836 820 1885 861 et

133 894 438 957 praedicabat,
486 912 632 959 quam
677 895 806 958 quod
863 910 964 952 nos,
1013 893 1065 940 id
1122 897 1207 951 est,
1255 893 1639 955 redemptionem
1696 896 1886 958 generis

135 976 335 1024 humani
373 994 460 1041 per
496 977 781 1040 passionem,
821 974 1238 1034 resurrectionem,
1287 974 1611 1024 ascensionem
1652 977 1704 1024 in
1746 978 1886 1026 caelos

136 1057 415 1107 mediatoris
450 1059 545 1107 Dei
580 1065 629 1107 et
661 1058 913 1107 hominum
947 1056 1179 1105 Hominis
1217 1056 1249 1104 J
1251 1073 1336 1104 esu
1379 1057 1581 1106 Christi.
1654 1059 1800 1108 Unde
1839 1066 1888 1109 et

134 1140 259 1187 hanc
292 1157 404 1199 non,
440 1146 496 1189 ut
530 1141 758 1205 quidam1
794 1140 915 1189 falso
951 1139 1229 1203 opinantur,
1260 1144 1432 1202 quarta
1467 1140 1651 1189 decima
1686 1141 1800 1190 luna
1835 1143 1888 1191 in

134 1221 349 1284 qualibet
385 1222 503 1271 feria
540 1240 649 1272 cum
691 1223 723 1271 J
726 1222 893 1281 udaeis,
935 1222 1017 1270 sed
1065 1220 1145 1269 die
1185 1220 1428 1269 dominica
1468 1239 1658 1286 semper
1697 1225 1886 1287 agebat,

135 1321 164 1351 a
186 1304 303 1353 luna
326 1312 497 1368 quarta
528 1305 713 1354 decima
743 1321 897 1368 usque
929 1304 990 1352 ad
1012 1302 1288 1351 vicesimam
1307 1320 1321 1364 3
1362 1309 1560 1368 propter
1588 1305 1733 1353 fidem
1755 1307 1889 1356 vide-

137 1387 251 1435 licet
288 1387 555 1437 Dominicae
588 1387 953 1436 resurrectionis
987 1403 1134 1450 quam
1164 1402 1262 1432 una
1295 1386 1486 1434 sabbati
1522 1389 1717 1449 factam,
1743 1406 1888 1452 prop-

136 1473 307 1532 terque
351 1486 485 1532 spem
530 1476 709 1518 nostrae
755 1468 1119 1518 resurrectionis
1167 1484 1312 1531 quam
1349 1469 1515 1516 eadem
1561 1486 1659 1517 una
1700 1471 1890 1519 sabbati

138 1567 246 1614 quae
281 1567 409 1599 nunc
437 1552 690 1602 Dominica
724 1552 827 1601 dies
862 1551 1042 1600 dicitur
1066 1551 1302 1600 veraciter
1324 1551 1543 1600 futuram
1579 1571 1690 1601 cum
1726 1560 1891 1602 sancta

137 1633 334 1682 ecclesia
358 1633 592 1683 credebat.

802 1755 942 1804 OAP.
992 1753 1201 1805 XVIII.

541 1879 606 1920 De
624 1879 712 1920 vita
731 1879 791 1920 'bel
810 1883 935 1919 morte
953 1878 1140 1930 reziyiosi
1158 1876 1262 1929 reyis
1280 1877 1496 1929 sigbercti.

209 1991 314 2040 HIS
358 1992 660 2055 temporibus
707 2008 858 2055 regno
907 1989 1230 2040 Orientalium
1264 1988 1554 2054 Anglorum,
1595 1995 1707 2053 post
1742 1991 1894 2056 Earp-

140 2073 339 2122 ualdum
363 2074 607 2123 Redualdi
634 2091 966 2132 successorem,
994 2073 1217 2137 Sigberct
1243 2072 1393 2119 frater
1418 2074 1520 2135 ejus
1536 2070 1554 2098 2
1619 2081 1817 2125 sigeberht

141 2153 349 2215 praefuit,
372 2153 516 2201 homo
552 2154 706 2202 bonus
741 2171 795 2202 ac
830 2153 1112 2217 religiosus:
1152 2151 1238 2216 qui
1269 2151 1454 2199 dudum
1490 2151 1540 2198 in
1579 2151 1750 2212 Gallia,
1777 2154 1893 2202 dum

142 2234 424 2284 inimicitias
465 2236 705 2285 Redualdi
745 2236 935 2300 fugiens
972 2235 1205 2294 exularet,
1241 2234 1486 2281 lavacrum
1521 2233 1753 2297 baptismi
1788 2253 1896 2299 per-

143 2315 287 2378 cepit,
312 2322 362 2364 et
394 2317 605 2380 patriam
639 2334 871 2377 reversus,
900 2317 986 2364 ubi
1020 2333 1170 2380 regno
1204 2315 1394 2379 potitus
1431 2319 1517 2374 est,
1550 2333 1662 2363 mox
1698 2333 1753 2364 ea
1788 2334 1897 2380 quae

145 2397 199 2444 in
224 2397 396 2447 Galliis
418 2399 537 2447 bene
561 2399 795 2462 disposita
817 2399 945 2449 vidit
967 2398 1152 2446 imitari
1175 2399 1387 2460 cupiens,
1412 2397 1630 2446 instituit
1654 2399 1864 2446 scholam
1879 2397 1898 2425 3

146 2481 198 2527 in
246 2496 341 2543 qua
379 2481 519 2544 pueri
560 2481 715 2529 literis
756 2481 1095 2530 erudirentur:
1140 2483 1342 2543 juvante
1383 2497 1433 2529 se
1473 2480 1696 2545 episcopo
1737 2481 1897 2529 Felice

147 2578 291 2627 quem
314 2562 374 2611 de
399 2561 574 2610 Cantia
606 2567 866 2626 acceperat,
892 2563 1054 2627 eisque
1085 2563 1371 2627 paedagogos
1403 2580 1457 2611 ac
1479 2563 1738 2628 magistros
1755 2564 1900 2628 juxta

147 2660 327 2692 morem
352 2643 725 2693 Cantuariorum
739 2647 757 2671 ⁴
781 2645 1040 2708 praebente.

205 2767 217 2790 ¹
247 2771 292 2807 ut
311 2766 501 2820 quidam]
530 2767 592 2808 Cf.
616 2781 655 2820 p.
679 2771 769 2820 148.
1051 2781 1106 2820 up
1118 2767 1191 2808 the
1205 2768 1424 2809 education
1438 2769 1486 2809 of
1491 2769 1565 2809 the
1578 2770 1737 2821 people.
1766 2768 1899 2807 There

204 2822 221 2845 ²
238 2824 377 2875 frater
421 2822 525 2875 ejus]
597 2822 774 2862 Brother
819 2835 873 2862 on
923 2822 996 2862 the
1051 2836 1160 2862 were
1188 2823 1287 2863 thus
1306 2824 1423 2864 three
1450 2825 1711 2864 educational
1739 2825 1900 2862 centres

151 2876 347 2917 mother’s
373 2876 474 2917 aide.
530 2877 659 2929 Lapp.
679 2877 842 2917 Tables.
1052 2877 1098 2917 in
1115 2878 1239 2925 Gaul,
1263 2878 1334 2918 the
1361 2879 1606 2925 cathedrahs,
1637 2879 1709 2919 the
1738 2889 1898 2916 monas·

207 2933 222 2954 ³
250 2930 447 2985 scholam]
475 2931 576 2970 Thin
596 2932 670 2971 has
692 2931 874 2984 actually
892 2931 997 2972 been
1051 2933 1185 2981 teries,
1209 2933 1292 2973 and
1310 2933 1384 2973 the
1403 2935 1520 2987 royal
1540 2934 1710 2973 schools.
1767 2931 1808 2970 S.

150 2986 324 3027 claimed
349 2999 395 3025 as
422 2987 494 3025 the
517 2986 649 3038 origin
672 2986 718 3025 of
740 2986 811 3026 the
835 2986 996 3025 univer·
1104 2986 1121 3010 ⁴
1138 2989 1265 3040 juxta
1279 3002 1427 3030 morem
1443 2984 1784 3037 Cantuariorum]
1811 2984 1854 3023 N
1857 2997 1900 3023 o-

150 3042 235 3094 aity
255 3042 298 3081 of
318 3039 576 3093 Cambridge.
615 3040 726 3080 Gaul
740 3054 824 3080 was
843 3040 996 3094 always
1050 3041 1172 3095 thing
1207 3042 1243 3082 is
1280 3057 1394 3083 more
1430 3043 1628 3096 probable
1666 3042 1770 3080 than
1803 3039 1899 3078 that

151 3097 314 3135 famous
352 3095 414 3134 for
456 3096 512 3134 its
552 3094 736 3143 schools;
773 3095 857 3134 and
895 3109 1000 3135 even
1054 3098 1318 3149 Augustinus
1372 3098 1539 3137 himself
1593 3094 1741 3135 should
1792 3093 1899 3132 have

153 3152 274 3190 when
294 3163 471 3190 overrun
491 3150 547 3201 by
567 3150 639 3189 the
660 3150 907 3199 barbatiane,
928 3150 1001 3190 the
1053 3152 1234 3192 founded
1271 3153 1430 3192 schools
1457 3153 1499 3191 in
1531 3151 1650 3190 Kent
1667 3164 1677 3195 ;
1724 3148 1900 3201 perhaps

153 3205 321 3257 bishops
340 3204 431 3244 first
450 3204 552 3257 kept
571 3217 628 3256 up
647 3203 719 3244 the
746 3204 815 3243 old
833 3204 998 3245 institu-
1049 3205 1095 3246 in
1122 3206 1334 3247 imitation
1361 3207 1409 3248 of
1432 3205 1668 3258 Gregorius'
1687 3202 1826 3243 school
1854 3206 1900 3241 at

155 3259 278 3307 tiom,
297 3259 380 3300 and
401 3260 500 3300 then
520 3258 592 3299 the
608 3259 750 3299 Frank
763 3258 885 3312 kings
897 3259 996 3301 took
1050 3260 1195 3302 Rome.
