2216 3554
133 199 255 250 CAP.
280 195 412 267 xlv]
774 198 940 249 Gentis
973 196 1253 260 Anylorum.
1788 202 1882 250 165

131 332 366 381 vitiorum
405 329 568 396 potius
605 327 978 394 implicamentis
1015 343 1163 392 quam
1213 326 1391 376 divinis
1438 328 1653 377 solebam
1701 330 1883 379 servire

132 415 390 463 mandatis.
461 414 598 463 Inest
632 417 796 460 autem
831 411 1011 470 animo,
1047 410 1090 459 si
1124 410 1246 457 mihi
1282 411 1439 474 pietas
1475 428 1686 474 superna
1721 412 1884 475 aliqua

132 496 329 544 vivendi
353 496 509 560 spatia
540 495 805 554 donaverit,
828 495 1030 563 vitiosos
1063 509 1220 540 mores
1253 492 1507 556 corrigere,
1533 499 1680 556 atque
1705 494 1767 541 ad
1791 494 1884 541 im-

133 578 323 640 perium
357 577 537 626 divinae
570 576 836 625 voluntatis
871 580 1027 623 totam
1062 591 1123 622 ex
1158 573 1348 636 integro
1388 578 1603 622 mentem
1638 576 1886 639 vitamque

132 660 405 708 transferre.
474 659 662 709 Verum
696 658 811 707 novi
840 675 937 706 non
972 658 1062 706 hoc
1097 674 1199 705 esse
1234 656 1398 704 meriti
1434 657 1545 716 mei,
1570 661 1629 705 ut
1659 658 1882 707 inducias

134 742 329 790 vivendi
352 742 430 791 vel
454 741 684 804 accipiam
703 742 780 789 vel
803 758 880 789 me
906 743 1216 804 accepturum
1240 756 1342 788 esse
1367 739 1621 799 confidam,
1642 741 1736 788 nisi
1762 742 1887 789 forte
1920 746 1924 751 ’

133 826 311 873 misero
339 824 461 872 mihi
492 828 541 872 et
569 824 769 886 indigno
794 823 949 881 venia,
975 839 1063 885 per
1091 821 1333 870 auxilium
1368 838 1538 870 eorum
1564 823 1648 885 qui
1673 822 1746 869 illi
1770 821 1886 871 fide-

134 908 250 955 liter
285 907 568 966 servierunt,
603 905 864 970 propitiari
897 906 1127 968 dignatus
1161 904 1322 952 fuerit.
1393 903 1699 954 Audivimus
1723 911 1887 954 autem
1956 961 1965 965 ss

135 996 184 1036 et
218 990 346 1037 fama
379 989 695 1047 celeberrima,
735 988 849 1052 quia
882 988 1031 1035 fuerit
1064 987 1117 1034 in
1151 993 1297 1050 gente
1331 991 1496 1035 vestra
1531 1005 1617 1035 rex
1652 988 1888 1035 mirandae

95 1068 99 1073 ’
134 1071 417 1131 sanctitatis,
446 1071 678 1120 vocabulo
715 1071 913 1131 Osuald,
944 1073 1080 1133 cujus
1116 1069 1402 1118 excellentia
1437 1069 1554 1118 fidei
1589 1076 1638 1118 et
1673 1070 1889 1129 virtutis,

136 1154 282 1202 etiam
317 1157 426 1218 post
460 1160 680 1213 mortem,
705 1153 947 1201 virtutum
970 1151 1302 1215 frequentium
1325 1152 1602 1215 operatione
1628 1153 1887 1202 claruerit:

134 1253 410 1300 precorque,
435 1235 478 1284 si
507 1235 694 1298 aliquid
728 1235 1047 1298 reliquiarum
1080 1234 1214 1282 illius
1245 1250 1391 1297 penes
1424 1237 1475 1282 te
1506 1234 1668 1295 habes,
1702 1235 1889 1283 adferas

134 1319 271 1378 mihi,
296 1319 338 1366 si
354 1319 478 1366 forte
496 1318 617 1365 mihi
636 1317 878 1365 Dominus
901 1334 990 1380 per
1006 1318 1108 1378 ejus
1132 1315 1363 1364 meritum
1389 1317 1608 1365 misereri
1632 1315 1889 1366 voluerit.'’

135 1402 207 1449 At
237 1418 326 1465 ego
355 1400 607 1464 respondi:
646 1404 672 1425 “
691 1399 863 1448 Habeo
893 1399 1091 1463 quidem
1120 1398 1180 1446 de
1202 1398 1358 1467 ligno,
1395 1398 1448 1446 in
1481 1417 1577 1463 quo
1611 1404 1758 1462 caput
1788 1401 1890 1463 ejus

134 1484 281 1532 occisi
303 1501 332 1532 a
355 1484 556 1548 paganis
579 1482 787 1531 infixum
810 1486 912 1543 est;
950 1486 1013 1540 et,
1035 1481 1076 1529 si
1099 1481 1240 1529 firmo
1265 1481 1408 1529 corde
1432 1482 1709 1541 credideris,
1729 1486 1891 1546 potest

135 1567 302 1615 divina
323 1567 478 1630 pietas
495 1583 581 1629 per
598 1566 723 1614 tanti
743 1565 974 1612 meritum
989 1564 1100 1624 viri,
1126 1570 1176 1611 et
1201 1564 1346 1627 hujus
1363 1564 1478 1613 vitae
1497 1565 1654 1628 spatia
1671 1563 1892 1628 longiora

134 1649 407 1708 concedere,
443 1653 493 1696 et
523 1648 746 1711 ingressu
768 1654 818 1696 te
840 1648 956 1697 vitae
984 1647 1212 1711 perennis
1244 1647 1448 1710 dignum
1473 1646 1713 1696 reddere.’'
1784 1646 1835 1693 N
1838 1662 1890 1693 ec

134 1738 350 1780 moratus
374 1731 469 1791 ille,
493 1731 733 1795 integram
758 1748 806 1779 se
831 1730 884 1778 in
907 1730 998 1778 hoc
1021 1730 1203 1778 habere
1227 1730 1374 1778 fidem
1398 1730 1732 1794 respondebat.

203 1817 216 1840 ‘
234 1814 371 1861 Tunc
405 1813 633 1861 benedixi
669 1831 856 1877 aquam,
883 1816 932 1861 et
957 1812 1163 1860 astulam
1198 1811 1388 1860 roboris
1416 1812 1610 1875 praefati
1635 1811 1889 1859 inmittens

133 1896 291 1944 obtuli
314 1913 442 1960 aegro
465 1896 745 1959 potandum.
817 1895 922 1943 Nec
946 1911 1092 1954 mora,
1114 1894 1288 1942 melius
1311 1893 1489 1942 habere
1515 1894 1674 1957 coepit,
1701 1899 1750 1941 et
1775 1910 1887 1941 con-

132 1978 377 2027 valescens
401 1979 461 2026 ab
485 1978 783 2037 infirmitate,
809 1978 962 2025 multo
997 1977 1221 2040 deinceps
1244 1979 1464 2040 tempore
1489 1977 1618 2025 vixit
1642 1994 1652 2024 z
1689 1980 1890 2039 totoque

133 2061 194 2109 ad
229 2061 388 2108 Deum
413 2060 556 2108 corde
587 2065 636 2108 et
668 2077 811 2123 opere
847 2076 1119 2118 conversus,
1145 2058 1371 2107 omnibus
1400 2059 1697 2122 ubicumque
1719 2076 1889 2122 perve-

133 2146 312 2204 niebat,
337 2144 638 2192 clementiam
667 2144 738 2208 pii
773 2144 1067 2204 Conditoris,
1094 2150 1143 2192 et
1166 2143 1325 2191 fidelis
1358 2143 1462 2207 ejus
1485 2143 1659 2192 famuli
1683 2144 1890 2207 gloriam

135 2226 455 2291 praedicabat?

790 2336 793 2339 ’
839 2349 980 2401 ΟΑΡ.
1021 2350 1168 2400 XIV.

139 2478 190 2520 Ut
218 2476 408 2529 defwncto
435 2476 630 2527 Paulino,
660 2476 856 2517 Ithamar
880 2489 958 2528 pro
985 2488 1031 2516 eo
1059 2474 1283 2527 Hrofensis
1311 2475 1485 2516 ecelesiae
1509 2476 1783 2527 praesulatum
1807 2490 1893 2517 sus·

246 2546 391 2598 ceperit
404 2562 422 2592 ;
450 2546 546 2586 etde
557 2546 794 2587 humilitate
804 2544 995 2586 mirabili
1010 2546 1116 2597 reqis
1135 2543 1296 2594 osuini,
1316 2544 1386 2597 qui
1398 2545 1451 2586 ab
1472 2543 1602 2586 Osuiu
1617 2545 1774 2586 crudeli
1785 2545 1891 2586 coede

240 2620 478 2667 peremptus
496 2621 565 2655 est.

205 2713 515 2760 Tmsmwo
549 2728 663 2776 ergo
696 2713 759 2760 ad
794 2712 1003 2761 caelestia
1043 2729 1191 2775 regna
1233 2711 1462 2772 Osualdo‚
1499 2713 1713 2777 suscepit
1748 2712 1886 2777 regni

137 2795 380 2847 terrestris
416 2794 575 2842 sedem
610 2811 697 2857 pro
733 2811 788 2843 eo
823 2795 972 2843 frater
1006 2793 1110 2859 ejus
1147 2795 1318 2854 Osuiu,
1348 2796 1545 2859 juvenis
1602 2829 1728 2864 Oswio
1748 2839 1830 2864 suo-

138 2878 343 2943 triginta
366 2875 556 2924 circiter
571 2877 586 2902 ¹
610 2893 866 2936 annorum,
886 2883 934 2924 et
957 2893 1045 2940 per
1067 2893 1219 2925 annos
1234 2876 1412 2940 viginti
1436 2883 1544 2926 octo
1580 2880 1690 2915 eeeds
1704 2889 1746 2914 as
1762 2880 1853 2920 king

138 2958 510 3011 laboriosissime
542 2957 719 3007 tenuit.
789 2957 1112 3021 Impugnatus
1141 2959 1366 3008 videlicet
1401 2963 1452 3007 et
1486 2960 1547 3007 ab
1582 2927 1857 3016 oggffiabffigssn·

139 3060 195 3091 ea
229 3057 338 3106 quae
376 3037 580 3087 fratrem
616 3041 717 3102 ejus
752 3038 991 3088 occiderat
1018 3056 1203 3104 pagana
1236 3045 1382 3105 gente
1417 3041 1546 3090 Mer-
1631 3040 1714 3068 *³³-
1731 3033 1805 3073 ⁶4²·

194 3151 209 3175 ¹
238 3151 414 3203 triginta
432 3150 610 3200 circiter]
640 3149 710 3188 He
739 3161 823 3188 was
850 3148 895 3188 in
922 3148 988 3189 his
1042 3149 1086 3189 in
1115 3160 1202 3192 ΔΛ).
1232 3149 1326 3200 613,
1367 3150 1450 3190 and
1488 3162 1572 3189 was
1609 3160 1702 3186 now
1741 3146 1785 3185 in
1822 3145 1887 3184 his

139 3206 393 3259 fifty-eighth
425 3218 526 3258 year
564 3204 684 3243 when
720 3203 773 3245 he
811 3202 906 3243 died
942 3203 987 3243 in
1041 3204 1234 3246 thirtieth
1252 3218 1364 3259 year.

140 3271 228 3301 Aa).
250 3260 342 3313 670,
362 3262 418 3300 iv.
441 3271 462 3311 5
480 3273 491 3309 ;
520 3272 564 3299 so
592 3258 686 3298 that
707 3258 760 3298 he
780 3270 863 3299 was
881 3258 984 3299 born
