2216 3554
134 174 252 225 CAP.
272 172 330 243 1.]
755 173 923 222 Gentis
957 171 1245 237 Amqlorum.
1819 179 1883 223 87

130 307 256 366 Quia
302 305 433 355 enim
477 303 714 369 perceptis
754 302 1028 351 caelestibus
1073 302 1249 363 verbis,
1293 303 1661 351 clarescentibus
1696 321 1885 368 quoque

130 389 388 448 miraculis,
414 389 571 437 virtus
595 386 640 434 ei
663 385 842 434 divinae
878 385 1172 449 cognitionis
1195 385 1489 444 infunditur,
1515 386 1729 448 ejusdem
1761 387 1885 435 divi-

128 471 297 519 nitatis
320 478 504 519 terrore
526 469 822 526 refraenatur,
847 473 905 515 ut
939 484 1086 530 prave
1121 483 1263 530 agere
1298 473 1499 525 metuat,
1533 484 1589 515 ac
1617 467 1735 515 totis
1760 467 1885 514 desi-

127 555 274 602 deriis
298 555 359 603 ad
382 551 669 603 aeternitatis
692 550 900 614 gratiam
923 551 1087 599 venire
1111 549 1446 613 concupiscat.’
1518 550 1707 611 Quibus
1725 549 1886 598 verbis

128 637 298 685 beatus
333 635 591 699 Gregorius
614 634 704 681 hoc
728 648 917 696 quoque
946 633 1171 692 declarat,
1199 633 1315 696 quia
1351 637 1547 681 sanctus
1571 631 1886 696 Augustinus

127 727 176 766 et
205 719 320 767 socii
348 721 463 781 ejus,
492 734 589 765 non
624 706 726 764 sola
757 714 1100 778 praedicatione
1134 717 1407 771 verborum,
1432 716 1529 776 sed
1565 715 1714 763 etiam
1751 715 1886 763 caele-

126 798 275 846 stium
312 796 580 846 ostensione
621 795 887 857 signorum,
924 801 1120 858 gentem
1167 795 1442 857 Anglorum
1489 794 1552 843 ad
1586 794 1886 858 agnitionem

126 881 346 928 veritatis
381 879 719 943 perducebant.

195 963 331 1011 Fecit
365 962 493 1010 inter
526 960 622 1009 alia
655 947 826 1008 beatus
860 976 989 1023 papa
1023 958 1307 1024 Gregorius,
1338 964 1397 1008 ut
1431 959 1483 1007 in
1513 958 1730 1007 ecclesiis
1755 975 1888 1007 sanc-

124 1051 288 1093 torum
323 1045 652 1108 apostolorum
676 1043 808 1091 Petri
833 1046 881 1091 et
916 1043 1069 1101 Pauli,
1097 1059 1242 1106 super
1265 1059 1465 1106 corpora
1489 1058 1657 1090 eorum
1673 1042 1689 1068 ²
1725 1041 1886 1089 missae

124 1128 490 1176 celebrarentur.
563 1127 657 1175 Sed
693 1131 742 1174 et
777 1126 830 1173 in
862 1126 968 1189 ipsa
991 1126 1248 1173 missarum
1273 1125 1594 1173 celebratione
1618 1124 1716 1172 tria
1741 1126 1887 1172 verba

125 1212 345 1260 maximae
387 1209 694 1274 perfectionis
729 1209 874 1273 plena
910 1207 1267 1272 superadjecit:
1327 1211 1338 1232 ‘
1359 1207 1573 1271 Diesque
1610 1213 1801 1255 nostros
1838 1207 1889 1254 in

123 1301 210 1343 tua
243 1311 360 1358 pace
394 1294 636 1357 disponaS,
673 1296 819 1356 atque
865 1293 925 1340 ab
967 1296 1150 1340 aeterna
1189 1291 1501 1339 damnatione
1537 1307 1625 1339 nos
1662 1291 1800 1354 eripi,
1840 1298 1890 1339 et

124 1377 175 1424 iu
201 1379 463 1426 electorum
487 1383 684 1424 tuorum
698 1375 873 1438 ¹jubeas
896 1391 1040 1438 grege
1065 1372 1341 1421 numerari.'

194 1459 349 1508 Rexit
395 1466 556 1508 autem
611 1458 858 1506 ecclesiam
906 1456 1209 1519 temporibus
1259 1455 1613 1518 imperatorum
1661 1455 1889 1503 Mauricii

124 1548 174 1591 et
209 1543 416 1591 Foeatis.
507 1541 758 1591 Secundo2
805 1544 970 1588 autem
1007 1539 1221 1603 ejusdem
1257 1537 1451 1586 Fooatis
1487 1555 1612 1585 anno
1648 1538 1889 1586 transiens

123 1643 183 1674 ex
219 1627 308 1674 hac
342 1626 444 1674 vita
478 1624 712 1688 migravit
748 1623 811 1671 ad
845 1639 1008 1671 veram
1044 1639 1151 1685 quae
1187 1621 1238 1668 in
1274 1620 1402 1668 caelis
1439 1626 1511 1669 est
1545 1620 1715 1668 vitam.
1805 1620 1890 1669 Se-

121 1708 288 1771 pultus
322 1725 435 1756 vero
471 1711 545 1755 est
578 1722 775 1769 corpore
809 1704 863 1751 in
910 1703 1106 1752 ecclesia
1151 1702 1280 1750 beati
1329 1702 1469 1750 Petri
1510 1702 1734 1765 apostoli,
1771 1709 1884 1750 ante

122 1790 433 1840 secretarium
447 1789 477 1849 3,
502 1789 580 1837 die
616 1792 791 1851 quarto
826 1787 998 1835 iduum
1034 1786 1342 1844 Martiarum,
1369 1785 1659 1849 quandoque
1695 1785 1748 1832 in
1780 1786 1886 1848 ipso

121 1891 231 1930 cum
256 1873 439 1921 caeteris
462 1877 640 1921 sanctae
671 1872 878 1920 ecclesiae
914 1870 1188 1935 pastoribus
1221 1875 1582 1917 resurrecturus
1615 1869 1668 1915 in
1696 1868 1851 1931 gloria
1869 1887 1884 1917 ι

122 1957 450 2020 scriptumque
472 1957 526 2004 in
549 1956 721 2003 tumba
744 1954 899 2018 ipsius
924 1952 1257 2017 epitaphium4
1289 1951 1597 2014 hujusmodi:

258 2113 271 2136 ‘
285 2109 501 2173 Suscipe‚
528 2113 672 2167 terra,
698 2112 785 2155 tuo
810 2122 984 2170 corpus
1008 2105 1067 2153 de
1093 2121 1287 2168 corpore
1312 2109 1578 2167 sumptum,

359 2194 580 2241 Reddere
604 2191 734 2255 quod
757 2191 918 2239 valeas
942 2188 1223 2238 vivificante
1248 2188 1371 2237 Deo.

292 2276 507 2339 Spiritus
532 2280 665 2323 astra
688 2273 830 2337 petit,
855 2272 944 2320 leti
968 2271 1039 2319 nil
1059 2274 1173 2335 jura
1196 2271 1455 2330 nocebunt,

359 2358 453 2407 Oui
474 2358 590 2406 vitae
615 2356 814 2405 alterius
838 2372 968 2403 mors
994 2354 1147 2418 magis
1172 2354 1279 2416 ipsa
1302 2354 1383 2402 via
1407 2359 1491 2401 est.

290 2440 547 2488 Pontificis
570 2438 750 2488 summi
772 2438 863 2486 hoc
887 2437 1185 2485 clauduntur
1207 2437 1427 2484 membra
1450 2435 1686 2501 sepulcro,

359 2523 458 2583 Qui
482 2521 748 2569 innumeris
773 2536 962 2583 semper
987 2519 1111 2568 vivit
1134 2518 1317 2582 ubique
1341 2519 1496 2568 bonis.

291 2604 518 2652 Esuriem
541 2603 746 2666 dapibus
770 2602 1029 2666 superavit,
1052 2602 1238 2666 frigora
1262 2606 1411 2660 veste,

361 2687 524 2749 Atque
559 2685 745 2733 animas
769 2684 969 2733 monitis
993 2684 1119 2732 texit
1144 2685 1203 2732 ab
1227 2683 1367 2733 hoste
1391 2684 1554 2733 sacris.

293 2769 630 2832 Implebatque
654 2774 780 2826 actu,
805 2766 1036 2831 quicquid
1061 2783 1277 2815 sermone
1307 2768 1526 2826 docebat,

361 2851 508 2900 Esset
531 2856 588 2899 ut
612 2849 900 2913 exemplum,
929 2849 1132 2912 mystica
1156 2850 1304 2898 verba
1328 2850 1543 2914 loquens.

177 3017 187 3041 ¹
218 3016 369 3067 eorwm]
425 3016 734 3068 Apostolorum.
819 3015 880 3057 Cf.
927 3016 972 3057 J.
1083 3016 1098 3040 ³
1126 3018 1406 3069 secretarium]
1493 3017 1748 3067 Consistory,
1798 3014 1886 3054 An-

124 3072 240 3111 Diac.
260 3072 304 3110 ii.
330 3082 392 3111 20.
1028 3071 1188 3122 drews;
1217 3073 1405 3126 sacristy‚
1426 3073 1541 3113 Stev.

178 3125 193 3147 ²
220 3126 421 3176 Secundo]
476 3125 564 3165 The
611 3124 760 3165 second
797 3131 898 3177 year
935 3124 982 3164 of
1086 3126 1101 3149 4
1128 3128 1402 3182 epitaphium]
1463 3128 1539 3167 See
1585 3126 1629 3167 J.
1669 3124 1788 3164 Diae.
1827 3123 1884 3164 iv.

125 3181 281 3220 Phocas
319 3182 454 3232 began
492 3180 605 3220 Νον.
643 3190 731 3221 A.D.
762 3179 856 3232 603,
893 3180 976 3221 and
1032 3180 1098 3223 68.

128 3235 260 3275 ended
280 3236 323 3275 N
327 3250 390 3276 ov.
411 3246 499 3276 Λα).
521 3235 616 3287 604.
