2216 3554
345 209 411 257 ‘76
921 203 1148 252 Historia
1182 203 1517 252 Ecclesiastica
1901 201 2035 270 [LIB.
2055 196 2091 250 1ss

340 336 548 401 gaudere
573 352 718 399 super
734 336 836 393 hoe,
853 336 937 384 sed
960 335 1122 399 potius
1147 337 1353 399 gaudete
1377 335 1492 399 quia
1515 335 1712 383 nomina
1729 342 1891 383 vestra
1914 337 2094 399 scripta

342 424 458 468 sunt
493 418 545 466 in
581 418 737 467 caelo.’'
808 419 871 467 In
906 419 1099 482 privata
1134 419 1264 466 enim
1299 423 1349 466 et
1382 417 1641 481 temporali
1675 417 1847 465 laetitia
1882 422 2094 466 mentem

342 507 604 564 posuerant
638 501 720 564 qui
753 500 812 548 de
837 501 1081 549 miraculis
1113 501 1420 563 gaudebant;
1460 501 1543 548 sed
1567 501 1626 547 de
1654 500 1846 562 privata
1875 501 1934 548 ad
1968 517 2094 547 com-

344 600 555 642 munem,
589 584 648 632 de
683 583 940 646 temporali
975 584 1037 631 ad
1072 589 1301 631 aeternam
1335 583 1558 631 laetitiam
1594 587 1882 630 revocantur
1918 583 2095 645 quibus

343 667 555 715 dicitur:
600 667 708 716 “In
742 668 831 715 hoc
859 668 1064 731 gaudete
1101 667 1214 730 quia
1248 667 1446 714 nomina
1480 674 1643 714 vestra
1679 666 1859 729 scripta
1895 671 2009 714 sunt
2044 665 2096 712 in
2181 700 2183 703 -

345 749 501 798 caelo.''
571 750 683 800 Non
725 749 852 797 enim
889 766 1054 798 omnes
1101 750 1239 797 electi
1274 750 1508 798 miracula
1554 749 1737 797 faciunt
1753 766 1765 808 ς
1814 749 1899 797 sed
1933 753 2097 796 tamen

345 847 512 879 eorum
548 832 744 880 nomina
779 832 999 880 omnium
1032 832 1087 879 in
1122 832 1238 880 caelo
1274 827 1787 894 tenentur‘adscripta.
1859 829 2098 881 Veritatis

345 914 523 963 etenim
548 914 798 977 discipulis
822 931 922 962 esse
946 914 1180 977 gaudium
1213 931 1311 961 non
1343 914 1500 973 debet,
1526 913 1622 961 nisi
1654 914 1713 961 de
1738 930 1794 961 eo
1817 914 1944 961 bono
1969 911 2099 976 quod

345 1013 599 1045 commune
636 1015 744 1045 cum
781 997 1001 1044 omnibus
1036 996 1231 1055 habent,
1268 1004 1316 1044 et
1358 996 1409 1043 in
1452 1014 1546 1059 quo
1587 996 1733 1044 finem
1774 996 1958 1044 laetitiae
2001 1011 2099 1042 non

345 1079 537 1127 habent.
610 1079 781 1127 Restat
815 1079 991 1141 itaque,
1017 1079 1170 1126 frater
1207 1077 1464 1136 carissime,
1500 1084 1556 1126 ut
1592 1079 1722 1126 inter
1754 1095 1808 1126 ea
1844 1095 1952 1141 quae
1987 1094 2101 1140 ope-

344 1165 483 1208 rante
506 1161 721 1208 Domino
746 1160 959 1208 exterius
983 1159 1112 1219 facis,
1136 1176 1324 1222 semper
1339 1165 1388 1207 te
1412 1159 1620 1207 interius
1644 1160 1888 1208 subtiliter
1897 1159 2100 1222 judices,

347 1259 401 1290 ac
438 1243 682 1291 subtiliter
705 1242 961 1305 intelligas,
988 1246 1037 1290 et
1068 1242 1380 1304 temetipsum
1409 1242 1517 1304 quis
1550 1242 1629 1301 sis,
1654 1247 1703 1290 et
1736 1250 1917 1306 quanta
1950 1242 2015 1289 sit
2049 1242 2101 1289 in

348 1327 515 1374 eadem
538 1330 682 1387 gente
718 1325 891 1388 gratia,
927 1342 1015 1388 pro
1052 1324 1189 1387 cujus
1228 1324 1541 1371 conversione
1581 1324 1728 1372 etiam
1773 1324 2101 1372 faciendorum

348 1409 597 1471 signorum
626 1409 752 1456 dona
786 1407 1061 1471 percepisti.
1134 1407 1200 1454 Et
1224 1406 1461 1469 siquando
1490 1409 1540 1454 te
1573 1406 1791 1455 Creatori
1815 1410 1982 1454 nostro
2018 1423 2102 1455 seu

348 1508 435 1554 per
458 1491 690 1555 linguam,
717 1490 817 1539 sive
852 1508 938 1554 per
962 1506 1106 1554 opera
1129 1488 1451 1537 reminisceris
1482 1489 1754 1552 deliquisse,
1789 1506 1976 1552 semper
1999 1489 2104 1538 haec

349 1574 410 1621 ad
446 1573 728 1621 memoriam
768 1590 974 1631 revoces,
1014 1577 1072 1620 ut
1115 1576 1391 1635 surgentem
1429 1571 1586 1619 cordis
1627 1571 1831 1634 gloriam
1873 1573 2104 1620 memoria.

348 1661 512 1704 reatus
545 1661 746 1719 premat.
818 1657 885 1705 Et
923 1638 1163 1720 quidquid
1205 1656 1264 1703 de
1300 1655 1532 1703 faciendis
1569 1655 1719 1718 signis
1754 1655 1991 1718 acceperis
2026 1656 2104 1703 vel

350 1739 589 1802 accepisti,
615 1740 717 1788 haec
740 1757 837 1787 non
863 1740 956 1788 tibi
979 1739 1063 1788 sed
1088 1738 1186 1787 illis
1218 1738 1420 1801 deputes
1451 1737 1643 1797 donata,
1668 1755 1756 1801 pro
1781 1754 1986 1801 quorum
2010 1737 2103 1786 tibi

339 1823 504 1871 salute
530 1823 704 1872 collata
728 1823 870 1872 sunt?

1024 2012 1170 2063 CAP..
1207 2013 1439 2062 XXXII.

713 2152 773 2193 'Ut
792 2152 1048 2193 Aedilbereto
1067 2153 1163 2205 reqi‘
1176 2152 1336 2194 litteras
1355 2155 1393 2192 et
1413 2151 1526 2192 doma
1545 2152 1716 2192 miserit.

422 2265 578 2313 MISIT
601 2265 731 2314 idem
755 2267 924 2314 beatus
948 2283 1073 2330 papa
1098 2265 1360 2329 Gregorius
1389 2266 1558 2314 eodem
1586 2273 1805 2329 tempore
1830 2266 1976 2314 etiam
2002 2266 2105 2329 regi

353 2348 661 2397 Aedilbercto
695 2349 959 2412 epistolam,
986 2349 1129 2397 simul
1163 2353 1212 2396 et
1241 2348 1366 2396 dona
1400 2347 1452 2395 in
1488 2348 1692 2397 diversis
1719 2348 1966 2411 speciebus
1998 2365 2106 2411 per-

352 2432 526 2495 plura:
574 2431 920 2494 temporalibus
956 2448 1148 2495 quoque
1181 2431 1447 2479 honoribus
1482 2448 1644 2495 regem
1678 2430 1949 2495 glorificare
1982 2436 2105 2479 sata-

352 2531 482 2577 gens,
509 2514 587 2561 cui
622 2515 791 2577 gloriae
828 2514 1030 2563 caelestis
1063 2531 1148 2561 suo
1182 2514 1347 2562 labore
1382 2519 1432 2561 et
1466 2514 1706 2562 industria
1742 2503 1969 2561 notitiam
1997 2530 2107 2576 pro·

353 2596 538 2646 venisse
561 2597 812 2660 gaudebat.
884 2597 1148 2659 Exemplar
1171 2603 1334 2644 autem
1358 2596 1570 2660 praefatae
1594 2595 1808 2660 epistolae
1833 2595 2049 2643 hoc-est:

426 2683 438 2705 ‘
452 2678 665 2726 Domino
683 2678 1027 2742 gloriosissimo
1046 2683 1191 2742 atque
1210 2679 1652 2742 praecellentissimo
1670 2678 1771 2727 filio
1791 2665 2106 2726 Aedilbercto

354 2762 458 2825 regi
482 2760 770 2823 Anglorum,
796 2761 1058 2824 Gregorius
1088 2761 1352 2825 episcopus
1988 2753 1991 2757 .

426 2850 438 2870 ‘
455 2845 659 2907 Propter
681 2843 769 2891 hoc
801 2844 1106 2906 omnipotens
1129 2844 1265 2892 Deus
1297 2845 1448 2893 bonos
1481 2861 1696 2909 quosque
1728 2845 1790 2891 ad
1817 2843 2107 2906 populorum

356 2926 592 2991 regimina
626 2926 862 2990 perducit,
900 2932 956 2974 ut
991 2944 1077 2989 per
1100 2944 1179 2974 eos
1215 2927 1440 2976 omnibus
1476 2927 1651 2991 quibus
1685 2926 1876 2990 praelati
1910 2925 2108 2984 fuerint,

357 3011 483 3058 dona
509 3026 606 3057 suae
636 3009 831 3072 pietatis
867 3008 1130 3071 impendat.
1202 3009 1344 3069 Quod
1376 3010 1428 3056 in
1452 3007 1727 3073 Anglorum
1757 3011 1899 3070 gente
1923 3007 2108 3054 factum

358 3092 697 3155 cognovimus:
735 3090 814 3138 cui
837 3095 997 3138 vestra
1021 3091 1175 3152 gloria
1197 3090 1375 3138 idcirco
1401 3097 1474 3139 est
1498 3092 1772 3155 praeposita,
1793 3094 1849 3137 ut
1873 3106 1959 3152 per
1982 3089 2109 3136 bona

359 3191 467 3237 quae
502 3172 638 3221 vobis
673 3189 891 3220 concessa
929 3176 1057 3232 sunt,
1100 3173 1247 3220 etiam
1289 3173 1516 3236 subjectae
1551 3173 1690 3222 vobis
1731 3170 1866 3236 genti
1901 3187 2109 3233 superna

358 3255 594 3305 beneficia.
619 3258 977 3320 praestarentur.
1050 3253 1121 3302 Et
1156 3254 1279 3313 ideo,
1303 3254 1508 3318 gloriose
1544 3255 1629 3315 fili,
1656 3272 1760 3304 eam
1796 3270 1942 3318 quam
1977 3267 2107 3301 acce--¹
