2216 3554
140 207 260 255 CAP.
288 204 460 275 xvn1.]
770 207 935 256 Gentis
967 205 1260 268 Anqlorum.
1798 210 1888 255 131.

140 339 277 398 situs,
304 339 356 386 in
389 339 494 387 loco
527 338 678 402 ipsius
713 338 836 386 alter
871 336 1149 400 episcopum
1186 353 1246 384 ex
1281 336 1370 384 hac
1405 339 1573 384 nostra
1603 336 1894 385 auctoritate

140 421 311 469 debeat
334 423 609 485 subrogare.
646 421 788 484 Quod
813 420 1010 483 quidem
1033 425 1135 467 tam
1158 436 1247 482 pro
1273 422 1445 466 vestrae
1471 418 1686 466 caritatis
1704 418 1892 477 affectu,

141 520 286 565 quam
321 521 409 567 pro
444 509 690 553 tantarum
724 502 1083 566 provinciarum
1119 501 1291 564 spatiis
1328 518 1436 564 quae
1472 500 1602 547 inter
1625 517 1712 547 nos
1737 506 1786 549 et
1809 517 1894 549 vos

140 602 240 634 esse
266 591 544 645 noscuntur,
560 603 723 634 sumus
749 584 945 633 invitati
963 583 1237 643 concedere,
1258 587 1314 630 ut
1333 583 1386 630 in
1405 582 1630 630 omnibus
1649 583 1895 630 devotioni

139 674 311 716 vestrae
347 675 566 717 nostrum
601 684 900 728 concursum,
939 672 988 715 et
1017 666 1162 730 juxta
1196 672 1357 714 vestra
1384 665 1624 713 desideria
1656 666 1894 728 praebere-

139 768 258 799 mus.
329 751 628 800 Incolumem
647 750 976 799 excellentiam
998 753 1209 798 vestram
1226 747 1384 813 gratia
1402 764 1610 811 superna
1625 747 1893 796 custodiat!

817 969 965 1021 OAP.
1003 972 1209 1023 XVIII.

196 1113 247 1153 Ut
261 1112 483 1160 Honorius,
506 1111 577 1163 qui
594 1111 628 1151 J
631 1117 720 1151 asto
739 1111 786 1151 in
805 1100 1086 1163 episcopatum
1106 1112 1426 1153 Dorovernensis
1447 1111 1618 1152 ecolesiae
1637 1110 1837 1156 successit,

426 1181 476 1222 ab
497 1182 632 1221 eodem
644 1194 765 1234 papa
785 1180 973 1221 Honorio
987 1181 1172 1234 pallium
1191 1186 1227 1222 et
1247 1181 1389 1224 literas
1407 1183 1619 1234 acceperit.

208 1310 338 1357 HAEc
358 1309 485 1357 inter
499 1309 515 1335 ¹
538 1309 719 1356 Justus
736 1307 1120 1372 archiepiscopus
1136 1309 1197 1356 ad
1220 1309 1427 1357 caelestia
1446 1325 1595 1371 regna
1614 1307 1893 1357 sublevatus

137 1397 309 1455 quarto
325 1394 344 1420 ²
379 1392 550 1439 iduum
585 1390 938 1438 Novembrium
973 1391 1064 1450 die,
1091 1396 1141 1439 et
1176 1391 1426 1439 Honorius
1462 1408 1551 1454 pro

139 1476 225 1522 illo
278 1480 350 1523 est
396 1474 447 1521 in
489 1473 803 1535 praesulatum
851 1473 1077 1522 effectus:
1128 1474 1215 1537 qui
1257 1474 1552 1522 ordinandus

137 1557 272 1605 venit
307 1556 368 1604 ad
406 1556 676 1614 Paulinum,
700 1558 749 1603 et
784 1562 1063 1604 occurrente
1101 1556 1194 1604 sibi
1228 1556 1312 1604 illo
1349 1556 1400 1603 in
1430 1556 1551 1603 Lin-

137 1638 360 1686 docolino
395 1638 594 1701 quintus
629 1637 692 1685 ab
727 1635 1011 1701 Augustino
1051 1638 1436 1686 Doruvernensis
1473 1637 1682 1686 ecclesiae
1730 1653 1893 1686 conse-

137 1725 298 1769 cratus
333 1726 406 1768 est
443 1720 659 1768 antistes.
732 1719 824 1768 Cui
866 1720 1014 1767 etiam
1050 1720 1280 1783 praefatus
1314 1738 1439 1784 papa
1476 1719 1723 1767 Honorius
1758 1719 1894 1768 misit

134 1803 340 1866 pallium
385 1807 435 1850 et
481 1802 656 1860 literas,
693 1801 746 1848 in
789 1801 966 1865 quibus
1000 1802 1214 1850 decernit
1249 1802 1337 1850 hoc
1371 1802 1546 1866 ipsum,
1618 1813 1824 1870 Honorius,

136 1885 265 1949 quod
299 1885 350 1932 in
385 1885 589 1948 epistola
623 1884 685 1932 ad
719 1884 990 1932 AEduinum
1021 1901 1184 1947 regem
1220 1885 1367 1932 missa
1390 1885 1549 1933 decre·
1609 1864 1836 1948 affihggffiop

135 1973 306 2015 verat:
355 1966 538 2014 scilicet
573 1969 630 2013 ut
675 1982 785 2014 cum
826 1966 1215 2015 Doruvernensis
1251 1966 1327 2015 vel
1363 1967 1550 2014 Ebura·
1647 1963 1798 2005 erbury.

137 2049 290 2097 censis
325 2048 527 2096 antistes
562 2049 621 2096 de
668 2048 757 2096 hac
798 2047 903 2096 vita
937 2048 1202 2108 transierit,
1240 2048 1282 2096 is
1319 2048 1407 2112 qui
1442 2053 1662 2112 superest
1696 2066 1892 2097 consors

137 2132 350 2194 ejusdem
384 2131 562 2195 gradus
597 2131 774 2180 habeat
818 2135 1110 2194 potestatem
1146 2132 1356 2180 alterum
1392 2131 1663 2191 ordina-ndi,
1702 2131 1752 2178 in
1786 2131 1891 2179 loco

137 2216 239 2275 ejus
275 2214 360 2278 qui
394 2213 668 2272 transierat,
705 2214 1036 2274 sacerdotem3
1079 2231 1139 2262 ne
1181 2214 1247 2262 sit
1294 2231 1486 2263 necesse
1523 2214 1585 2262 ad
1621 2215 1892 2263 Romanam

135 2313 288 2360 usque
323 2295 569 2345 civitatem
601 2313 689 2359 per
715 2301 817 2345 tam
846 2297 1037 2360 prolixa
1064 2303 1308 2346 terrarum
1339 2303 1387 2345 et
1423 2297 1572 2345 maris
1610 2297 1767 2361 spatia
1803 2315 1892 2362 pro

137 2378 403 2426 ordinando
427 2378 783 2442 archiepiscopo
808 2395 996 2443 semper
1019 2379 1228 2443 fatigari.
1284 2379 1504 2440 Quarum
1529 2380 1675 2429 etiam
1698 2384 1890 2429 textum

138 2460 389 2510 literarum
411 2461 463 2508 in
485 2466 650 2509 nostra
673 2461 763 2510 hac
787 2461 1010 2510 Historia
1032 2478 1209 2525 ponere
1233 2462 1541 2510 commodum
1566 2463 1806 2514 duximus.

208 2548 219 2568 ‘
241 2542 566 2591 Dilectissimo
601 2543 744 2592 fratri
780 2544 1015 2602 Honorio,
1053 2543 1315 2593 Honorius.
1387 2544 1526 2593 Inter
1549 2546 1760 2609 plurima
1783 2563 1890 2610 quse

138 2625 474 2689 Redemptoris
495 2625 650 2673 nostri
672 2625 1001 2675 misericordia
1033 2626 1133 2675 suis
1167 2626 1361 2676 famulis
1394 2627 1625 2692 dignatur
1652 2629 1890 2678 bonorum

1636 1430 1762 1465 Death
1773 1430 1815 1465 01‘

1647 1480 1673 1515 J
1677 1481 1799 1520 ustus,

1636 1538 1720 1564 Ad).
1736 1531 1809 1571 627.

198 2764 208 2786 ¹
238 2764 339 2804 Hoec
358 2762 483 2816 inter]
513 2762 646 2803 These
664 2764 799 2804 words
825 2763 919 2803 look
941 2777 987 2803 as

139 2820 177 2859 if
198 2819 313 2858 Beda
330 2818 503 2858 himself
516 2832 600 2858 was
623 2818 755 2858 afraid
778 2822 823 2858 to
842 2819 895 2858 be
917 2822 988 2858 too

140 2887 296 2971 323¹?
316 2887 376 2967 Πιέ
386 2873 740 2968 ἓῖᾒεζῗέῃῆῗέἔ
761 2873 986 2979 Ξῖἇὶἶᾞέ

141 2990 184 3023 to
204 2983 328 3023 much
353 2987 627 3035 controversy.
684 2983 868 3035 Perhaps
894 2983 927 3022 it
952 2984 987 3023 is

142 3039 266 3078 safest
294 3043 338 3079 to
366 3038 463 3078 date
492 3038 527 3077 it
554 3048 640 3078 ΑΛ).
671 3037 766 3088 627,
786 3037 889 3077 with
914 3037 988 3078 the

141 3093 276 3133 oldest
308 3093 534 3145 authority.
570 3092 642 3131 the
680 3093 821 3132 Saxon
860 3092 986 3132 Chro-

141 3148 265 3195 niele,
286 3148 339 3188 cf.
362 3144 530 3188 Stubbs’
552 3146 793 3199 Registrum
817 3147 986 3187 Sacrum

144 3203 439 3255 Anglicanum,
456 3217 494 3255 p.
516 3213 550 3242 1.
589 3201 676 3241 But
690 3201 761 3241 did
775 3201 987 3242 Honorius

144 3258 314 3298 succeed
350 3262 397 3298 at
443 3270 556 3303 once,
594 3270 640 3296 or
682 3269 766 3297 was
806 3256 879 3297 the
919 3269 987 3297 see

1043 2765 1222 2804 vacant?
1269 2765 1475 2818 Anyhow,
1514 2766 1549 2806 it
1592 2771 1742 2807 cannot
1782 2768 1890 2807 have

1042 2819 1172 2858 taken
1211 2819 1328 2871 place
1364 2821 1471 2861 later
1510 2821 1615 2861 than
1657 2822 1701 2861 N
1704 2835 1768 2862 ov.
1800 2833 1887 2862 A.D.

1043 2873 1150 2924 632;
1189 2874 1251 2914 for
1281 2875 1480 2916 Eadwine
1517 2876 1601 2916 had
1639 2877 1807 2915 written
1845 2881 1888 2915 to

1042 2928 1116 2968 the
1131 2929 1243 2981 Pope
1262 2933 1306 2970 to
1325 2944 1492 2983 express
1510 2931 1575 2971 his
1591 2932 1739 2970 wishes
1759 2931 1888 2970 about

1043 2983 1114 3023 the
1144 2986 1424 3025 consecration
1452 2990 1496 3026 to
1523 2986 1594 3025 the
1613 2988 1764 3025 vacant
1786 2997 1886 3030 sees,

1043 3040 1118 3078 ‘ea
1146 3051 1244 3079 vero
1275 3070 1285 3080 .
1318 3071 1327 3081 .
1361 3071 1370 3080 .
1401 3038 1623 3094 sperastis‚’
1652 3053 1687 3080 c.
1720 3048 1780 3090 17,
1809 3039 1886 3078 but

1038 3091 1092 3133 he
1119 3107 1204 3134 was
1231 3094 1361 3135 killed
1388 3095 1433 3135 in
1468 3095 1645 3135 October
1672 3104 1759 3133 AJ).
1791 3092 1884 3145 633,

1068 3177 1076 3189 .
1104 3148 1194 3199 136.

1039 3161 1067 3200 p
1093 3202 1110 3226 ²
1137 3207 1285 3256 quarto
1306 3235 1316 3246 .
1339 3234 1348 3245 .
1371 3236 1381 3246 .
1401 3203 1488 3257 die]
1520 3202 1758 3243 November
1781 3213 1843 3243 10.

990 3342 1070 3376 ΚΖ
