2216 3554
357 243 389 288 2
1014 239 1154 288 Bedae
1189 238 1437 303 Praefatio.

354 375 574 439 regendis
609 376 773 425 divina
807 376 1025 440 praefecit
1059 376 1334 435 auctoritas,
1360 375 1422 423 ob
1456 372 1692 438 generalis
1728 390 1894 422 curam
1929 376 2100 425 salutis

353 458 501 506 latius
536 459 777 522 propalari
813 459 1063 507 desideras.

421 540 495 588 Ut
518 545 680 588 autem
704 540 755 587 in
781 540 855 588 his
881 558 984 604 quae
1010 540 1192 603 scripsi,
1219 539 1294 587 vel
1331 537 1516 586 caeteris
1551 536 1857 585 auditoribus
1883 537 1984 585 sive
2009 538 2099 586 lec-

352 621 536 669 toribus
559 622 702 684 hujus
728 622 963 670 Historiae
998 621 1289 670 occasionem
1319 619 1578 666 dubitandi
1601 619 1895 678 subtraham,
1922 619 2098 682 quibus

351 704 451 753 haec
498 704 704 752 maxime
756 705 1031 752 auctoribus
1077 701 1327 750 didicerim
1373 701 1587 748 breviter
1633 701 1858 749 intimare
1905 702 2097 751 curab0.

688 786 874 834 Auctor
913 790 1023 832 ante
1061 799 1223 832 omnes
1263 787 1410 845 atque
1447 781 1641 845 adjutor
1687 782 1907 845 opusculi
1954 782 2099 845 hujus

350 851 663 942 ξζῗξξὲξξωὴῗνθ
692 867 903 916 Albinus
919 866 934 893 ¹
971 867 1094 914 abba
1128 864 1544 913 reverentissimus
1567 864 1645 912 vir
1668 865 1952 927 per·omnia
1987 866 2098 913 doc-

348 949 474 983 Abbot
485 950 656 991 Albinus,
689 948 905 996 tissimus
948 947 1139 1006 extitit3
1190 944 1274 1009 qui
1315 944 1368 991 in
1411 943 1608 993 ecclesia
1643 945 2023 994 Oantuariorum
2069 965 2099 994 a

348 1029 500 1078 beatae
548 1031 791 1079 memoriae
827 1030 1082 1078 Theodoro
1128 1026 1484 1090 archiepiscopo
1532 1030 1582 1074 et
1615 1028 1871 1076 Hadriano
1921 1029 2094 1077 abbate

347 1111 464 1159 viris
510 1114 864 1162 venerabilibus
922 1117 1067 1175 atque
1116 1111 1456 1160 eruditissimis
1518 1110 1788 1171 institutus,
1838 1112 2097 1176 diligenter

347 1194 508 1242 omnia
526 1212 632 1258 quae
657 1196 704 1242 in
733 1197 838 1258 ipsa
853 1194 1227 1244 Cantuariorum
1250 1192 1500 1255 provincia
1514 1193 1592 1241 vel
1607 1193 1755 1242 etiam
1779 1194 1832 1241 in
1856 1194 2097 1257 contiguis

346 1275 502 1324 eidem
537 1278 818 1340 regionibus
853 1295 881 1324 a
917 1276 1165 1339 discipulis
1200 1275 1329 1323 beati
1364 1292 1501 1338 papae
1524 1274 1754 1339 Gregorii
1780 1281 1915 1340 gesta
1945 1278 2093 1337 fuere,

345 1357 422 1404 vel
457 1359 764 1406 monimentis
800 1358 1053 1406 literarum
1077 1357 1155 1406 vel
1190 1356 1435 1405 seniorum
1470 1357 1733 1405 traditione
1768 1365 2092 1422 cognoverat:

346 1443 394 1486 et
417 1456 473 1487 ea
495 1440 614 1487 mihi
638 1441 696 1488 de
721 1441 796 1488 his
821 1457 929 1504 quae
954 1440 1186 1487 memoria
1210 1439 1358 1502 digna
1375 1438 1679 1499 videbantur,
1704 1456 1791 1502 per
1814 1441 2095 1504 religiosum

343 1519 699 1570 Lundoniensis
746 1522 954 1570 ecclesiae
1001 1522 1339 1585 presbyterum
1386 1521 1703 1572 Nothelmum
1718 1524 1751 1582 ²,
1788 1522 1890 1570 sive
1937 1523 2095 1571 literis

343 1606 571 1654 mandata
603 1606 703 1654 sive
737 1607 890 1669 ipsius
925 1606 1175 1654 Nothelmi
1210 1605 1324 1653 viva
1357 1622 1472 1653 voce
1508 1606 1774 1666 referenda,
1810 1607 2092 1658 transmisit.

344 1687 441 1748 Qui
474 1688 697 1737 videlicet
733 1690 782 1736 N
787 1689 1027 1737 othelmus
1061 1693 1229 1752 postea
1262 1688 1471 1735 Romam
1494 1688 1707 1747 veniens,
1732 1689 1991 1736 nonnullas
2026 1690 2095 1737 ibi
2139 1683 2144 1686 ἢ

342 1769 471 1818 beati
498 1771 721 1834 Gregorii
749 1788 886 1834 papae
919 1770 1063 1819 simul
1089 1776 1137 1818 et
1161 1770 1366 1818 aliorum
1398 1769 1685 1832 pontificum
1717 1770 1960 1833 epistolas,
1986 1788 2093 1834 per-

343 1856 556 1900 scrutato
581 1853 792 1914 ejusdem
819 1857 995 1901 sanctae
1018 1852 1227 1900 ecclesiae
1251 1852 1486 1900 Romanae
1519 1851 1694 1900 scrinio
1722 1852 1958 1915 permissu
1992 1855 2093 1916 ejus

345 1933 428 1998 qui
451 1951 580 1981 nunc
594 1934 611 1960 ³
634 1934 727 1997 ipsi
750 1935 957 1982 ecclesiae
981 1938 1155 1998 praeest
1178 1933 1405 1997 Gregorii
1429 1933 1688 1997 pontificis,
1707 1934 1907 1994 invenit,
1933 1952 2092 1983 rever-

350 800 456 837 Beda
476 803 617 839 thanks

398 2043 414 2066 ¹
442 2042 634 2095 Albinus]
683 2045 725 2083 A
763 2044 932 2097 disciple
978 2044 1025 2084 of
1055 2044 1188 2083 Arch-
1245 2057 1341 2083 men
1368 2043 1449 2083 tibi
1475 2043 1567 2082 vice
1595 2044 1941 2083 remunerationis
1974 2058 2092 2097 aeque

344 2098 492 2150 bishop
510 2098 760 2145 Theodorus,
782 2100 872 2139 who
891 2100 988 2138 died
1005 2099 1132 2139 abbot
1150 2099 1196 2138 of
1245 2099 1299 2138 ad
1327 2098 1707 2138 transscribendum
1735 2099 1954 2148 destinavi,
1981 2100 2092 2139 vide-

344 2154 415 2192 the
435 2157 670 2205 monastery
686 2154 731 2192 of
745 2154 817 2194 SS.
833 2155 959 2194 Peter
978 2154 1060 2194 and
1080 2153 1187 2193 Paul
1241 2154 1340 2192 licet
1365 2153 1471 2192 illud
1496 2153 1607 2204 quod
1635 2154 1686 2192 de
1713 2157 1922 2194 structura
1943 2155 2091 2207 templi

344 2212 391 2247 at
428 2207 699 2260 Canterbury.
760 2209 836 2248 See
882 2208 1003 2253 infra,
1042 2222 1082 2247 v.
1124 2220 1187 2247 20.
1242 2208 1467 2248 Salomonis
1499 2211 1626 2259 atque
1659 2207 1880 2260 allegorica
1912 2209 2003 2260 ejus
2032 2210 2091 2248 in·

343 2262 434 2301 The
471 2262 679 2314 following
717 2263 851 2308 letter,
889 2262 1109 2302 addressed
1145 2266 1189 2301 to
1242 2263 1540 2314 terpretatione
1577 2276 1710 2314 nuper
1748 2263 1873 2302 edidi.
1934 2264 2089 2315 Teque,

344 2317 434 2355 him
471 2317 527 2368 by
557 2317 672 2356 Beda
702 2317 745 2356 in
784 2318 994 2370 gratitude
1025 2318 1088 2357 for
1124 2317 1190 2356 his
1245 2317 1524 2356 amantissime
1552 2321 1682 2369 pater,
1707 2318 1880 2370 supplex
1910 2318 2090 2365 obsecro,

345 2371 444 2423 help
474 2371 653 2410 towards
681 2372 766 2411 this
799 2373 969 2424 history,
999 2372 1034 2411 is
1066 2371 1190 2424 given

345 2426 403 2477 by
443 2425 662 2471 MabiUou,
701 2426 859 2466 Vetera
905 2427 1122 2472 Analecta,
1160 2426 1188 2466 i.

346 2493 398 2533 9:
458 2485 468 2502 ‘
486 2480 848 2520 Desideratissimo
904 2486 947 2521 et
1000 2494 1191 2521 reveren-

345 2534 504 2574 tissimo
538 2535 649 2586 patri
687 2535 844 2575 Albino
882 2536 999 2575 Beda
1036 2535 1190 2575 Christi

346 2589 528 2628 famulus
543 2590 732 2630 salutem.
771 2590 1088 2631 Gratantissime
1104 2603 1189 2629 sus-

347 2643 437 2696 cepi
457 2644 702 2683 munuscula
727 2649 809 2684 tuae
835 2645 1076 2691 dilectionis,
1098 2658 1189 2696 quae

345 2711 420 2750 per
465 2699 743 2738 venerabilem
788 2700 957 2743 fratrem
1002 2703 1189 2740 nostrum

346 2752 619 2792 Nothelmum
680 2754 965 2806 presbyterum
1023 2755 1189 2795 mittere

347 2808 542 2859 dignatus
562 2821 616 2856 es,
637 2811 680 2847 et
702 2809 882 2848 maxime
909 2809 1069 2848 litteras
1098 2809 1187 2860 qui-

349 2862 425 2900 bus
443 2875 510 2901 me
530 2863 709 2901 secunda
729 2863 818 2902 vice
838 2863 883 2902 in
897 2863 1188 2903 Ecclesiastica

347 2916 484 2968 gentis
508 2922 658 2956 nostrae
677 2917 877 2965 Historia,
898 2918 951 2957 ad
977 2932 1102 2969 quam
1120 2931 1187 2956 me

347 2970 602 3010 scribendam
626 2972 871 3023 jamdudum
900 2973 1184 3024 instigaveras,

345 3025 488 3065 creber
507 3025 706 3077 adjuvare
728 3031 855 3078 atque
882 3027 1098 3066 instituere
1120 3041 1187 3066 cu·

346 3080 462 3120 rasti.
518 3080 694 3133 Propter
739 3082 850 3133 quod
889 3086 931 3121 et
975 3083 1063 3134 ipse
1109 3082 1187 3121 tibi

346 3134 574 3174 rectissime
617 3135 789 3175 eandem
824 3136 1054 3183 historiam,
1092 3149 1188 3176 mox

349 3192 398 3228 ut
426 3202 708 3229 consummare
733 3191 864 3242 potui,
893 3192 947 3231 ad
974 3192 1186 3230 transscri-

348 3243 531 3283 bendum
550 3245 702 3284 remisi.
763 3245 844 3285 Sed
870 3250 912 3285 et
931 3245 1055 3294 aliud,
1080 3246 1189 3298 quod

348 3302 393 3338 te
418 3299 573 3350 partim
603 3299 832 3340 desiderare
857 3301 1049 3354 comperi,
1077 3300 1189 3342 volu-

1245 2375 1294 2411 ut
1322 2385 1394 2424 pro
1422 2385 1515 2410 mea
1543 2372 1768 2423 fragilitate
1796 2386 1890 2411 cum
1919 2373 1984 2411 his
2017 2374 2089 2424 qui

1244 2431 1385 2466 tecum
1432 2430 1530 2465 sunt
1570 2426 1736 2466 famulis
1775 2427 1930 2467 Christi
1977 2427 2090 2479 apud

1245 2481 1361 2533 pium
1398 2481 1428 2521 J
1432 2481 1594 2520 udicem
1631 2481 1796 2520 sedulus
1833 2482 2088 2522 intercedere

1246 2536 1492 2583 memineris,
1512 2535 1584 2575 sed
1600 2539 1642 2574 et
1662 2549 1730 2575 eos
1750 2536 1803 2575 ad
1818 2549 1922 2587 quos
1942 2537 2088 2576 eadem

1246 2594 1386 2629 nostra
1423 2590 1621 2642 opuscula
1666 2591 1882 2642 pervenire
1926 2591 2083 2642 feceris,

1243 2645 1320 2684 hoc
1364 2644 1475 2684 idem
1520 2644 1653 2684 facere
1693 2646 1916 2684 monueris.
1972 2646 2087 2686 Bene

1244 2700 1348 2748 vale,
1372 2713 1532 2751 semper
1552 2700 1835 2769 ,amantissime
1859 2701 1904 2739 in
1923 2700 2087 2741 Christo

1243 2758 1617 2860 Ρῆξθέἱῖὲξῖξὲῗφΐὲιω]
1659 2809 1729 2848 He
1745 2823 1829 2849 was
1844 2809 2087 2850 afterwards

1242 2864 1487 2915 archbishop
1533 2864 1578 2903 of
1619 2864 1894 2916 Canterbury.
1960 2864 2085 2904 Bedae

1243 2918 1409 2957 Contin.
1429 2918 1483 2958 ad
1501 2932 1538 2958 a.
1561 2927 1607 2970 73
1615 2929 1652 2969 5.

1295 2974 1311 2997 3
1338 2974 1422 3025 ejas
1456 2974 1527 3025 qui
1572 2972 1702 3025 nunc]
1771 2972 1982 3025 ‘Gregory
2011 2973 2083 3012 III

1241 3028 1442 3067 ascended
1469 3028 1542 3067 the
1570 3029 1693 3080 papal
1720 3028 1868 3067 throne
1897 3040 1951 3067 on
1983 3028 2083 3067 18th

1242 3082 1500 3129 March‚A.D.
1513 3090 1585 3133 731
1599 3096 1608 3123 ι
1635 3083 1716 3122 and
1734 3095 1779 3121 as
1793 3082 1910 3130 Beda
1923 3081 2084 3122 alludes

1242 3140 1286 3176 to
1318 3141 1459 3177 events
1492 3138 1627 3177 which
1661 3136 1855 3176 occurred
1892 3149 1946 3175 on
1982 3137 2083 3176 10th

1242 3192 1356 3232 June
1394 3192 1579 3245 ensuing,
1620 3192 1703 3231 and
1740 3204 1785 3230 as
1822 3203 1933 3230 some
1969 3190 2082 3230 little

1243 3246 1423 3286 interval
1452 3260 1548 3298 may
1580 3247 1631 3286 be
1664 3245 1866 3298 supposed
1898 3249 1942 3284 to
1975 3245 2082 3285 have

1244 3301 1410 3355 elapsed
1436 3301 1623 3342 between
1662 3301 1735 3340 the
1765 3299 2011 3353 completion
2040 3300 2087 3339 of
