2216 3554
136 196 258 244 CAP.
282 187 420 264 xm]
713 205 729 209 “’
771 189 947 244 Genti-41
978 188 1264 256 Anylcrum.
1797 190 1894 248 239

136 331 366 390 Lindissi,
402 330 455 377 in
489 329 684 377 illarum
719 326 1078 391 provinciarum
1116 326 1351 390 regimine
1394 328 1674 390 permansit.
1749 330 1892 379 Ordi-

135 413 239 461 nati
286 418 401 461 sunt
448 417 610 460 autem
657 409 900 469 Eadhaed,
940 409 1082 469 Bosa,
1128 413 1178 457 et
1216 409 1344 456 Eata
1385 409 1598 457 Eboraci
1635 410 1697 457 ab
1739 412 1894 460 archi-

135 495 356 559 episcopo
379 495 656 543 Theodoro:
700 493 785 557 qui
802 492 947 541 etiam
970 495 1082 555 post
1105 496 1205 539 tres
1229 491 1544 540 abscessionis
1627 499 1727 537 [A-D-
1741 501 1814 538 681,

137 578 337 625 Vilfridi
375 594 538 635 annos,
574 577 748 624 horum
789 592 991 623 numero
1027 575 1149 622 duos
1191 574 1384 621 addidit
1426 573 1552 621 anti·
1618 553 1837 638 {ilghszznb}

137 660 287 719 stites,
335 656 664 707 Tunberctum
694 659 763 720 ¹ad
798 657 1046 706 ecclesiam
1090 656 1546 719 Hagustaldensem,
1587 651 1862 737 'gssffiffffiggd

135 748 414 790 remanente
449 741 574 790 Eata-
608 742 670 788 ad
706 740 1167 798 Lindisfarnensem,
1201 743 1250 787 et
1285 739 1546 786 Trumuini
1597 750 1846 787 constituted.

136 826 198 872 ad
235 825 531 887 provinciam
573 824 837 882 Pictorum,
875 840 982 886 quae
1023 827 1144 870 tunc
1191 821 1431 884 temporis
1473 821 1747 886 Anglorum
1789 831 1895 873 erat

136 907 342 969 imperio
378 907 605 970 subjecta.
677 905 993 953 Eadhaedum
1027 905 1086 953 de
1124 904 1342 952 Lindissi
1377 921 1639 964 reversum,
1673 922 1728 953 eo
1762 908 1895 971 quod

138 989 358 1038 AEdilred
382 988 679 1053 provinciam
703 988 974 1052 recepisset,
1001 986 1253 1051 Hrypensi
1279 986 1491 1035 ecclesiae
1519 988 1755 1051 praefecit.

855 1191 1002 1243 CAP.
1039 1192 1188 1243 XIII.

194 1319 245 1360 Ut
282 1320 443 1373 Vilsrid
469 1321 678 1374 episcopus
705 1320 963 1373 provinciam
990 1318 1258 1359 Australium
1286 1319 1499 1360 Saxonum
1528 1320 1587 1361 ad
1618 1319 1829 1364 Christum

889 1389 1135 1430 converterit.

207 1502 410 1550 PULSUS
446 1507 518 1550 est
553 1507 715 1550 autem
751 1501 812 1549 ab
849 1500 1131 1564 episcopatu
1174 1517 1259 1548 suo
1297 1500 1498 1560 Vilfrid,
1536 1506 1584 1550 et
1620 1502 1776 1551 multa
1810 1503 1896 1552 diu

136 1585 239 1632 loca
269 1588 571 1647 pervagatus,
606 1584 811 1631 Romam
843 1583 978 1641 adiit,
1010 1582 1308 1631 Brittaniam
1343 1584 1550 1643 rediit¹;
1624 1622 1827 1662 [A.D.681.]

137 1673 186 1714 et
222 1667 262 1714 si
295 1671 496 1730 propter
530 1666 811 1714 inimicitias
847 1666 1101 1713 memorati
1138 1665 1263 1728 regis
1300 1665 1353 1712 in
1388 1667 1550 1728 patria
1609 1678 1837 1714 conversion

136 1749 237 1795 sive
265 1748 491 1810 parochia
523 1765 608 1796 sua
642 1747 797 1810 recipi
832 1764 930 1794 non
963 1747 1139 1810 potuit,
1165 1764 1264 1794 non
1297 1753 1461 1795 tamen
1490 1749 1550 1795 ab
1571 1748 1573 1750 ’
1594 1729 1635 1763 of
1648 1728 1850 1820 ἶῗξξῖξὺγ

135 1836 498 1899 evangelizandi
529 1836 694 1899 potuit
718 1825 987 1884 ministerii)
1023 1835 1265 1884 cohiberi:
1304 1836 1546 1899 siquidem
1627 1826 1806 1862 wilfrith.

74 1980 84 1990 ,
135 1920 413 1967 divertens²
459 1919 520 1966 ad
578 1918 879 1982 provinciam
936 1919 1248 1966 Australium
1304 1918 1570 1979 Saxonum,
1619 1937 1727 1983 quae
1783 1927 1895 1984 post

136 2002 422 2051 Cantuarios
451 2003 512 2049 ad
540 2007 761 2050 austrum
794 2007 842 2049 et
871 2001 932 2048 ad
957 2001 1258 2049 occidentem
1282 2019 1438 2065 usque
1466 2003 1529 2050 ad
1560 2003 1895 2054 Occidentales

136 2085 352 2134 Saxones
387 2083 635 2148 pertingit,
672 2084 853 2132 habens
889 2091 1070 2133 terram
1106 2084 1406 2132 familiarum
1445 2091 1630 2148 septem
1666 2087 1892 2148 millium,

136 2175 184 2215 et
216 2184 271 2215 eo
302 2167 459 2215 adhuc
493 2168 712 2229 tempore
747 2167 950 2229 paganis
987 2167 1202 2215 cultibus
1236 2168 1477 2216 serviebat
1494 2185 1507 2228 ;
1545 2168 1660 2216 huic
1690 2171 1895 2219 verbum

135 2249 248 2298 fidei
283 2255 332 2297 et
365 2250 609 2296 lavacrum
645 2249 814 2296 salutis
850 2249 1178 2297 ministrabat.
1253 2250 1375 2297 Erat
1411 2255 1574 2298 autem
1610 2269 1697 2300 rex
1732 2255 1895 2316 gentis

136 2332 287 2394 ipsius
330 2331 610 2380 AEdilvalch
627 2332 656 2390 3,
694 2348 792 2378 non
839 2332 994 2380 multo
1037 2333 1183 2380 ante*
1224 2332 1502 2396 baptizatus
1550 2334 1605 2381 in
1645 2337 1895 2398 provincia

136 2414 443 2474 Merciorum,
467 2418 707 2477 praesente
734 2431 788 2461 ac
813 2420 1101 2477 suggerente
1137 2432 1251 2479 rege
1280 2416 1537 2476 Vulfhere,
1562 2435 1591 2465 a
1625 2435 1719 2481 quo
1746 2420 1895 2467 etiam

138 2513 356 2561 egressus
397 2497 456 2544 de
497 2497 645 2555 fonte,
687 2496 790 2544 loco
837 2496 927 2544 filii
970 2503 1224 2560 susceptus
1273 2503 1378 2546 est:
1427 2498 1479 2546 in
1521 2499 1657 2562 cujus
1699 2501 1894 2564 signum

137 2579 424 2642 adoptionis,
459 2578 580 2626 duas
620 2578 697 2626 1111
735 2579 1008 2641 provincias
1050 2580 1267 2639 donavit,
1310 2581 1516 2631 Vectam
1553 2582 1783 2651 videlicet
1820 2586 1894 2633 in-

138 2661 307 2720 sulam,
346 2664 396 2708 et
441 2660 846 2709 Meanuarorum⁶
886 2662 1187 2725 provinciam
1235 2662 1286 2710 in
1323 2669 1467 2726 gente
1507 2664 1893 2716 Occidentalium

191 2797 206 2820 ¹
236 2797 498 2838 Brittaniam
536 2797 682 2851 rediit]
719 2798 797 2838 See
834 2812 874 2839 V.
919 2809 981 2850 19,
1038 2800 1161 2852 again
1197 2799 1302 2840 with
1339 2799 1413 2841 the
1450 2800 1532 2841 loss
1579 2802 1628 2842 of
1663 2803 1745 2843 five
1784 2819 1891 2844 com-

139 2854 274 2893 where
322 2853 437 2891 Beda
481 2852 562 2891 fills
599 2866 655 2905 up
692 2854 807 2892 what
844 2854 984 2893 would
1039 2856 1225 2907 panions.

137 2908 354 2947 otherwise
380 2907 435 2946 be
461 2920 487 2946 a
513 2907 660 2947 lacuna
688 2908 732 2947 in
761 2906 984 2948 Wilfrith’s
1094 2909 1110 2933 ⁸
1136 2910 1397 2963 AEdilvalch]
1445 2912 1739 2960 AEthelwealh‚
1778 2914 1818 2954 S.
1832 2914 1890 2956 V.

137 2964 223 3003 life.
280 2963 357 3001 See
376 2966 447 3001 too
466 2961 598 3013 Lapp.
618 2962 644 3001 i.
673 2964 764 3013 185.
1038 2964 1307 3011 AEthelwald‚
1329 2967 1370 3006 S.
1391 2966 1544 3006 Ohron.

192 3017 208 3039 ²
237 3015 457 3068 divertens]
489 3017 690 3064 wilfrith,
713 3031 781 3057 see
808 3017 981 3067 Haedde‚
1094 3020 1109 3042 ¹
1135 3033 1216 3060 non
1254 3021 1381 3061 multo
1420 3022 1536 3074 ante]
1584 3033 1670 3062 A.D.
1709 3021 1803 3072 661,
1844 3024 1886 3064 S.

144 3085 206 3123 13,
224 3073 308 3111 had
328 3073 373 3111 in
393 3082 482 3110 Aa).
504 3069 598 3124 664,
620 3071 741 3111 when
768 3074 985 3126 returning
1039 3074 1191 3115 Chron.

136 3128 240 3167 from
281 3127 443 3174 Rome„
459 3126 563 3165 been
595 3127 785 3166 wrecked
822 3141 876 3167 on
912 3128 984 3167 the
1093 3130 1109 3153 ⁵
1138 3130 1483 3184 Meanuarorum]
1499 3131 1632 3171 Three
1647 3131 1693 3170 of
1700 3130 1771 3170 the
1783 3132 1890 3171 hun-

137 3185 251 3221 coast
277 3182 323 3221 of
346 3182 418 3220 the
445 3181 578 3221 South
597 3180 769 3230 Saxons,
791 3182 986 3222 attacked
1039 3183 1161 3224 dreds
1189 3186 1236 3225 of
1253 3186 1506 3238 Hampshire
1533 3199 1602 3224 are
1623 3190 1668 3225 to
1694 3185 1779 3225 this
1807 3187 1890 3240 day

137 3237 194 3291 by
214 3237 340 3283 them,
362 3235 444 3276 and
473 3235 638 3289 obliged
666 3241 709 3276 to
737 3241 815 3290 put
843 3241 887 3277 to
915 3251 986 3278 sea·
1040 3240 1174 3280 called
1213 3241 1476 3287 Meonstoke,
1510 3241 1768 3288 Westmeon,
1805 3244 1892 3283 and
