<?xml version="1.0" encoding="UTF-8"?>
<!DOCTYPE html PUBLIC "-//W3C//DTD XHTML 1.0 Transitional//EN"
    "http://www.w3.org/TR/xhtml1/DTD/xhtml1-transitional.dtd">
<html xmlns="http://www.w3.org/1999/xhtml" xml:lang="en" lang="en">
 <head>
  <title>
</title>
<meta http-equiv="Content-Type" content="text/html;charset=utf-8" />
  <meta name='ocr-system' content='tesseract 3.04.00' />
  <meta name='ocr-capabilities' content='ocr_page ocr_carea ocr_par ocr_line ocrx_word'/>
</head>
<body>
  <div class='ocr_page' id='page_1' title='image "./historiaecclesia00bedeuoft_0263.png"; bbox 0 0 2216 3554; ppageno 0'>
   <div class='ocr_carea' id='block_1_1' title="bbox 155 191 1902 261">
    <p class='ocr_par' dir='ltr' id='par_1_1' title="bbox 155 191 1902 261">
     <span class='ocr_line' id='line_1_1' title="bbox 155 191 1902 261; baseline -0.001 -16"><span class='ocrx_word' id='word_1_1' title='bbox 155 195 275 245; x_wconf 68' lang='lat' dir='ltr'>OAP.</span> <span class='ocrx_word' id='word_1_2' title='bbox 300 192 397 261; x_wconf 69' lang='grc' dir='ltr'><strong>[Χ]</strong></span> <span class='ocrx_word' id='word_1_3' title='bbox 802 192 968 241; x_wconf 76' lang='lat' dir='ltr'><strong>Gentis</strong></span> <span class='ocrx_word' id='word_1_4' title='bbox 1004 191 1289 254; x_wconf 71' lang='lat' dir='ltr'><strong>Anylorum.</strong></span> <span class='ocrx_word' id='word_1_5' title='bbox 1807 200 1902 246; x_wconf 88' lang='grc'><strong>231</strong></span> 
     </span>
    </p>
   </div>
   <div class='ocr_carea' id='block_1_2' title="bbox 151 324 1908 881">
    <p class='ocr_par' dir='ltr' id='par_1_2' title="bbox 151 324 1908 881">
     <span class='ocr_line' id='line_1_2' title="bbox 153 324 1907 390; baseline 0 -14"><span class='ocrx_word' id='word_1_6' title='bbox 153 345 265 376; x_wconf 90' lang='lat' dir='ltr'><strong>cum</strong></span> <span class='ocrx_word' id='word_1_7' title='bbox 287 344 348 376; x_wconf 88' lang='lat' dir='ltr'><strong>ne</strong></span> <span class='ocrx_word' id='word_1_8' title='bbox 371 326 527 375; x_wconf 86' lang='lat' dir='ltr'><strong>adhuc</strong></span> <span class='ocrx_word' id='word_1_9' title='bbox 555 326 751 390; x_wconf 85' lang='lat' dir='ltr'><strong>quidem</strong></span> <span class='ocrx_word' id='word_1_10' title='bbox 785 325 905 373; x_wconf 84' lang='lat' dir='ltr'><strong>talia</strong></span> <span class='ocrx_word' id='word_1_11' title='bbox 939 324 1159 388; x_wconf 78' lang='lat' dir='ltr'><strong>loquenti</strong></span> <span class='ocrx_word' id='word_1_12' title='bbox 1193 324 1449 387; x_wconf 81' lang='lat' dir='ltr'><strong>quisquam</strong></span> <span class='ocrx_word' id='word_1_13' title='bbox 1474 325 1798 387; x_wconf 73' lang='lat' dir='ltr'><strong>responderet,</strong></span> <span class='ocrx_word' id='word_1_14' title='bbox 1827 329 1907 376; x_wconf 93' lang='lat' dir='ltr'><strong>vel</strong></span> 
     </span>
     <span class='ocr_line' id='line_1_3' title="bbox 154 406 1906 472; baseline -0.001 -14"><span class='ocrx_word' id='word_1_15' title='bbox 154 410 408 458; x_wconf 83' lang='lat' dir='ltr'><strong>adsensum</strong></span> <span class='ocrx_word' id='word_1_16' title='bbox 441 410 691 472; x_wconf 87' lang='lat' dir='ltr'><strong>praeberet,</strong></span> <span class='ocrx_word' id='word_1_17' title='bbox 729 407 906 456; x_wconf 85' lang='lat' dir='ltr'><strong>iterum</strong></span> <span class='ocrx_word' id='word_1_18' title='bbox 943 407 1103 455; x_wconf 87' lang='lat' dir='ltr'><strong>dixit:</strong></span> <span class='ocrx_word' id='word_1_19' title='bbox 1160 411 1171 431; x_wconf 95' lang='lat'>‘</span> <span class='ocrx_word' id='word_1_20' title='bbox 1198 406 1461 455; x_wconf 78' lang='lat' dir='ltr'><strong>Accendite</strong></span> <span class='ocrx_word' id='word_1_21' title='bbox 1502 423 1616 469; x_wconf 85' lang='lat' dir='ltr'><strong>ergo</strong></span> <span class='ocrx_word' id='word_1_22' title='bbox 1659 408 1906 456; x_wconf 89' lang='lat' dir='ltr'><strong>lucernam</strong></span> 
     </span>
     <span class='ocr_line' id='line_1_4' title="bbox 152 488 1904 555; baseline 0 -16"><span class='ocrx_word' id='word_1_23' title='bbox 152 492 303 550; x_wconf 90' lang='lat' dir='ltr'><strong>illam,</strong></span> <span class='ocrx_word' id='word_1_24' title='bbox 328 509 471 555; x_wconf 88' lang='lat' dir='ltr'><strong>quam</strong></span> <span class='ocrx_word' id='word_1_25' title='bbox 496 490 579 538; x_wconf 92' lang='lat' dir='ltr'><strong>diu</strong></span> <span class='ocrx_word' id='word_1_26' title='bbox 603 490 752 539; x_wconf 90' lang='lat' dir='ltr'><strong>vultis</strong></span> <span class='ocrx_word' id='word_1_27' title='bbox 770 506 785 550; x_wconf 79' lang='lat'>3</span> <span class='ocrx_word' id='word_1_28' title='bbox 821 495 1037 537; x_wconf 75' lang='lat' dir='ltr'><strong>attamen</strong></span> <span class='ocrx_word' id='word_1_29' title='bbox 1062 489 1231 537; x_wconf 84' lang='lat' dir='ltr'><strong>scitote</strong></span> <span class='ocrx_word' id='word_1_30' title='bbox 1254 488 1371 551; x_wconf 86' lang='lat' dir='ltr'><strong>quia</strong></span> <span class='ocrx_word' id='word_1_31' title='bbox 1394 506 1491 536; x_wconf 90' lang='lat' dir='ltr'><strong>non</strong></span> <span class='ocrx_word' id='word_1_32' title='bbox 1517 495 1591 537; x_wconf 90' lang='lat' dir='ltr'><strong>est</strong></span> <span class='ocrx_word' id='word_1_33' title='bbox 1615 507 1722 538; x_wconf 89' lang='lat' dir='ltr'><strong>mea</strong></span> <span class='ocrx_word' id='word_1_34' title='bbox 1742 508 1751 537; x_wconf 75' lang='grc' dir='ltr'>ε</span> <span class='ocrx_word' id='word_1_35' title='bbox 1792 508 1904 539; x_wconf 91' lang='lat' dir='ltr'><strong>nam</strong></span> 
     </span>
     <span class='ocr_line' id='line_1_5' title="bbox 154 571 1906 636; baseline 0 -14"><span class='ocrx_word' id='word_1_36' title='bbox 154 591 260 622; x_wconf 88' lang='lat' dir='ltr'><strong>mea</strong></span> <span class='ocrx_word' id='word_1_37' title='bbox 305 574 406 633; x_wconf 84' lang='lat' dir='ltr'><strong>lux,</strong></span> <span class='ocrx_word' id='word_1_38' title='bbox 442 572 700 636; x_wconf 85' lang='lat' dir='ltr'><strong>incipiente</strong></span> <span class='ocrx_word' id='word_1_39' title='bbox 749 589 936 631; x_wconf 86' lang='lat' dir='ltr'><strong>aurora,</strong></span> <span class='ocrx_word' id='word_1_40' title='bbox 974 571 1097 619; x_wconf 91' lang='lat' dir='ltr'><strong>mihi</strong></span> <span class='ocrx_word' id='word_1_41' title='bbox 1145 571 1414 620; x_wconf 86' lang='lat' dir='ltr'><strong>adventura</strong></span> <span class='ocrx_word' id='word_1_42' title='bbox 1461 571 1564 620; x_wconf 87' lang='lat' dir='ltr'><strong>est.’</strong></span> <span class='ocrx_word' id='word_1_43' title='bbox 1650 572 1906 636; x_wconf 83' lang='lat' dir='ltr'><strong>Coepitque</strong></span> 
     </span>
     <span class='ocr_line' id='line_1_6' title="bbox 152 653 1906 719; baseline -0.001 -16"><span class='ocrx_word' id='word_1_44' title='bbox 152 670 350 705; x_wconf 86' lang='lat' dir='ltr'><strong>narrare</strong></span> <span class='ocrx_word' id='word_1_45' title='bbox 385 655 498 719; x_wconf 90' lang='lat' dir='ltr'><strong>quia</strong></span> <span class='ocrx_word' id='word_1_46' title='bbox 533 654 811 718; x_wconf 85' lang='lat' dir='ltr'><strong>apparuerit</strong></span> <span class='ocrx_word' id='word_1_47' title='bbox 853 654 948 702; x_wconf 82' lang='lat' dir='ltr'><strong>sibi</strong></span> <span class='ocrx_word' id='word_1_48' title='bbox 983 654 1185 717; x_wconf 86' lang='lat' dir='ltr'><strong>quidam</strong></span> <span class='ocrx_word' id='word_1_49' title='bbox 1214 654 1294 702; x_wconf 89' lang='lat' dir='ltr'><strong>vir</strong></span> <span class='ocrx_word' id='word_1_50' title='bbox 1322 653 1417 701; x_wconf 92' lang='lat' dir='ltr'><strong>Dei</strong></span> <span class='ocrx_word' id='word_1_51' title='bbox 1454 654 1539 718; x_wconf 92' lang='lat' dir='ltr'><strong>qui</strong></span> <span class='ocrx_word' id='word_1_52' title='bbox 1575 655 1743 703; x_wconf 85' lang='lat' dir='ltr'><strong>eodem</strong></span> <span class='ocrx_word' id='word_1_53' title='bbox 1778 671 1906 702; x_wconf 86' lang='lat' dir='ltr'><strong>anno</strong></span> 
     </span>
     <span class='ocr_line' id='line_1_7' title="bbox 151 736 1908 800; baseline -0.001 -14"><span class='ocrx_word' id='word_1_54' title='bbox 151 739 309 787; x_wconf 86' lang='lat' dir='ltr'><strong>fuerat</strong></span> <span class='ocrx_word' id='word_1_55' title='bbox 332 738 599 796; x_wconf 86' lang='lat' dir='ltr'><strong>defunctus,</strong></span> <span class='ocrx_word' id='word_1_56' title='bbox 619 737 781 784; x_wconf 89' lang='lat' dir='ltr'><strong>dicens</strong></span> <span class='ocrx_word' id='word_1_57' title='bbox 799 736 931 799; x_wconf 89' lang='lat' dir='ltr'><strong>quod</strong></span> <span class='ocrx_word' id='word_1_58' title='bbox 955 736 1241 785; x_wconf 85' lang='lat' dir='ltr'><strong>adveniente</strong></span> <span class='ocrx_word' id='word_1_59' title='bbox 1260 737 1475 785; x_wconf 89' lang='lat' dir='ltr'><strong>diluculo</strong></span> <span class='ocrx_word' id='word_1_60' title='bbox 1493 754 1756 800; x_wconf 89' lang='lat' dir='ltr'><strong>perennem</strong></span> <span class='ocrx_word' id='word_1_61' title='bbox 1781 742 1908 785; x_wconf 87' lang='lat' dir='ltr'><strong>esset</strong></span> 
     </span>
     <span class='ocr_line' id='line_1_8' title="bbox 152 819 1906 881; baseline -0.001 -12"><span class='ocrx_word' id='word_1_62' title='bbox 152 821 346 870; x_wconf 85' lang='lat' dir='ltr'><strong>exitura</strong></span> <span class='ocrx_word' id='word_1_63' title='bbox 369 820 431 868; x_wconf 79' lang='lat' dir='ltr'><strong>ad</strong></span> <span class='ocrx_word' id='word_1_64' title='bbox 454 821 620 867; x_wconf 89' lang='lat' dir='ltr'><strong>lucem.</strong></span> <span class='ocrx_word' id='word_1_65' title='bbox 690 819 840 881; x_wconf 83' lang='lat' dir='ltr'><strong>Cujus</strong></span> <span class='ocrx_word' id='word_1_66' title='bbox 862 819 1045 868; x_wconf 85' lang='lat' dir='ltr'><strong>veritas</strong></span> <span class='ocrx_word' id='word_1_67' title='bbox 1065 819 1264 868; x_wconf 83' lang='lat' dir='ltr'><strong>visionis</strong></span> <span class='ocrx_word' id='word_1_68' title='bbox 1289 820 1386 868; x_wconf 79' lang='lat' dir='ltr'><strong>elta</strong></span> <span class='ocrx_word' id='word_1_69' title='bbox 1408 819 1535 869; x_wconf 87' lang='lat' dir='ltr'><strong>eirca</strong></span> <span class='ocrx_word' id='word_1_70' title='bbox 1558 823 1781 869; x_wconf 87' lang='lat' dir='ltr'><strong>exortum</strong></span> <span class='ocrx_word' id='word_1_71' title='bbox 1807 819 1906 868; x_wconf 90' lang='lat' dir='ltr'><strong>diei</strong></span> 
     </span>
    </p>
   </div>
   <div class='ocr_carea' id='block_1_3' title="bbox 149 902 830 969">
    <p class='ocr_par' dir='ltr' id='par_1_3' title="bbox 149 902 830 969">
     <span class='ocr_line' id='line_1_9' title="bbox 149 902 830 969; baseline -0.001 -17"><span class='ocrx_word' id='word_1_72' title='bbox 149 904 322 969; x_wconf 89' lang='lat' dir='ltr'><strong>puellae</strong></span> <span class='ocrx_word' id='word_1_73' title='bbox 345 908 498 952; x_wconf 89' lang='lat' dir='ltr'><strong>morte</strong></span> <span class='ocrx_word' id='word_1_74' title='bbox 521 902 722 966; x_wconf 83' lang='lat' dir='ltr'><strong>probata</strong></span> <span class='ocrx_word' id='word_1_75' title='bbox 744 905 830 951; x_wconf 87' lang='lat' dir='ltr'><strong>est.</strong></span> 
     </span>
    </p>
   </div>
   <div class='ocr_carea' id='block_1_4' title="bbox 888 1146 1164 1197">
    <p class='ocr_par' dir='ltr' id='par_1_4' title="bbox 888 1146 1164 1197">
     <span class='ocr_line' id='line_1_10' title="bbox 888 1146 1164 1197; baseline 0.004 -1"><span class='ocrx_word' id='word_1_76' title='bbox 888 1146 1037 1197; x_wconf 79' lang='lat' dir='ltr'>GAP.</span> <span class='ocrx_word' id='word_1_77' title='bbox 1074 1146 1164 1197; x_wconf 80' lang='lat' dir='ltr'><strong>IX.</strong></span> 
     </span>
    </p>
   </div>
   <div class='ocr_carea' id='block_1_5' title="bbox 180 1280 1877 1391">
    <p class='ocr_par' dir='ltr' id='par_1_5' title="bbox 180 1280 1877 1391">
     <span class='ocr_line' id='line_1_11' title="bbox 180 1280 1877 1335; baseline 0.001 -15"><span class='ocrx_word' id='word_1_78' title='bbox 180 1280 278 1329; x_wconf 75' lang='lat' dir='ltr'><strong>Quoe</strong></span> <span class='ocrx_word' id='word_1_79' title='bbox 307 1281 392 1323; x_wconf 76' lang='lat' dir='ltr'><strong>sint</strong></span> <span class='ocrx_word' id='word_1_80' title='bbox 419 1287 573 1322; x_wconf 76' lang='lat' dir='ltr'><strong>ostensa</strong></span> <span class='ocrx_word' id='word_1_81' title='bbox 601 1282 757 1323; x_wconf 71' lang='lat' dir='ltr'><strong>coelitus</strong></span> <span class='ocrx_word' id='word_1_82' title='bbox 784 1282 907 1335; x_wconf 67' lang='lat' dir='ltr'><strong>siqua</strong></span> <span class='ocrx_word' id='word_1_83' title='bbox 935 1295 1026 1322; x_wconf 82' lang='lat' dir='ltr'><strong>cum</strong></span> <span class='ocrx_word' id='word_1_84' title='bbox 1054 1284 1092 1321; x_wconf 77' lang='lat' dir='ltr'><strong>et</strong></span> <span class='ocrx_word' id='word_1_85' title='bbox 1120 1282 1213 1333; x_wconf 71' lang='lat' dir='ltr'><strong>ipsa</strong></span> <span class='ocrx_word' id='word_1_86' title='bbox 1242 1284 1375 1322; x_wconf 79' lang='lat' dir='ltr'><strong>mater</strong></span> <span class='ocrx_word' id='word_1_87' title='bbox 1402 1280 1728 1335; x_wconf 66' lang='lat' dir='ltr'><strong>conareyationis</strong></span> <span class='ocrx_word' id='word_1_88' title='bbox 1757 1281 1877 1323; x_wconf 78' lang='lat' dir='ltr'><strong>illius</strong></span> 
     </span>
     <span class='ocr_line' id='line_1_12' title="bbox 801 1351 1241 1391; baseline 0 0"><span class='ocrx_word' id='word_1_89' title='bbox 801 1363 821 1390; x_wconf 90' lang='lat' dir='ltr'><strong>e</strong></span> <span class='ocrx_word' id='word_1_90' title='bbox 848 1352 1002 1391; x_wconf 77' lang='lat' dir='ltr'><strong>mundo</strong></span> <span class='ocrx_word' id='word_1_91' title='bbox 1030 1351 1241 1391; x_wconf 77' lang='lat' dir='ltr'><strong>transiret.</strong></span> 
     </span>
    </p>
   </div>
   <div class='ocr_carea' id='block_1_6' title="bbox 135 1482 1900 3112">
    <p class='ocr_par' dir='ltr' id='par_1_6' title="bbox 135 1482 1900 3112">
     <span class='ocr_line' id='line_1_13' title="bbox 214 1482 1900 1549; baseline 0.001 -17"><span class='ocrx_word' id='word_1_92' title='bbox 214 1483 336 1532; x_wconf 79' lang='lat' dir='ltr'><strong>CUM</strong></span> <span class='ocrx_word' id='word_1_93' title='bbox 380 1487 544 1532; x_wconf 85' lang='lat' dir='ltr'><strong>autem</strong></span> <span class='ocrx_word' id='word_1_94' title='bbox 589 1489 639 1532; x_wconf 91' lang='lat' dir='ltr'><strong>et</strong></span> <span class='ocrx_word' id='word_1_95' title='bbox 685 1482 790 1547; x_wconf 90' lang='lat' dir='ltr'><strong>ipsa</strong></span> <span class='ocrx_word' id='word_1_96' title='bbox 836 1489 991 1532; x_wconf 89' lang='lat' dir='ltr'><strong>mater</strong></span> <span class='ocrx_word' id='word_1_97' title='bbox 1026 1482 1108 1546; x_wconf 88' lang='lat' dir='ltr'><strong>pia</strong></span> <span class='ocrx_word' id='word_1_98' title='bbox 1144 1483 1250 1531; x_wconf 92' lang='lat' dir='ltr'><strong>Deo</strong></span> <span class='ocrx_word' id='word_1_99' title='bbox 1286 1483 1479 1532; x_wconf 88' lang='lat' dir='ltr'><strong>devotae</strong></span> <span class='ocrx_word' id='word_1_100' title='bbox 1515 1483 1900 1549; x_wconf 82' lang='lat' dir='ltr'><strong>congregationis</strong></span> 
     </span>
     <span class='ocr_line' id='line_1_14' title="bbox 144 1566 1874 1650; baseline 0.002 -38"><span class='ocrx_word' id='word_1_101' title='bbox 144 1566 434 1629; x_wconf 82' lang='lat' dir='ltr'><strong>AEdilburga.</strong></span> <span class='ocrx_word' id='word_1_102' title='bbox 467 1570 592 1614; x_wconf 87' lang='lat' dir='ltr'><strong>esset</strong></span> <span class='ocrx_word' id='word_1_103' title='bbox 619 1566 852 1629; x_wconf 87' lang='lat' dir='ltr'><strong>rapienda</strong></span> <span class='ocrx_word' id='word_1_104' title='bbox 875 1566 935 1621; x_wconf 86' lang='lat' dir='ltr'><strong>de</strong></span> <span class='ocrx_word' id='word_1_105' title='bbox 959 1566 1156 1626; x_wconf 89' lang='lat' dir='ltr'><strong>mundo,</strong></span> <span class='ocrx_word' id='word_1_106' title='bbox 1182 1566 1409 1630; x_wconf 86' lang='lat' dir='ltr'><strong>apparuit</strong></span> <span class='ocrx_word' id='word_1_107' title='bbox 1434 1566 1556 1615; x_wconf 91' lang='lat' dir='ltr'><strong>visio</strong></span> <span class='ocrx_word' id='word_1_108' title='bbox 1594 1607 1818 1650; x_wconf 78' lang='lat' dir='ltr'><strong>3.Mira01es</strong></span> <span class='ocrx_word' id='word_1_109' title='bbox 1833 1609 1874 1642; x_wconf 77' lang='lat' dir='ltr'><strong>at</strong></span> 
     </span>
     <span class='ocr_line' id='line_1_15' title="bbox 143 1647 1862 1708; baseline 0.002 -13"><span class='ocrx_word' id='word_1_110' title='bbox 143 1647 364 1695; x_wconf 85' lang='lat' dir='ltr'><strong>miranda</strong></span> <span class='ocrx_word' id='word_1_111' title='bbox 410 1648 603 1696; x_wconf 85' lang='lat' dir='ltr'><strong>cuidam</strong></span> <span class='ocrx_word' id='word_1_112' title='bbox 658 1648 717 1696; x_wconf 90' lang='lat' dir='ltr'><strong>de</strong></span> <span class='ocrx_word' id='word_1_113' title='bbox 775 1648 1034 1708; x_wconf 87' lang='lat' dir='ltr'><strong>sororibus,</strong></span> <span class='ocrx_word' id='word_1_114' title='bbox 1085 1649 1164 1696; x_wconf 92' lang='lat' dir='ltr'><strong>cui</strong></span> <span class='ocrx_word' id='word_1_115' title='bbox 1222 1666 1398 1697; x_wconf 88' lang='lat' dir='ltr'><strong>nomen</strong></span> <span class='ocrx_word' id='word_1_116' title='bbox 1450 1654 1555 1697; x_wconf 87' lang='lat' dir='ltr'><strong>erat</strong></span> <span class='ocrx_word' id='word_1_117' title='bbox 1604 1658 1672 1692; x_wconf 77' lang='lat' dir='ltr'><strong>the</strong></span> <span class='ocrx_word' id='word_1_118' title='bbox 1689 1657 1806 1692; x_wconf 76' lang='lat' dir='ltr'><strong>death</strong></span> <span class='ocrx_word' id='word_1_119' title='bbox 1821 1657 1862 1692; x_wconf 81' lang='lat' dir='ltr'><strong>of</strong></span> 
     </span>
     <span class='ocr_line' id='line_1_16' title="bbox 142 1706 1858 1796; baseline 0.002 -20"><span class='ocrx_word' id='word_1_120' title='bbox 142 1730 399 1793; x_wconf 84' lang='lat' dir='ltr'><strong>Torctgyd,</strong></span> <span class='ocrx_word' id='word_1_121' title='bbox 431 1747 539 1793; x_wconf 86' lang='lat' dir='ltr'><strong>quae</strong></span> <span class='ocrx_word' id='word_1_122' title='bbox 574 1730 744 1796; x_wconf 86' lang='lat' dir='ltr'><strong>multis</strong></span> <span class='ocrx_word' id='word_1_123' title='bbox 774 1732 875 1793; x_wconf 87' lang='lat' dir='ltr'><strong>jam</strong></span> <span class='ocrx_word' id='word_1_124' title='bbox 911 1731 1050 1778; x_wconf 86' lang='lat' dir='ltr'><strong>annis</strong></span> <span class='ocrx_word' id='word_1_125' title='bbox 1090 1730 1144 1778; x_wconf 92' lang='lat' dir='ltr'><strong>in</strong></span> <span class='ocrx_word' id='word_1_126' title='bbox 1186 1731 1352 1779; x_wconf 90' lang='lat' dir='ltr'><strong>eodem</strong></span> <span class='ocrx_word' id='word_1_127' title='bbox 1389 1747 1551 1779; x_wconf 90' lang='lat' dir='ltr'><strong>mona-</strong></span> <span class='ocrx_word' id='word_1_128' title='bbox 1602 1706 1858 1748; x_wconf 79' lang='lat' dir='ltr'><strong>AEthelberge.</strong></span> 
     </span>
     <span class='ocr_line' id='line_1_17' title="bbox 142 1811 1897 1876; baseline -0.001 -16"><span class='ocrx_word' id='word_1_129' title='bbox 142 1811 288 1860; x_wconf 81' lang='lat' dir='ltr'><strong>sterio</strong></span> <span class='ocrx_word' id='word_1_130' title='bbox 313 1819 619 1872; x_wconf 86' lang='lat' dir='ltr'><strong>commorata,</strong></span> <span class='ocrx_word' id='word_1_131' title='bbox 647 1819 695 1860; x_wconf 91' lang='lat' dir='ltr'><strong>et</strong></span> <span class='ocrx_word' id='word_1_132' title='bbox 720 1813 827 1876; x_wconf 84' lang='lat' dir='ltr'><strong>ipsa</strong></span> <span class='ocrx_word' id='word_1_133' title='bbox 861 1830 1050 1876; x_wconf 83' lang='lat' dir='ltr'><strong>semper</strong></span> <span class='ocrx_word' id='word_1_134' title='bbox 1074 1812 1125 1860; x_wconf 87' lang='lat' dir='ltr'><strong>in</strong></span> <span class='ocrx_word' id='word_1_135' title='bbox 1149 1813 1282 1861; x_wconf 92' lang='lat' dir='ltr'><strong>omni</strong></span> <span class='ocrx_word' id='word_1_136' title='bbox 1314 1813 1595 1862; x_wconf 87' lang='lat' dir='ltr'><strong>humilitate</strong></span> <span class='ocrx_word' id='word_1_137' title='bbox 1619 1830 1674 1861; x_wconf 88' lang='lat' dir='ltr'><strong>ac</strong></span> <span class='ocrx_word' id='word_1_138' title='bbox 1699 1812 1897 1862; x_wconf 87' lang='lat' dir='ltr'><strong>sinceri-</strong></span> 
     </span>
     <span class='ocr_line' id='line_1_18' title="bbox 140 1893 1897 1959; baseline -0.001 -17"><span class='ocrx_word' id='word_1_139' title='bbox 140 1898 241 1942; x_wconf 80' lang='lat' dir='ltr'><strong>tate</strong></span> <span class='ocrx_word' id='word_1_140' title='bbox 258 1893 364 1942; x_wconf 89' lang='lat' dir='ltr'><strong>Deo</strong></span> <span class='ocrx_word' id='word_1_141' title='bbox 389 1894 568 1943; x_wconf 88' lang='lat' dir='ltr'><strong>servire</strong></span> <span class='ocrx_word' id='word_1_142' title='bbox 594 1897 856 1958; x_wconf 84' lang='lat' dir='ltr'><strong>satagebat,</strong></span> <span class='ocrx_word' id='word_1_143' title='bbox 878 1901 927 1944; x_wconf 89' lang='lat' dir='ltr'><strong>et</strong></span> <span class='ocrx_word' id='word_1_144' title='bbox 950 1895 1167 1958; x_wconf 83' lang='lat' dir='ltr'><strong>adjutrix</strong></span> <span class='ocrx_word' id='word_1_145' title='bbox 1191 1896 1461 1958; x_wconf 88' lang='lat' dir='ltr'><strong>disciplinae</strong></span> <span class='ocrx_word' id='word_1_146' title='bbox 1482 1895 1716 1959; x_wconf 81' lang='lat' dir='ltr'><strong>regularis</strong></span> <span class='ocrx_word' id='word_1_147' title='bbox 1740 1895 1897 1944; x_wconf 88' lang='lat' dir='ltr'><strong>eidem</strong></span> 
     </span>
     <span class='ocr_line' id='line_1_19' title="bbox 139 1975 1898 2041; baseline 0.001 -19"><span class='ocrx_word' id='word_1_148' title='bbox 139 1975 287 2023; x_wconf 88' lang='lat' dir='ltr'><strong>matri</strong></span> <span class='ocrx_word' id='word_1_149' title='bbox 313 1976 533 2037; x_wconf 85' lang='lat' dir='ltr'><strong>existere,</strong></span> <span class='ocrx_word' id='word_1_150' title='bbox 559 1977 770 2025; x_wconf 89' lang='lat' dir='ltr'><strong>minores</strong></span> <span class='ocrx_word' id='word_1_151' title='bbox 806 1978 1020 2026; x_wconf 86' lang='lat' dir='ltr'><strong>docendo</strong></span> <span class='ocrx_word' id='word_1_152' title='bbox 1044 1978 1121 2026; x_wconf 92' lang='lat' dir='ltr'><strong>vel</strong></span> <span class='ocrx_word' id='word_1_153' title='bbox 1154 1978 1436 2041; x_wconf 85' lang='lat' dir='ltr'><strong>castigando</strong></span> <span class='ocrx_word' id='word_1_154' title='bbox 1460 1979 1673 2026; x_wconf 85' lang='lat' dir='ltr'><strong>curabat.</strong></span> <span class='ocrx_word' id='word_1_155' title='bbox 1747 1977 1898 2039; x_wconf 85' lang='lat' dir='ltr'><strong>Cujus</strong></span> 
     </span>
     <span class='ocr_line' id='line_1_20' title="bbox 140 2058 1897 2123; baseline 0.002 -18"><span class='ocrx_word' id='word_1_156' title='bbox 140 2063 198 2106; x_wconf 81' lang='lat' dir='ltr'><strong>ut</strong></span> <span class='ocrx_word' id='word_1_157' title='bbox 226 2058 382 2107; x_wconf 78' lang='lat' dir='ltr'><strong>virtus</strong></span> <span class='ocrx_word' id='word_1_158' title='bbox 412 2060 555 2121; x_wconf 80' lang='lat' dir='ltr'><strong>juxta</strong></span> <span class='ocrx_word' id='word_1_159' title='bbox 589 2059 863 2122; x_wconf 87' lang='lat' dir='ltr'><strong>apostolum</strong></span> <span class='ocrx_word' id='word_1_160' title='bbox 898 2059 952 2107; x_wconf 88' lang='lat' dir='ltr'><strong>in</strong></span> <span class='ocrx_word' id='word_1_161' title='bbox 980 2060 1261 2108; x_wconf 87' lang='lat' dir='ltr'><strong>infirmitate</strong></span> <span class='ocrx_word' id='word_1_162' title='bbox 1296 2060 1623 2123; x_wconf 88' lang='lat' dir='ltr'><strong>perficeretur,</strong></span> <span class='ocrx_word' id='word_1_163' title='bbox 1659 2063 1789 2108; x_wconf 89' lang='lat' dir='ltr'><strong>tacta</strong></span> <span class='ocrx_word' id='word_1_164' title='bbox 1824 2066 1897 2107; x_wconf 85' lang='lat' dir='ltr'><strong>est</strong></span> 
     </span>
     <span class='ocr_line' id='line_1_21' title="bbox 139 2140 1895 2206; baseline 0.002 -21"><span class='ocrx_word' id='word_1_165' title='bbox 139 2143 339 2201; x_wconf 90' lang='lat' dir='ltr'><strong>repente</strong></span> <span class='ocrx_word' id='word_1_166' title='bbox 384 2140 667 2202; x_wconf 83' lang='lat' dir='ltr'><strong>gravissimo</strong></span> <span class='ocrx_word' id='word_1_167' title='bbox 715 2141 928 2204; x_wconf 86' lang='lat' dir='ltr'><strong>eorporis</strong></span> <span class='ocrx_word' id='word_1_168' title='bbox 976 2142 1160 2201; x_wconf 89' lang='lat' dir='ltr'><strong>morbo,</strong></span> <span class='ocrx_word' id='word_1_169' title='bbox 1197 2147 1246 2190; x_wconf 89' lang='lat' dir='ltr'><strong>et</strong></span> <span class='ocrx_word' id='word_1_170' title='bbox 1291 2158 1380 2205; x_wconf 91' lang='lat' dir='ltr'><strong>per</strong></span> <span class='ocrx_word' id='word_1_171' title='bbox 1415 2158 1564 2190; x_wconf 89' lang='lat' dir='ltr'><strong>annos</strong></span> <span class='ocrx_word' id='word_1_172' title='bbox 1602 2159 1778 2191; x_wconf 91' lang='lat' dir='ltr'><strong>novem</strong></span> <span class='ocrx_word' id='word_1_173' title='bbox 1813 2142 1895 2206; x_wconf 84' lang='lat' dir='ltr'><strong>pia</strong></span> 
     </span>
     <span class='ocr_line' id='line_1_22' title="bbox 141 2220 1895 2288; baseline 0.002 -20"><span class='ocrx_word' id='word_1_174' title='bbox 141 2220 480 2284; x_wconf 86' lang='lat' dir='ltr'><strong>Redemptoris</strong></span> <span class='ocrx_word' id='word_1_175' title='bbox 524 2223 680 2271; x_wconf 88' lang='lat' dir='ltr'><strong>nostri</strong></span> <span class='ocrx_word' id='word_1_176' title='bbox 727 2224 1005 2286; x_wconf 87' lang='lat' dir='ltr'><strong>provisione</strong></span> <span class='ocrx_word' id='word_1_177' title='bbox 1052 2225 1263 2272; x_wconf 91' lang='lat' dir='ltr'><strong>multum</strong></span> <span class='ocrx_word' id='word_1_178' title='bbox 1304 2224 1540 2288; x_wconf 84' lang='lat' dir='ltr'><strong>fatigata:</strong></span> <span class='ocrx_word' id='word_1_179' title='bbox 1577 2224 1802 2273; x_wconf 89' lang='lat' dir='ltr'><strong>videlicet</strong></span> <span class='ocrx_word' id='word_1_180' title='bbox 1837 2229 1895 2272; x_wconf 91' lang='lat' dir='ltr'><strong>ut</strong></span> 
     </span>
     <span class='ocr_line' id='line_1_23' title="bbox 140 2303 1894 2370; baseline 0.003 -20"><span class='ocrx_word' id='word_1_181' title='bbox 140 2303 372 2367; x_wconf 88' lang='lat' dir='ltr'><strong>quicquid</strong></span> <span class='ocrx_word' id='word_1_182' title='bbox 406 2304 460 2352; x_wconf 90' lang='lat' dir='ltr'><strong>in</strong></span> <span class='ocrx_word' id='word_1_183' title='bbox 492 2322 548 2354; x_wconf 87' lang='lat' dir='ltr'><strong>ea</strong></span> <span class='ocrx_word' id='word_1_184' title='bbox 579 2306 689 2354; x_wconf 88' lang='lat' dir='ltr'><strong>vitii</strong></span> <span class='ocrx_word' id='word_1_185' title='bbox 725 2306 1019 2355; x_wconf 85' lang='lat' dir='ltr'><strong>sordidantis</strong></span> <span class='ocrx_word' id='word_1_186' title='bbox 1051 2307 1181 2355; x_wconf 91' lang='lat' dir='ltr'><strong>inter</strong></span> <span class='ocrx_word' id='word_1_187' title='bbox 1208 2307 1420 2356; x_wconf 83' lang='lat' dir='ltr'><strong>virtutes</strong></span> <span class='ocrx_word' id='word_1_188' title='bbox 1454 2324 1541 2370; x_wconf 91' lang='lat' dir='ltr'><strong>per</strong></span> <span class='ocrx_word' id='word_1_189' title='bbox 1567 2307 1894 2370; x_wconf 82' lang='lat' dir='ltr'><strong>ignorantiam</strong></span> 
     </span>
     <span class='ocr_line' id='line_1_24' title="bbox 139 2385 1893 2449; baseline 0.003 -16"><span class='ocrx_word' id='word_1_190' title='bbox 139 2385 218 2433; x_wconf 91' lang='lat' dir='ltr'><strong>vel</strong></span> <span class='ocrx_word' id='word_1_191' title='bbox 244 2385 478 2435; x_wconf 85' lang='lat' dir='ltr'><strong>incuriam</strong></span> <span class='ocrx_word' id='word_1_192' title='bbox 502 2388 772 2449; x_wconf 86' lang='lat' dir='ltr'><strong>resedisset,</strong></span> <span class='ocrx_word' id='word_1_193' title='bbox 789 2392 951 2437; x_wconf 85' lang='lat' dir='ltr'><strong>totum</strong></span> <span class='ocrx_word' id='word_1_194' title='bbox 975 2389 1066 2437; x_wconf 84' lang='lat' dir='ltr'><strong>hoc</strong></span> <span class='ocrx_word' id='word_1_195' title='bbox 1090 2389 1307 2438; x_wconf 86' lang='lat' dir='ltr'><strong>caminus</strong></span> <span class='ocrx_word' id='word_1_196' title='bbox 1331 2389 1535 2437; x_wconf 86' lang='lat' dir='ltr'><strong>diutinae</strong></span> <span class='ocrx_word' id='word_1_197' title='bbox 1558 2390 1893 2438; x_wconf 85' lang='lat' dir='ltr'><strong>tribulationis</strong></span> 
     </span>
     <span class='ocr_line' id='line_1_25' title="bbox 140 2470 1890 2536; baseline 0.003 -21"><span class='ocrx_word' id='word_1_198' title='bbox 140 2475 443 2531; x_wconf 86' lang='lat' dir='ltr'><strong>excoqueret.</strong></span> <span class='ocrx_word' id='word_1_199' title='bbox 531 2470 655 2519; x_wconf 84' lang='lat' dir='ltr'><strong>Haec</strong></span> <span class='ocrx_word' id='word_1_200' title='bbox 695 2489 808 2535; x_wconf 84' lang='lat' dir='ltr'><strong>ergo</strong></span> <span class='ocrx_word' id='word_1_201' title='bbox 849 2472 1060 2535; x_wconf 85' lang='lat' dir='ltr'><strong>quadam</strong></span> <span class='ocrx_word' id='word_1_202' title='bbox 1107 2475 1248 2520; x_wconf 87' lang='lat' dir='ltr'><strong>nocte</strong></span> <span class='ocrx_word' id='word_1_203' title='bbox 1295 2472 1561 2535; x_wconf 85' lang='lat' dir='ltr'><strong>incipiente</strong></span> <span class='ocrx_word' id='word_1_204' title='bbox 1597 2474 1890 2536; x_wconf 89' lang='lat' dir='ltr'><strong>crepusculo,</strong></span> 
     </span>
     <span class='ocr_line' id='line_1_26' title="bbox 138 2551 1892 2619; baseline 0.003 -22"><span class='ocrx_word' id='word_1_205' title='bbox 138 2567 329 2614; x_wconf 85' lang='lat' dir='ltr'><strong>egressa</strong></span> <span class='ocrx_word' id='word_1_206' title='bbox 352 2551 412 2599; x_wconf 89' lang='lat' dir='ltr'><strong>de</strong></span> <span class='ocrx_word' id='word_1_207' title='bbox 444 2553 665 2602; x_wconf 90' lang='lat' dir='ltr'><strong>cubiculo</strong></span> <span class='ocrx_word' id='word_1_208' title='bbox 690 2571 786 2618; x_wconf 93' lang='lat' dir='ltr'><strong>quo</strong></span> <span class='ocrx_word' id='word_1_209' title='bbox 823 2555 1062 2614; x_wconf 85' lang='lat' dir='ltr'><strong>manebat,</strong></span> <span class='ocrx_word' id='word_1_210' title='bbox 1089 2554 1216 2602; x_wconf 88' lang='lat' dir='ltr'><strong>vidit</strong></span> <span class='ocrx_word' id='word_1_211' title='bbox 1250 2555 1503 2603; x_wconf 87' lang='lat' dir='ltr'><strong>manifeste</strong></span> <span class='ocrx_word' id='word_1_212' title='bbox 1534 2555 1681 2618; x_wconf 86' lang='lat' dir='ltr'><strong>quasi</strong></span> <span class='ocrx_word' id='word_1_213' title='bbox 1717 2572 1892 2619; x_wconf 89' lang='lat' dir='ltr'><strong>corpus</strong></span> 
     </span>
     <span class='ocr_line' id='line_1_27' title="bbox 138 2632 1892 2697; baseline 0.004 -18"><span class='ocrx_word' id='word_1_214' title='bbox 138 2632 363 2692; x_wconf 90' lang='lat' dir='ltr'><strong>hominis,</strong></span> <span class='ocrx_word' id='word_1_215' title='bbox 388 2635 518 2697; x_wconf 88' lang='lat' dir='ltr'><strong>quod</strong></span> <span class='ocrx_word' id='word_1_216' title='bbox 550 2640 675 2684; x_wconf 88' lang='lat' dir='ltr'><strong>esset</strong></span> <span class='ocrx_word' id='word_1_217' title='bbox 708 2637 806 2685; x_wconf 92' lang='lat' dir='ltr'><strong>sole</strong></span> <span class='ocrx_word' id='word_1_218' title='bbox 839 2637 1029 2695; x_wconf 88' lang='lat' dir='ltr'><strong>clarius,</strong></span> <span class='ocrx_word' id='word_1_219' title='bbox 1055 2637 1259 2685; x_wconf 86' lang='lat' dir='ltr'><strong>sindone</strong></span> <span class='ocrx_word' id='word_1_220' title='bbox 1291 2637 1567 2686; x_wconf 87' lang='lat' dir='ltr'><strong>involutum</strong></span> <span class='ocrx_word' id='word_1_221' title='bbox 1599 2637 1652 2685; x_wconf 92' lang='lat' dir='ltr'><strong>in</strong></span> <span class='ocrx_word' id='word_1_222' title='bbox 1685 2638 1892 2686; x_wconf 89' lang='lat' dir='ltr'><strong>sublime</strong></span> 
     </span>
     <span class='ocr_line' id='line_1_28' title="bbox 138 2715 1890 2784; baseline 0.003 -23"><span class='ocrx_word' id='word_1_223' title='bbox 138 2715 270 2773; x_wconf 85' lang='lat' dir='ltr'><strong>ferri,</strong></span> <span class='ocrx_word' id='word_1_224' title='bbox 291 2715 475 2764; x_wconf 87' lang='lat' dir='ltr'><strong>elatum</strong></span> <span class='ocrx_word' id='word_1_225' title='bbox 499 2717 728 2766; x_wconf 86' lang='lat' dir='ltr'><strong>videlicet</strong></span> <span class='ocrx_word' id='word_1_226' title='bbox 751 2719 811 2766; x_wconf 88' lang='lat' dir='ltr'><strong>de</strong></span> <span class='ocrx_word' id='word_1_227' title='bbox 834 2719 978 2767; x_wconf 88' lang='lat' dir='ltr'><strong>domo</strong></span> <span class='ocrx_word' id='word_1_228' title='bbox 1002 2719 1054 2766; x_wconf 88' lang='lat' dir='ltr'><strong>in</strong></span> <span class='ocrx_word' id='word_1_229' title='bbox 1073 2737 1169 2783; x_wconf 86' lang='lat' dir='ltr'><strong>qua</strong></span> <span class='ocrx_word' id='word_1_230' title='bbox 1194 2736 1382 2768; x_wconf 87' lang='lat' dir='ltr'><strong>sorores</strong></span> <span class='ocrx_word' id='word_1_231' title='bbox 1405 2721 1634 2784; x_wconf 82' lang='lat' dir='ltr'><strong>pausare¹</strong></span> <span class='ocrx_word' id='word_1_232' title='bbox 1658 2721 1890 2768; x_wconf 86' lang='lat' dir='ltr'><strong>solebant.</strong></span> 
     </span>
     <span class='ocr_line' id='line_1_29' title="bbox 139 2796 1890 2864; baseline 0.002 -19"><span class='ocrx_word' id='word_1_233' title='bbox 139 2796 360 2860; x_wconf 82' lang='lat' dir='ltr'><strong>Cumque</strong></span> <span class='ocrx_word' id='word_1_234' title='bbox 395 2798 682 2861; x_wconf 83' lang='lat' dir='ltr'><strong>diligentius</strong></span> <span class='ocrx_word' id='word_1_235' title='bbox 717 2800 992 2848; x_wconf 85' lang='lat' dir='ltr'><strong>intueretur</strong></span> <span class='ocrx_word' id='word_1_236' title='bbox 1028 2818 1122 2864; x_wconf 90' lang='lat' dir='ltr'><strong>quo</strong></span> <span class='ocrx_word' id='word_1_237' title='bbox 1161 2801 1382 2850; x_wconf 87' lang='lat' dir='ltr'><strong>trahente</strong></span> <span class='ocrx_word' id='word_1_238' title='bbox 1417 2803 1662 2850; x_wconf 86' lang='lat' dir='ltr'><strong>levaretur</strong></span> <span class='ocrx_word' id='word_1_239' title='bbox 1698 2818 1890 2849; x_wconf 87' lang='lat' dir='ltr'><strong>sursum</strong></span> 
     </span>
     <span class='ocr_line' id='line_1_30' title="bbox 136 2878 1890 2948; baseline 0.002 -22"><span class='ocrx_word' id='word_1_240' title='bbox 136 2878 237 2926; x_wconf 85' lang='lat' dir='ltr'><strong>haec</strong></span> <span class='ocrx_word' id='word_1_241' title='bbox 262 2895 405 2942; x_wconf 82' lang='lat' dir='ltr'><strong>quam</strong></span> <span class='ocrx_word' id='word_1_242' title='bbox 435 2882 858 2944; x_wconf 86' lang='lat' dir='ltr'><strong>contemplabatur</strong></span> <span class='ocrx_word' id='word_1_243' title='bbox 893 2883 1075 2946; x_wconf 84' lang='lat' dir='ltr'><strong>species</strong></span> <span class='ocrx_word' id='word_1_244' title='bbox 1110 2884 1323 2948; x_wconf 87' lang='lat' dir='ltr'><strong>corporis</strong></span> <span class='ocrx_word' id='word_1_245' title='bbox 1359 2884 1572 2948; x_wconf 82' lang='lat' dir='ltr'><strong>gloriosi,</strong></span> <span class='ocrx_word' id='word_1_246' title='bbox 1597 2883 1722 2932; x_wconf 91' lang='lat' dir='ltr'><strong>vidit</strong></span> <span class='ocrx_word' id='word_1_247' title='bbox 1758 2883 1890 2947; x_wconf 88' lang='lat' dir='ltr'><strong>quod</strong></span> 
     </span>
     <span class='ocr_line' id='line_1_31' title="bbox 136 2961 1890 3028; baseline 0.002 -21"><span class='ocrx_word' id='word_1_248' title='bbox 136 2961 276 3023; x_wconf 83' lang='lat' dir='ltr'><strong>quasi</strong></span> <span class='ocrx_word' id='word_1_249' title='bbox 301 2961 495 3010; x_wconf 84' lang='lat' dir='ltr'><strong>funibus</strong></span> <span class='ocrx_word' id='word_1_250' title='bbox 519 2979 637 3011; x_wconf 84' lang='lat' dir='ltr'><strong>auro</strong></span> <span class='ocrx_word' id='word_1_251' title='bbox 667 2964 950 3013; x_wconf 87' lang='lat' dir='ltr'><strong>clarioribus</strong></span> <span class='ocrx_word' id='word_1_252' title='bbox 979 2965 1032 3013; x_wconf 91' lang='lat' dir='ltr'><strong>in</strong></span> <span class='ocrx_word' id='word_1_253' title='bbox 1061 2983 1270 3028; x_wconf 89' lang='lat' dir='ltr'><strong>superna</strong></span> <span class='ocrx_word' id='word_1_254' title='bbox 1294 2968 1561 3026; x_wconf 88' lang='lat' dir='ltr'><strong>tolleretur,</strong></span> <span class='ocrx_word' id='word_1_255' title='bbox 1588 2967 1738 3014; x_wconf 89' lang='lat' dir='ltr'><strong>donec</strong></span> <span class='ocrx_word' id='word_1_256' title='bbox 1762 2965 1890 3013; x_wconf 83' lang='lat' dir='ltr'><strong>caelis</strong></span> 
     </span>
     <span class='ocr_line' id='line_1_32' title="bbox 135 3043 1890 3112; baseline 0.002 -22"><span class='ocrx_word' id='word_1_257' title='bbox 135 3043 417 3106; x_wconf 85' lang='lat' dir='ltr'><strong>patentibus</strong></span> <span class='ocrx_word' id='word_1_258' title='bbox 450 3044 742 3105; x_wconf 84' lang='lat' dir='ltr'><strong>introducta,</strong></span> <span class='ocrx_word' id='word_1_259' title='bbox 767 3047 975 3111; x_wconf 86' lang='lat' dir='ltr'><strong>amplius</strong></span> <span class='ocrx_word' id='word_1_260' title='bbox 1011 3048 1072 3096; x_wconf 85' lang='lat' dir='ltr'><strong>ab</strong></span> <span class='ocrx_word' id='word_1_261' title='bbox 1105 3049 1191 3097; x_wconf 87' lang='lat' dir='ltr'><strong>illa</strong></span> <span class='ocrx_word' id='word_1_262' title='bbox 1213 3048 1371 3098; x_wconf 88' lang='lat' dir='ltr'><strong>videri</strong></span> <span class='ocrx_word' id='word_1_263' title='bbox 1404 3066 1501 3097; x_wconf 90' lang='lat' dir='ltr'><strong>non</strong></span> <span class='ocrx_word' id='word_1_264' title='bbox 1533 3049 1711 3112; x_wconf 88' lang='lat' dir='ltr'><strong>potuit.</strong></span> <span class='ocrx_word' id='word_1_265' title='bbox 1782 3047 1832 3094; x_wconf 93' lang='lat' dir='ltr'>N</span> <span class='ocrx_word' id='word_1_266' title='bbox 1837 3063 1890 3094; x_wconf 89' lang='lat' dir='ltr'><strong>ec</strong></span> 
     </span>
    </p>
   </div>
   <div class='ocr_carea' id='block_1_7' title="bbox 134 3179 1890 3288">
    <p class='ocr_par' dir='ltr' id='par_1_7' title="bbox 134 3179 1890 3288">
     <span class='ocr_line' id='line_1_33' title="bbox 134 3179 1890 3288; baseline 0.001 -66"><span class='ocrx_word' id='word_1_267' title='bbox 134 3179 430 3288; x_wconf 45' lang='lat' dir='ltr'><strong>ing-apzusge]</strong></span> <span class='ocrx_word' id='word_1_268' title='bbox 455 3181 558 3275; x_wconf 58' lang='lat' dir='ltr'><strong>I‘i&#39;l&#39;o</strong></span> <span class='ocrx_word' id='word_1_269' title='bbox 586 3181 679 3225; x_wconf 65' lang='lat' dir='ltr'><strong>die!</strong></span> <span class='ocrx_word' id='word_1_270' title='bbox 736 3183 802 3224; x_wconf 93' lang='lat' dir='ltr'><strong>On</strong></span> <span class='ocrx_word' id='word_1_271' title='bbox 829 3184 903 3225; x_wconf 82' lang='lat' dir='ltr'><strong>the</strong></span> <span class='ocrx_word' id='word_1_272' title='bbox 936 3190 1097 3227; x_wconf 85' lang='lat' dir='ltr'><strong>custom</strong></span> <span class='ocrx_word' id='word_1_273' title='bbox 1130 3188 1177 3229; x_wconf 87' lang='lat' dir='ltr'><strong>of</strong></span> <span class='ocrx_word' id='word_1_274' title='bbox 1198 3187 1354 3242; x_wconf 84' lang='lat' dir='ltr'><strong>having</strong></span> <span class='ocrx_word' id='word_1_275' title='bbox 1387 3203 1412 3229; x_wconf 80' lang='lat' dir='ltr'><strong>a</strong></span> <span class='ocrx_word' id='word_1_276' title='bbox 1439 3185 1789 3236; x_wconf 84' lang='lat' dir='ltr'><strong>death-chamber,</strong></span> <span class='ocrx_word' id='word_1_277' title='bbox 1821 3197 1890 3224; x_wconf 85' lang='lat' dir='ltr'><strong>see</strong></span> 
     </span>
    </p>
   </div>
  </div>
 </body>
</html>
