2216 3554
121 186 242 237 CAP.
262 184 408 255 xxv]
774 185 938 234 Gentis
974 185 1253 248 Anqlorum.
1772 190 1867 237 197

118 320 412 381 circumcidi,
436 320 513 370 vel
535 318 718 368 hostias
754 318 859 366 Deo
883 316 1196 366 victimarum
1220 316 1392 365 offerre
1415 316 1693 366 carnalium.
1767 318 1868 366 Ita—

117 420 212 466 que
227 404 267 453 J
268 405 480 452 ohannes
503 403 766 452 secundum
789 401 909 464 legis
938 400 1339 449 consuetudinem
1373 404 1548 463 quarta
1580 400 1766 449 decima
1789 401 1868 449 die

116 486 295 534 mensis
313 486 460 550 primi
474 487 537 534 ad
550 501 803 548 vesperam
820 482 1086 546 incipiebat
1101 482 1473 531 celebrationem
1488 482 1602 530 festi
1615 483 1867 546 paschalis,

115 569 186 615 nil
216 586 389 617 curans
420 569 521 617 haec
550 567 760 625 sabbate,
798 583 860 613 an
894 565 990 612 alia
1022 563 1240 628 qualibet
1270 564 1393 613 feria
1423 565 1717 628 proveniret.
1790 564 1868 613 At

115 667 229 699 vero
254 651 426 699 Petrus
450 667 560 698 cum
586 650 749 697 Romae
771 638 1075 711 praedicaret,
1095 664 1279 695 memor
1303 647 1419 711 quia
1442 647 1685 696 Dominus
1709 647 1868 711 prima

114 733 300 781 sabbati
322 732 584 782 resurrexit
607 749 637 780 a
658 730 878 790 mortuis,
903 747 958 778 ac
982 730 1163 778 mundo
1189 746 1325 793 spem
1352 730 1722 779 resurrectionis
1752 746 1863 778 con-

112 815 244 874 tulit,
261 816 331 863 ita
349 815 524 879 pascha
537 813 812 862 faciendum
830 812 1088 871 intellexit,
1107 816 1166 861 ut
1183 813 1448 861 secundum
1465 812 1866 861 consuetudinem

111 914 167 945 ac
190 905 430 961 praecepta
453 897 586 961 legis,
612 899 834 959 quartam
866 894 1104 944 decimam
1128 896 1293 943 lunam
1327 896 1477 958 primi
1509 895 1700 954 mensis,
1726 912 1865 959 aeque

110 979 238 1028 sicut
271 980 303 1027 J
308 981 531 1038 ohannes,
556 978 793 1027 orientem
828 978 891 1026 ad
922 995 1176 1041 vesperam
1213 995 1403 1042 semper
1435 983 1768 1042 exspectaret:
1813 982 1866 1026 et
1898 1006 1906 1014 ,

109 1060 200 1109 hac
222 1065 402 1116 exorta,
429 1061 470 1109 si
494 1060 749 1109 Dominica
773 1061 892 1120 dies,
916 1077 1024 1124 quae
1049 1065 1167 1127 tunc
1190 1061 1348 1124 prima
1372 1061 1561 1109 sabbati
1582 1062 1860 1120 vocabatur,

109 1148 214 1192 erat
238 1161 375 1192 mane
397 1147 616 1203 ventura,
642 1143 694 1191 in
717 1144 824 1206 ipsa
845 1160 1044 1206 vespera
1074 1143 1251 1206 pascha
1274 1143 1590 1192 Dominicum
1619 1144 1860 1192 celebrare

107 1225 380 1289 incipiebat,
415 1227 652 1291 quomodo
689 1229 739 1274 et
773 1242 862 1274 nos
897 1225 1040 1274 hodie
1074 1226 1229 1274 facere
1265 1227 1486 1275 solemus.
1560 1226 1649 1276 Sin
1693 1231 1859 1275 autem

106 1307 367 1357 Dominica
391 1326 489 1357 non
513 1310 738 1372 proximo
763 1326 902 1357 mane
925 1314 1037 1373 post
1059 1309 1226 1357 lunam
1250 1313 1474 1373 quartam
1501 1310 1751 1365 decimam,
1778 1309 1861 1358 sed

107 1396 243 1438 sexta
262 1391 460 1451 decima,
484 1397 571 1440 aut
601 1392 807 1455 septima
839 1392 1036 1451 decima,
1061 1396 1146 1440 aut
1177 1393 1274 1440 alia
1298 1394 1516 1457 qualibet
1547 1393 1679 1452 luna,
1704 1408 1858 1455 usque

104 1473 166 1519 ad
190 1472 472 1521 vicesimam
506 1474 712 1538 primam
744 1479 868 1522 esset
891 1481 1110 1534 ventura,
1145 1476 1454 1538 exspectabat
1491 1492 1616 1534 eum,
1653 1479 1704 1523 et
1734 1491 1859 1553 prae-

105 1555 302 1603 cedente
320 1556 530 1613 sabbato,
549 1573 756 1620 vespere,
773 1562 1075 1605 sacrosancta
1092 1557 1283 1620 paschae
1299 1558 1550 1606 sollemnia
1567 1558 1827 1606 inchoabat
1842 1573 1855 1617 3

104 1637 268 1701 sicque
289 1637 447 1698 fiebat,
474 1645 531 1686 ut
554 1639 816 1687 Dominica
838 1640 1029 1703 paschae
1062 1640 1166 1689 dies
1199 1640 1395 1688 nonnisi
1421 1658 1449 1688 a
1472 1641 1645 1704 quinta
1673 1639 1859 1688 decima

103 1719 218 1768 luna
264 1737 415 1783 usque
467 1722 529 1769 ad
576 1722 854 1770 vicesimam
907 1722 1118 1785 primam
1164 1727 1453 1772 servaretur.
1525 1723 1697 1786 Neque
1754 1723 1858 1771 haec

101 1802 374 1866 evangelica
409 1807 458 1851 et
489 1805 754 1867 apostolica
778 1804 978 1852 traditio
1011 1806 1167 1869 legem
1204 1805 1362 1865 solvit,
1390 1806 1476 1854 sed
1504 1806 1670 1869 potius
1702 1805 1857 1853 adim-

98 1884 214 1947 plet,
247 1885 301 1933 in
335 1902 430 1949 qua
460 1887 814 1935 observandum
849 1887 1024 1950 pascha
1058 1905 1087 1935 a
1124 1893 1298 1950 quarta
1332 1888 1518 1936 decima
1552 1889 1670 1935 luna
1704 1887 1855 1951 primi

100 1967 276 2016 mensis
294 1969 354 2016 ad
372 1985 640 2032 vesperam,
666 1986 819 2034 usque
843 1970 906 2018 ad
923 1970 1201 2019 vicesimam
1224 1970 1433 2034 primam
1457 1971 1623 2019 lunam
1642 1971 1856 2033 ejusdem

98 2050 277 2098 mensis
317 2051 380 2099 ad
419 2068 684 2114 vesperam,
726 2058 1023 2115 praeceptum
1067 2057 1169 2102 est:
1220 2053 1272 2100 in
1314 2071 1459 2118 quam
1500 2053 1854 2102 observantiam

97 2131 393 2191 imitandam,
443 2151 610 2183 omnes
655 2136 786 2184 beati
834 2135 866 2183 J
871 2135 1074 2184 ohannis
1122 2153 1416 2184 successores
1469 2135 1522 2183 in
1569 2133 1688 2184 Asia
1742 2142 1853 2199 post

97 2214 285 2262 obitum
309 2216 422 2279 ejus,
447 2221 498 2265 et
525 2216 680 2265 omnis
713 2234 801 2281 per
824 2219 989 2266 orbem
1021 2218 1219 2267 ecclesia
1243 2235 1475 2267 conversa
1507 2224 1593 2267 est.
1667 2219 1735 2267 Et
1758 2219 1849 2267 hoc

97 2313 198 2344 esse
228 2314 395 2346 verum
434 2299 622 2362 pascha,
660 2299 752 2348 hoc
793 2301 948 2348 solum
989 2300 1214 2349 fidelibus
1255 2301 1611 2361 celebrandum,
1648 2301 1851 2349 Nicaeno

97 2378 302 2427 concilio
339 2397 436 2428 non
470 2386 710 2430 statutum
743 2382 946 2442 noviter,
989 2383 1073 2431 sed
1103 2382 1440 2431 confirmatum
1479 2390 1564 2443 est,
1603 2390 1659 2433 ut
1700 2385 1848 2433 eccle-

96 2460 288 2509 siastica
334 2462 472 2512 docet
524 2464 739 2513 historia.
812 2465 958 2514 Unde
1009 2470 1200 2514 constat
1247 2482 1345 2525 vos,
1395 2465 1643 2527 Colmane,
1692 2484 1849 2531 neque

95 2542 127 2590 J
131 2542 345 2603 ohannis,
393 2550 449 2593 ut
488 2547 764 2607 autumatis,
805 2547 1026 2611 exempla
1069 2548 1257 2607 sectari,
1307 2565 1462 2611 neque
1509 2547 1661 2609 Petri,
1711 2550 1848 2613 cujus

95 2625 349 2674 traditioni
386 2627 588 2677 scientes
624 2629 969 2689 contradicitis,
1012 2646 1166 2693 neque
1210 2630 1343 2694 Legi,
1386 2648 1543 2695 neque
1582 2632 1847 2694 Evangelio

95 2706 147 2754 in
182 2707 514 2758 observatione
547 2710 697 2759 vestri
738 2711 927 2775 paschae
968 2728 1246 2774 congruere.
1317 2713 1569 2762 Jobannes
1611 2714 1742 2761 enim
1782 2713 1846 2761 ad

95 2789 217 2852 legis
242 2790 464 2839 Mosaicae
488 2792 680 2841 decreta
710 2799 903 2857 tempus
935 2794 1157 2857 paschale
1182 2796 1467 2855 custodiens,
1493 2796 1566 2843 nil
1599 2797 1658 2843 de
1687 2795 1845 2858 prima

94 2872 280 2919 sabbati
304 2873 529 2932 curabat;
568 2875 697 2938 quod
721 2892 806 2923 vos
831 2893 929 2924 non
953 2876 1124 2935 facitis,
1150 2878 1234 2941 qui
1258 2879 1450 2926 nonnisi
1473 2878 1631 2942 prima
1654 2877 1842 2926 sabbati

92 2954 270 3017 pascha
293 2955 557 3005 celebratis.
627 2957 807 3007 Petrus
830 2976 860 3007 a
884 2958 1057 3023 quinta
1090 2960 1276 3009 decima
1298 2961 1414 3008 luna
1444 2977 1596 3024 usque
1629 2961 1690 3007 ad
1714 2959 1839 3006 vice-

94 3036 265 3084 simam
296 3037 504 3100 primam
532 3039 659 3087 diem
694 3041 884 3103 paschae
913 3042 1226 3091 Dominicum
1259 3044 1531 3092 celebrabat
1547 3060 1561 3103 5
1599 3042 1727 3105 quod
1752 3057 1839 3088 VOS

93 3135 190 3167 non
231 3119 404 3178 facitis,
444 3120 527 3184 qui
568 3138 598 3169 a
638 3126 811 3185 quarta
849 3123 1034 3173 decima
1068 3141 1222 3189 usque
1258 3126 1321 3174 ad
1355 3126 1635 3175 vicesimam
1671 3123 1837 3170 lunam

93 3201 223 3250 diem
248 3202 558 3251 Dominicum
590 3204 780 3267 paschae
811 3205 1106 3255 observatis:
1146 3208 1216 3257 ita
1246 3214 1304 3256 ut
1325 3208 1474 3256 tertia
1505 3206 1689 3254 decima
1720 3205 1836 3251 luna

91 3283 155 3332 ad
185 3300 432 3348 vesperam
467 3285 644 3349 saepius
679 3286 854 3350 pascha
888 3287 1147 3353 incipiatis,
1185 3290 1318 3354 cujus
1359 3305 1513 3354 neque
1548 3288 1650 3335 Lex
1685 3286 1834 3335 ullam
