2216 3554
327 186 350 230 1
361 185 422 231 76
901 176 1127 229 Historia
1162 179 1501 228 Ecclesia-stica
1841 176 1972 247 [LIB.
1991 194 2072 227 111.

325 320 376 362 et
409 316 629 377 aspectus
665 312 857 371 intueri,
894 318 943 361 et
980 313 1145 360 laudes
1181 314 1346 360 beatas
1393 312 1572 360 meruit
1617 312 1798 360 audire.
1871 313 2074 360 Referre

323 401 491 446 autem
514 399 618 443 erat
650 395 834 454 solitus,
860 394 989 458 quod
1020 402 1186 457 aperte
1215 411 1294 442 eos
1322 394 1452 442 inter
1476 394 1571 441 alia.
1605 411 1828 442 resonare
1852 395 2071 443 audiret:

327 480 510 528 ‘Ibunt
541 477 696 527 sancti
730 477 790 525 de
819 477 1002 525 virtute
1036 477 1088 524 in
1111 477 1372 525 virtutem.'
1444 476 1513 524 Et
1544 475 1750 525 iterum:
1788 478 2077 526 ‘Videbitur

326 562 461 611 Deus
498 562 700 609 deorum
731 559 783 607 in
820 559 963 609 Sion!
1035 559 1134 620 Qui
1169 559 1398 607 reductus
1427 559 1479 605 in
1504 575 1715 622 corpore,
1742 565 1790 607 et
1822 559 1900 608 die
1931 560 2078 608 tertia

326 662 520 693 rursum
553 645 769 703 eductuS‚
793 642 920 691 vidit
951 659 1049 690 non
1083 642 1240 689 solum
1274 640 1456 704 majora
1490 640 1742 688 beatorum
1777 643 1967 704 gaudia,
1995 643 2079 691 sed

327 733 379 776 et
400 727 612 775 maxima
636 726 961 789 malignorum
985 723 1247 786 spirituum
1270 722 1548 784 certamina,
1572 723 1656 786 qui
1680 724 1860 771 crebris
1885 742 2077 774 aecusa-

326 810 542 859 tionibus
590 808 815 872 improbi,
853 807 949 854 iter
984 806 1056 852 illi
1103 806 1289 853 caeleste
1335 804 1656 852 intercludere
1696 807 2077 869 contendebant;

328 910 416 941 nec
450 898 615 941 tamen
650 889 1014 954 protegentibus
1052 904 1161 935 eum
1199 887 1383 950 angelis
1424 887 1684 950 quicquam
1730 889 2078 951 proficiebant:

328 977 389 1024 de
430 975 607 1038 quibus
649 972 870 1021 omnibus
905 971 947 1018 si
987 969 1095 1032 quis
1137 969 1327 1032 plenius
1368 970 1488 1018 scire
1529 971 1648 1029 vult,
1687 971 1738 1017 id
1774 976 1860 1030 est,
1898 979 2082 1035 quanta

328 1057 514 1106 fraudis
550 1055 761 1104 sollertia
796 1054 1034 1102 daemones
1070 1058 1118 1099 et
1153 1058 1288 1099 actus
1323 1055 1426 1115 ejus
1461 1059 1510 1101 et
1544 1055 1692 1102 verba
1738 1055 1993 1117 superflua,
2031 1059 2082 1102 et

328 1141 456 1205 ipsas
481 1138 630 1187 etiam
654 1136 981 1199 cogitationes,
1009 1135 1148 1198 quasi
1179 1134 1231 1181 in
1254 1135 1381 1183 libro
1409 1135 1685 1198 descriptas,
1711 1137 2079 1200 replicaverint3

329 1240 437 1286 quae
476 1222 537 1269 ab
583 1218 766 1282 angelis
813 1218 1003 1275 sanctiS,
1052 1234 1159 1279 quae
1195 1234 1224 1264 a
1258 1216 1377 1264 viris
1407 1218 1552 1279 justis
1589 1218 1683 1266 sibi
1723 1219 1853 1267 inter
1886 1221 2082 1283 angelos

329 1302 671 1367 apparentibus
709 1300 821 1347 laeta
857 1299 935 1347 vel
973 1298 1134 1346 tristia
1169 1299 1462 1362 cognoverit,
1501 1300 1632 1364 legat
1672 1300 1847 1363 ipsum,
1886 1301 1944 1350 de
1987 1319 2082 1366 quo

329 1387 445 1445 dixi,
483 1384 702 1432 libellum
726 1382 840 1431 vitae
877 1381 994 1446 ejus,
1031 1386 1079 1429 et
1115 1380 1325 1429 multum
1362 1398 1423 1430 ex
1458 1382 1559 1441 illo,
1592 1387 1650 1431 ut
1686 1401 1808 1443 reor,
1837 1384 2083 1447 profectus

330 1467 563 1532 spiritalis
587 1465 802 1529 accipiet.

400 1552 462 1598 In
509 1549 686 1614 quibus
731 1554 895 1597 tamen
936 1563 1090 1594 unum
1126 1552 1200 1594 est
1213 1547 1244 1605 ¹,
1281 1547 1407 1610 quod
1444 1553 1493 1595 et
1527 1565 1615 1596 nos
1650 1548 1701 1595 in
1736 1548 1826 1597 hac
1860 1549 2086 1598 Historia

329 1650 507 1697 ponere
530 1632 699 1680 multis
730 1630 1036 1679 commodum
1060 1629 1301 1677 duximus.
1374 1630 1498 1678 Cum
1534 1648 1648 1694 ergo
1684 1632 1734 1678 in
1769 1632 1925 1680 altum
1960 1638 2086 1681 esset

331 1717 500 1775 elatus,
546 1718 710 1778 jussus
748 1718 822 1762 est
866 1714 926 1761 ab
967 1713 1152 1776 angelis
1191 1713 1275 1775 qui
1317 1729 1428 1761 eum
1469 1713 1707 1762 ducebant
1749 1715 1986 1778 respicere
2031 1716 2084 1763 in

333 1800 587 1849 mundum.
658 1797 731 1846 At
778 1797 861 1844 ille
908 1796 1071 1844 oculos
1118 1795 1170 1842 in
1216 1795 1449 1843 inferiora
1480 1796 1752 1856 deflectens,
1787 1797 1913 1845 vidit
1947 1780 2086 1861 quasi

330 1883 506 1931 vallem
529 1881 837 1929 tenebrosam
862 1879 1033 1927 subtus
1057 1895 1107 1926 se
1131 1877 1183 1925 in
1215 1878 1313 1925 imo
1344 1877 1568 1941 positam.
1640 1879 1782 1929 Vidit
1806 1885 1854 1927 et
1878 1887 2085 1943 quatuor

331 1965 467 2028 ignes
502 1964 554 2010 in
588 1980 713 2022 aere,
738 1979 835 2009 non
869 1962 1026 2009 multo
1061 1961 1122 2009 ab
1157 1960 1364 2008 invicem
1401 1960 1557 2024 spatio
1592 1961 1839 2010 distantes.
1911 1963 1979 2010 Et
2013 1963 2085 2010 in-

331 2053 584 2110 terrogans
618 2045 827 2108 angelos,
863 2043 949 2107 qui
985 2046 1143 2090 essent
1177 2042 1230 2090 hi
1265 2043 1412 2106 ignes,
1451 2043 1637 2091 audivit
1676 2043 1763 2091 hos
1803 2061 1905 2092 esse
1948 2043 2086 2108 ignes

334 2129 417 2193 qui
441 2128 675 2176 mundum
701 2126 1041 2174 succendentes
1066 2130 1224 2172 essent
1249 2125 1595 2188 consumpturi.
1648 2125 1818 2173 Unum
1835 2127 2086 2187 mendacii,

335 2228 445 2259 cum
468 2210 559 2258 hoc
583 2210 713 2273 quod
737 2209 789 2256 in
812 2208 1052 2271 baptismo
1077 2207 1423 2255 abrenunciare
1454 2224 1542 2254 nos
1572 2207 1763 2255 Satanae
1788 2212 1838 2255 et
1862 2209 2085 2258 omnibus

333 2294 560 2358 operibus
595 2294 697 2356 ejus
733 2292 1060 2356 promisimus,
1090 2291 1288 2338 minime
1323 2290 1610 2358 implemus:
1659 2291 1867 2338 alterum
1903 2293 2086 2355 cupidi-

334 2377 465 2435 tatis,
486 2393 596 2424 cum
621 2375 792 2423 mundi
811 2374 1011 2422 divitias
1035 2374 1188 2422 amori
1207 2373 1470 2421 caelestium
1488 2374 1816 2436 praeponimus
1836 2393 1845 2422 :
1884 2376 2086 2423 tertium

335 2458 659 2517 dissensionis,
706 2475 816 2506 cum
864 2457 1049 2505 animos
1094 2457 1438 2520 proximorum,
1487 2455 1635 2505 etiam
1681 2457 1732 2503 in
1780 2459 2086 2521 supervacuis

335 2543 481 2591 rebus
510 2541 749 2589 offendere
777 2558 874 2588 non
909 2539 1251 2588 formidamus:
1303 2543 1533 2602 quartum
1562 2539 1840 2602 impietatis,
1867 2557 1975 2588 cum
2010 2541 2086 2588 in-

335 2625 574 2672 firmiores
616 2625 834 2687 spoliare,
874 2627 924 2671 et
962 2623 1032 2671 eis
1073 2623 1291 2670 fraudem
1332 2623 1486 2670 facere
1526 2638 1615 2685 pro
1656 2622 1810 2671 nihilo
1852 2623 2086 2673 ducimus.

338 2706 621 2756 Orescentes
655 2723 771 2754 vero
806 2705 1042 2769 paulatim
1077 2705 1214 2768 ignes
1248 2722 1402 2768 usque
1443 2704 1503 2751 ad
1543 2704 1751 2752 invicem
1786 2722 1886 2754 sese
1922 2710 2086 2753 exten-

337 2791 528 2847 derunt,
563 2793 708 2852 atque
742 2788 795 2835 in
829 2788 1094 2836 inmensam
1141 2788 1342 2836 adunati
1383 2793 1498 2836 sunt
1538 2788 1796 2836 flammam.
1869 2787 2087 2852 Cumque

336 2871 823 2937 adpropinquassent,
848 2870 1192 2934 pertimescens
1216 2871 1297 2917 ille
1321 2870 1440 2918 dicit
1473 2870 1671 2934 angelo:
1712 2875 1724 2896 ‘
1739 2870 1960 2931 Domine,
1981 2888 2086 2919 ecce

337 2956 467 3021 ignis
512 2953 635 3001 mihi
680 2951 1064 3016 adpropinquat.'
1151 2952 1220 3001 At
1265 2953 1376 3000 ille:
1436 2957 1448 2978 ‘
1465 2952 1610 3014 Quod
1656 2970 1753 3000 non
1799 2953 2087 3012 incendisti,'

338 3038 517 3101 inquit,
546 3042 557 3062 ‘
574 3053 674 3084 non
708 3035 897 3083 ardebit
931 3035 983 3081 in
1017 3039 1092 3083 te:
1141 3052 1253 3083 nam
1288 3035 1380 3083 etsi
1412 3035 1643 3083 terribilis
1679 3036 1772 3084 iste
1806 3053 1860 3083 ac
1891 3036 2088 3098 grandis

338 3138 441 3169 esse
482 3136 629 3184 rogus
663 3118 871 3178 videtur,
908 3123 1073 3167 tamen
1103 3120 1246 3181 juxta
1281 3118 1454 3166 merita
1496 3135 1696 3181 operum
1729 3119 1944 3182 singulos
1978 3136 2087 3166 exa-

338 3257 353 3281 ¹
385 3271 513 3298 unum
533 3257 605 3310 est]
637 3256 883 3310 Tigernach,
903 3256 958 3296 ad
976 3271 1014 3298 a.
1036 3255 1131 3308 627,
1161 3257 1237 3297 has
1258 3241 1313 3297 an
1331 3262 1464 3310 entry,
1488 3260 1499 3279 ‘
1510 3257 1629 3296 Visio
1650 3256 1797 3296 Fursei
1816 3260 1980 3296 ostensa
1997 3259 2089 3304 estg-
