2216 3554
125 186 243 234 CAP.
258 182 391 253 XX1.]
753 183 915 232 Gentis
951 181 1231 244 Anylorum.
1469 207 1480 225 e
1774 187 1831 232 18
1843 187 1863 230 1

123 317 259 381 regni
294 316 508 375 caelestis,
545 331 722 378 speque
757 312 1122 363 resurrectionis
1162 329 1218 360 ac
1258 311 1435 359 futurae
1474 312 1867 373 immortalitatis,

123 399 328 448 libenter
343 416 392 448 se
412 399 744 448 Christianum
769 396 874 445 fieri
896 395 1020 445 velle
1043 394 1284 442 confessus
1310 400 1397 452 est,
1422 394 1613 442 etiamsi
1631 395 1869 458 virginem

124 498 219 528 non
242 482 504 545 acciperet:
543 497 796 544 persuasus
828 478 1037 526 maxime
1063 477 1123 525 ad
1155 477 1515 540 percipiendam
1548 477 1693 525 fidem
1717 496 1745 526 a
1769 478 1871 528 filio

124 563 251 626 regis
276 563 444 622 Osuiu,
468 563 660 611 nomine
684 561 950 619 Alchfrido,
977 560 1063 624 qui
1087 563 1190 607 erat
1214 565 1449 622 cognatus
1474 563 1525 607 et
1548 559 1731 609 amicus
1756 563 1870 624 ejus,

124 646 303 694 habens
338 664 548 695 sororem
582 645 735 709 ipsius
771 646 1035 708 cofflugem,
1066 641 1301 690 vocabulo
1339 641 1686 706 Cyniburgam‚
1720 643 1871 692 filiam

123 726 324 776 Pendan
347 728 486 792 regiS.

198 810 478 873 Baptizatus
513 812 586 857 est
619 825 733 872 ergo
774 825 802 856 a
843 807 1062 854 Finano¹
1105 807 1342 870 episcopo,
1379 823 1489 853 cum
1525 805 1750 854 omnibus
1786 806 1873 869 qui

125 910 286 942 secum
320 896 548 941 venerant
582 890 837 939 comitibus
884 907 938 938 ac
984 889 1223 937 militibus
1267 905 1528 951 eorumque
1594 936 1672 970 and
1686 935 1812 971 Peada

124 976 314 1024 famulis
336 975 586 1033 universiS,
611 975 662 1021 in
685 974 791 1021 vico
820 973 948 1036 regis
980 972 1177 1021 inlustri
1209 972 1296 1036 qui
1329 978 1532 1020 vocatur
1596 986 1811 1041 their-king

126 1059 207 1105 Ad
232 1058 428 1105 Murum
443 1057 475 1104 ².
546 1056 612 1104 Et
645 1056 850 1119 acceptis
874 1060 1086 1119 quatuor
1117 1053 1421 1118 presbyteris,
1448 1053 1531 1116 qui
1612 1034 1800 1076 bap‘mzed.

125 1141 186 1188 ad
228 1139 486 1188 docendam
531 1138 965 1202 baptizandamque
1002 1142 1195 1200 gentem
1235 1136 1368 1184 illius
1410 1142 1459 1184 et
1499 1135 1774 1184 eruditione
1827 1141 1874 1183 et

126 1223 227 1270 vita
258 1221 544 1269 videbantur
574 1221 752 1279 idonei,
777 1220 934 1268 multo
966 1237 1076 1267 cum
1107 1219 1284 1284 gaudio
1312 1236 1531 1267 reversus
1563 1225 1647 1267 est.
1719 1219 1874 1266 Erant

126 1310 286 1351 autem
320 1302 588 1367 presbyteri
624 1302 773 1359 Cedd,
804 1307 852 1350 et
887 1300 1043 1360 Adda,
1077 1307 1126 1349 et
1163 1301 1310 1359 Betti,
1350 1305 1400 1348 et
1434 1300 1628 1358 Diuma‚
1666 1318 1874 1365 quorum

127 1388 328 1435 ultimus
359 1386 554 1433 natione
589 1385 798 1443 Scottus,
824 1384 986 1433 caeteri
1017 1384 1150 1432 fuere
1185 1384 1246 1432 de
1270 1382 1461 1445 Anglis.
1535 1383 1677 1431 Adda
1711 1390 1874 1432 autem

127 1476 230 1517 erat
253 1469 401 1516 frater
419 1468 595 1526 Uttan,
616 1466 887 1530 presbyteri
910 1466 1143 1526 inlustris,
1162 1471 1210 1515 et
1234 1466 1423 1513 abbatis
1448 1466 1727 1514 monasterii
1746 1467 1875 1529 quod

126 1556 326 1598 vocatur
350 1549 430 1597 Ad
455 1550 624 1612 Caprae
651 1549 811 1612 Caput
824 1549 855 1609 ⁸,
882 1550 1017 1612 cujus
1043 1566 1189 1612 supra
1212 1548 1537 1597 meminimus,
1609 1549 1875 1599 Venientes

125 1650 238 1696 ergo
273 1633 326 1679 in
360 1632 660 1695 provinciam
696 1631 947 1679 memorati
983 1633 1253 1680 sacerdotes
1287 1649 1398 1680 cum
1432 1632 1666 1695 principe,
1702 1631 1875 1694 praedi-

126 1715 298 1762 cabant
341 1714 554 1773 verbum,
591 1720 640 1762 et
682 1714 889 1762 libenter
930 1714 1088 1762 auditi
1130 1720 1258 1773 sunt,
1295 1714 1534 1777 multique
1576 1713 1792 1778 quotidie
1828 1718 1878 1760 et

126 1797 360 1845 nobilium
385 1800 434 1844 et
457 1796 775 1857 infirmorum,
800 1797 1143 1845 abrenunciata
1168 1796 1308 1844 sorde
1340 1796 1591 1856 idolatriae,
1619 1797 1731 1844 fidei
1763 1802 1878 1844 sunt

125 1879 258 1926 fonte
281 1878 449 1926 abluti.

133 2023 135 2026 Ι
194 1962 296 2010 Nec
332 1961 581 2025 prohibuit
616 1961 779 2009 Penda
815 1979 916 2020 rex,
952 1961 1070 2025 quin
1101 1960 1246 2009 etiam
1283 1961 1335 2008 in
1372 1978 1474 2020 sua,
1508 1961 1598 2009 hoc
1635 1965 1721 2020 est,
1749 1961 1877 2008 Mer-

127 2044 310 2092 ciorum
352 2043 561 2101 natione,
606 2044 822 2103 verbum,
866 2043 909 2091 si
957 2043 1043 2106 qui
1081 2043 1260 2091 vellent
1299 2043 1480 2102 audire,
1521 2043 1878 2107 praedicaretur.

129 2126 260 2186 Quin
291 2125 455 2189 potius
487 2125 598 2173 odio
630 2125 853 2184 habebat,
880 2131 930 2174 et
962 2125 1255 2189 despiciebat
1285 2142 1375 2184 eOS,
1403 2142 1524 2188 quos
1560 2126 1654 2173 fide
1692 2126 1880 2175 Christi

127 2210 353 2267 imbutos,
389 2225 535 2271 opera
570 2208 683 2256 fidei
728 2226 827 2256 non
873 2209 1050 2257 habere
1086 2208 1418 2271 deprehendit,
1456 2209 1620 2256 dicens
1667 2215 1878 2258 contem-

130 2290 309 2338 nendos
344 2306 445 2338 esse
485 2306 565 2337 eos
612 2295 660 2338 et
701 2291 900 2339 miseros
936 2291 1021 2354 qui
1068 2292 1171 2339 Deo
1220 2308 1306 2339 suo
1349 2291 1402 2338 in
1443 2308 1588 2355 quem
1630 2293 1880 2341 crederent

129 2372 321 2420 obedire
358 2378 734 2421 contemnerent.
803 2373 973 2436 Coepta
1011 2378 1125 2422 sunt
1159 2374 1260 2422 haec
1296 2373 1490 2422 biennio
1525 2381 1638 2423 ante
1673 2382 1880 2423 mortem

131 2454 324 2502 Pendan
359 2453 503 2515 regie.
573 2454 689 2517 Ipso
723 2461 886 2504 autem
922 2455 1090 2514 occiso,
1123 2473 1233 2504 cum
1265 2456 1418 2505 Osuiu
1452 2474 1538 2504 rex
1574 2457 1880 2506 Christianus

131 2552 332 2598 regnum
367 2538 467 2598 ejus
502 2536 738 2600 acciperet
772 2543 829 2586 ut
869 2538 920 2585 in
956 2536 1301 2602 sequentibus4
1341 2538 1570 2599 dicemus,
1607 2541 1759 2588 factus
1807 2544 1881 2588 est

131 2618 311 2666 Diuma
338 2633 463 2664 unus
496 2635 554 2665 ex
590 2619 800 2682 praefatis
833 2626 1042 2683 quatuor
1068 2620 1402 2668 sacerdotibus
1436 2621 1538 2684 epi·
1594 2666 1733 2701 Diuma
1746 2667 1830 2701 first

130 2715 302 2761 scopus
325 2699 787 2750 Mediterraneorum
813 2701 1085 2765 Anglorum
1109 2702 1254 2750 simul
1279 2707 1328 2751 et
1359 2703 1532 2751 Merci-
1614 2717 1750 2758 bishop
1763 2718 1803 2751 in

133 2799 284 2838 orum,
310 2780 561 2829 ordinatus
586 2799 613 2829 a
638 2783 823 2830 Finano
852 2783 1088 2847 episcopo.
1158 2784 1385 2833 Paucitas
1409 2786 1537 2834 enim
1634 2766 1795 2808 Meroia;

131 2862 432 2910 sacerdotum
479 2865 676 2927 cogebat
720 2882 874 2913 unum
915 2866 1182 2915 antistitem
1223 2867 1412 2915 duobus
1452 2866 1645 2931 populis
1686 2865 1880 2929 praefici.

189 2974 200 2996 ¹
232 2971 417 3025 Finano]
439 2972 515 3013 See
534 2987 574 3025 p.
601 2983 687 3027 171.
1087 2975 1103 2999 ³
1131 2973 1204 3015 Ad
1232 2975 1383 3027 Caprae
1409 2976 1568 3029 Caput]
1600 2975 1878 3026 Hregeheafd,

187 3028 203 3050 ²
230 3028 298 3068 Ad
318 3027 508 3080 Marum]
533 3028 717 3075 wauton,
736 3042 836 3069 near
854 3029 980 3070 New-
1033 3029 1074 3070 S.
1112 3030 1180 3080 V.,
1221 3030 1515 3080 Getes-bened,
1566 3030 1787 3070 elsewhere
1835 3029 1879 3067 in

133 3082 483 3128 castle‚Camden;
504 3096 550 3121 or
561 3083 805 3134 Walbottle,
821 3084 978 3133 Smith;
1033 3083 1194 3132 Saxon;
1241 3085 1346 3125 from
1386 3083 1574 3138 ‘hraege‚'
1612 3098 1657 3123 or
1696 3086 1708 3105 ‘
1721 3083 1821 3135 gat,'
1856 3096 1882 3122 a.

133 3138 236 3178 both
255 3138 480 3190 seemingly
493 3138 565 3177 the
585 3137 767 3178 distance
783 3139 887 3179 from
905 3139 978 3179 the
1037 3142 1048 3161 ‘
1062 3141 1186 3188 goat!
1243 3140 1353 3180 Now
1391 3139 1639 3188 Gateshead,
1680 3138 1787 3178 close
1838 3142 1880 3176 to

133 3206 204 3232 sea
241 3193 430 3244 assigned
462 3198 506 3231 to
540 3192 611 3231 Ad
640 3193 826 3241 Murum,
854 3193 977 3244 infra,
1033 3194 1281 3235 Newcastle.

134 3261 174 3300 p.
202 3248 288 3297 183.
345 3246 554 3293 AEtwalle.
572 3247 613 3288 S.
627 3247 680 3289 V.
1087 3248 1102 3273 ¹
1129 3250 1398 3303 sequentibus]
1420 3250 1496 3290 See
1516 3262 1554 3301 p.
1580 3258 1668 3300 190.
