2216 3554
375 248 396 292 1
411 245 469 290 12
948 241 1008 289 H
1004 235 1174 291 istoria
1208 243 1544 292 Ecclesiasticoe
1907 241 2039 311 [Lm.
2054 259 2112 292 11.

372 373 630 437 Exemplar
661 372 874 437 epistolae
906 374 1173 423 beatissimi
1200 380 1250 424 et
1274 374 1527 438 apostolici
1554 389 1690 437 papae
1720 372 1854 421 urbis
1883 374 2113 423 Romanae

439 456 647 506 ecclesiae
691 456 935 517 Bonifatii,
978 456 1173 506 directae
1213 457 1318 506 viro
1366 457 1574 520 glorioso
1614 455 1830 503 AEduino
1870 456 1975 520 regi
2011 457 2113 504 An-

437 539 643 602 glorum.

441 649 588 698 ‘Viro
616 649 828 713 glorioso
859 648 1076 698 AEduino
1104 649 1208 714 regi
1240 649 1527 714 Anglorum‚
1554 646 1832 696 Bonifatius
1864 647 2115 711 episcopus

371 748 538 780 servus
562 748 809 781 servorum
832 732 941 782 Dei.
991 733 1129 782 Licet
1147 750 1345 782 summae
1364 731 1634 781 divinitatis
1658 731 1875 796 potentia
1891 731 2115 779 humanae

369 815 624 863 locutionis
659 815 825 864 officiis
860 815 1111 879 explanari
1145 833 1243 864 non
1274 815 1443 874 valeat,
1470 814 1647 878 quippe
1679 831 1787 877 quae
1818 813 1896 861 sui
1930 813 2117 878 magni-

370 897 540 945 tudine
574 897 644 945 ita
678 897 911 946 invisibili
948 903 1092 960 atque
1126 897 1455 960 investigabili
1490 895 1761 944 aeternitate
1796 896 2030 956 consistit,
2060 899 2116 944 ut

370 978 471 1027 haec
495 979 630 1027 nulla
651 979 833 1043 ingenii
857 980 1105 1043 sagacitas,
1131 986 1314 1043 quanta
1337 980 1413 1038 sit,
1434 978 1837 1042 comprehendere
1861 978 2117 1027 disserere-

371 1078 464 1124 que
497 1062 728 1110 sufficiat:
767 1061 881 1124 quia
909 1067 1072 1109 tamen
1105 1064 1206 1124 ejus
1237 1061 1513 1110 humanitas
1545 1061 1606 1109 ad
1640 1060 2016 1108 insinuationem
2041 1059 2118 1108 sui

371 1143 593 1191 reseratis
635 1143 792 1191 cordis
831 1144 1009 1207 januis,
1049 1161 1156 1207 quae
1203 1143 1263 1192 de
1312 1143 1567 1206 semetipsa
1611 1143 1897 1206 proferetur,
1935 1146 2119 1191 secreta

370 1225 591 1272 humanis
626 1224 869 1272 mentibus
904 1224 1219 1288 inspiratione
1261 1225 1517 1272 clementer
1551 1224 1796 1284 infundit;
1836 1224 1898 1272 ad
1933 1222 2118 1272 adnun-

371 1308 596 1356 ciandum
620 1308 756 1356 vobis
780 1307 1135 1370 plenitudinem
1159 1308 1272 1356 fidei
1296 1306 1598 1367 Christianae,
1620 1306 1959 1354 sacerdotalem
1984 1322 2118 1353 cura-

370 1392 528 1440 vimus
557 1391 930 1439 sollicitudinem
962 1408 1234 1455 prorogare,
1260 1397 1317 1439 ut
1351 1391 1551 1454 perinde
1586 1390 1772 1440 Christi
1803 1389 2119 1453 evangelium,

371 1475 501 1539 quod
542 1473 767 1522 Salvator
810 1478 976 1521 noster
1023 1474 1247 1522 omnibus
1301 1474 1533 1538 praecepit
1578 1473 1804 1539 gentibus
1849 1469 2118 1535 praedicari,

370 1556 543 1605 vestris
567 1572 758 1620 quoque
782 1555 998 1603 sensibus
1030 1556 1309 1615 inserentes,
1335 1556 1503 1605 salutis
1525 1561 1697 1605 vestrae
1729 1554 1971 1603 remedia¹
2007 1569 2118 1616 pro-

368 1639 611 1702 pinentur.
683 1637 915 1701 Supernae
939 1638 1094 1701 igitur
1117 1638 1380 1701 majestatis
1405 1638 1671 1697 clementia,
1691 1655 1799 1701 quae
1824 1640 1995 1685 cuncta
2018 1636 2119 1684 solo

370 1722 516 1769 verbo
551 1721 885 1785 praeceptionis
921 1738 1018 1769 suae
1053 1721 1268 1770 condidit
1301 1725 1349 1769 et
1384 1722 1579 1780 creavit,
1605 1721 1775 1781 caelum
1809 1719 2034 1769 videlicet
2069 1722 2120 1767 et

369 1809 562 1864 terram,
605 1820 736 1851 mare
775 1809 824 1851 et
865 1803 1025 1851 omnia
1066 1821 1174 1867 quae
1215 1804 1267 1851 in
1305 1804 1374 1852 eis
1413 1808 1540 1863 sunt,
1584 1803 1827 1866 dispositis
1868 1801 2119 1850 ordinibus

371 1887 547 1950 quibus
572 1886 868 1944 subsisteret,
893 1886 1116 1934 coaeterni
1141 1886 1292 1933 Verbi
1316 1886 1390 1934 sui
1414 1885 1625 1944 consilio,
1653 1889 1702 1933 et
1727 1884 1880 1932 sancti
1905 1884 2118 1947 Spiritus

371 1969 560 2017 unitate
580 1968 877 2031 dispensans,
903 1968 1146 2015 hominem
1165 1968 1226 2015 ad
1244 1968 1505 2032 imaginem
1522 1973 1571 2015 et
1590 1966 1957 2015 similitudinem
1981 1983 2118 2015 suam

370 2068 431 2098 ex
459 2050 575 2097 limo
605 2055 748 2099 terrae
779 2051 1071 2114 plasmatum
1096 2050 1361 2110 constituit,
1386 2050 1526 2113 eique
1553 2054 1742 2097 tantam
1774 2048 1964 2112 praemii
1996 2065 2118 2111 prae-

370 2128 640 2196 rogativam
686 2132 904 2191 indulsit,
940 2136 998 2180 ut
1032 2149 1143 2180 eum
1177 2132 1363 2180 cunctis
1397 2135 1712 2195 praeponeret,
1750 2137 1895 2194 atque
1930 2134 2119 2179 servato

370 2214 579 2262 termino
597 2214 944 2277 praeceptionis,
966 2214 1251 2263 aeternitatis
1271 2214 1583 2262 subsistentia
1600 2214 1926 2277 praemuniret.
1971 2213 2121 2261 Hunc

372 2313 486 2359 ergo
504 2295 664 2343 Deum
678 2297 883 2354 Patrem,
900 2301 950 2344 et
967 2296 1163 2357 Filium,
1181 2303 1230 2345 et
1245 2296 1483 2360 Spiritum
1502 2300 1736 2354 sanctum,
1755 2295 1884 2359 quod
1903 2299 1976 2343 est
1990 2295 2119 2342 indi-

371 2379 517 2427 vidua
539 2379 770 2439 Trinitas,
793 2379 854 2426 ab
878 2385 988 2427 ortu
1013 2379 1126 2427 solis
1150 2396 1302 2443 usque
1326 2365 1387 2428 ad
1411 2396 1644 2438 occasum,
1663 2378 1930 2426 humanum
1953 2395 2119 2442 genus,

373 2461 552 2524 quippe
584 2465 642 2508 ut
677 2467 941 2508 creatorem
974 2462 1190 2509 omnium
1225 2468 1370 2526 atque
1404 2463 1635 2510 factorem
1675 2477 1832 2519 suum,
1870 2460 2120 2509 salutifera

373 2543 668 2591 confessione
691 2543 785 2591 fide
802 2547 1059 2591 veneratur
1077 2548 1126 2592 et
1149 2545 1288 2594 colit:
1327 2545 1404 2592 cui
1427 2545 1577 2593 etiam
1600 2544 1904 2593 summitates
1928 2543 2120 2606 imperii

373 2642 630 2688 rerumque
679 2630 941 2688 potestates
998 2626 1245 2674 submissae
1303 2630 1430 2685 sunt,
1487 2626 1601 2691 quia
1651 2629 1754 2690 ejus
1808 2625 2120 2689 dispositione

374 2708 591 2755 omnium
638 2708 855 2771 praelatio
902 2725 1164 2771 regnorum
1211 2709 1498 2757 conceditur.
1583 2709 1703 2771 Ejus
1741 2725 1854 2772 ergo
1891 2708 2121 2756 bonitatis

374 2790 700 2838 misericordia
724 2790 874 2838 totius
899 2795 1129 2840 creaturae
1162 2808 1261 2839 suae
1287 2791 1523 2840 dilatandi
1553 2791 1694 2840 subdi
1717 2791 1863 2856 etiam
1888 2791 1938 2838 in
1963 2795 2121 2838 extre-

373 2872 545 2920 mitate
579 2878 720 2920 terrae
756 2873 1025 2935 positarum
1059 2874 1277 2937 gentium
1313 2874 1455 2922 corda
1488 2874 1682 2936 frigida,
1717 2873 1871 2921 sancti
1907 2873 2120 2936 Spiritus

373 2955 560 3003 fervore
605 2954 658 3001 in
697 2955 772 3003 sui
813 2971 1000 3019 quoque
1046 2956 1292 3019 agnitione
1338 2956 1625 3005 mirabiliter
1657 2961 1733 3003 est
1777 2955 1975 3018 dignata
2014 2971 2118 3002 suc-

374 3036 588 3084 cendere.

445 3123 456 3143 ‘
475 3119 595 3179 Quae
618 3118 747 3166 enim
768 3117 820 3165 in
837 3118 1033 3181 gloriosi
1051 3118 1141 3166 filii
1163 3120 1316 3168 nostri
1334 3119 1615 3168 Audubaldi
1640 3119 1779 3183 regis,
1799 3117 2119 3182 gentibusque

375 3244 459 3282 and
477 3244 517 3283 if
529 3257 586 3292 so,
605 3243 742 3284 would
759 3243 811 3283 be
829 3243 1018 3296 properly⁷
1037 3243 1219 3284 inserted
1328 3243 1343 3266 ¹
1362 3244 1563 3297 remedia]
1637 3251 1646 3266 ‘
1660 3242 1835 3284 Means’
1906 3242 1960 3282 So
2019 3241 2122 3282 used

372 3299 484 3339 here.
1273 3298 1518 3352 frequently.
1848 3330 1857 3333 *-
