2216 3554
149 187 268 237 CAP.
288 182 361 254 v.]
774 182 940 233 Gentis
963 182 1254 247 Anqlorwm.
1801 189 1899 235 223

148 320 364 369 tinebat:
399 335 456 368 ea
487 316 761 366 conditione
798 316 976 376 addita,
1001 320 1060 365 ut
1090 333 1193 380 pro,
1212 317 1319 380 ipso
1351 316 1499 366 etiam
1529 317 1614 381 qui
1645 318 1714 366 eis
1743 319 1901 368 locum

149 402 486 462 commodaret,
511 400 821 449 consistentes
853 398 923 446 ibi
955 399 1195 447 monachi?
1212 398 1427 447 Domino
1458 416 1623 463 preces
1653 400 1901 452 offerrent.

84 492 87 494 ’
147 485 218 534 Et
242 488 514 533 constructo
537 482 703 530 statim
726 481 1034 540 monasterio,
1048 480 1423 545 juvanteetiam
1448 483 1623 531 comite
1648 500 1703 531 ac
1727 483 1901 532 vicinis

148 568 386 625 omnibus,
403 564 591 629 Anglos
607 564 787 612 ibidem
810 563 1002 624 locavit,
1021 563 1205 612 relictis
1224 564 1277 611 in
1296 565 1499 628 praefata
1523 565 1683 614 insula
1702 565 1898 616 Scottis.

150 650 293 711 Quod
328 649 555 697 videlicet
599 647 947 713 monasterium
987 663 1142 710 usque
1187 646 1331 695 hodie
1377 647 1440 695 ab
1482 645 1659 711 Anglis
1706 652 1903 698 tenetur

147 732 334 781 incolis.
425 731 596 794 Ipsum
639 745 848 792 namque
894 733 968 778 est
1013 729 1144 793 quod
1190 746 1320 778 nunc
1366 731 1551 793 grande
1605 731 1665 779 de
1712 734 1903 783 modico

147 814 385 873 effectum,
415 813 612 877 Muigeo
647 816 875 861 consuete
909 817 1126 871 vocatur,
1157 818 1207 860 et
1242 812 1483 860 conversis
1511 813 1806 876 jamdudum
1840 818 1904 866 ad

148 898 348 946 meliora
392 896 618 947 instituta
658 895 895 954 omnibus,
933 895 1180 958 egregium
1222 911 1425 943 examen
1472 896 1690 945 continet
1738 915 1903 948 mona-

148 980 360 1036 chorum,
381 978 542 1042 quide
562 976 812 1041 provincia
830 976 1110 1042 Anglorum
1127 976 1306 1025 ibidem
1326 977 1515 1026 collecti
1540 979 1602 1026 ad
1624 980 1904 1043 exemplum

148 1061 495 1111 venerabilium
521 1064 716 1124 patrum
750 1060 841 1109 sub
876 1060 1045 1124 regula
1080 1065 1129 1109 et
1162 1061 1335 1108 abbate
1368 1061 1612 1121 canonico,
1644 1062 1695 1109 in
1730 1080 1905 1129 magna

148 1143 442 1194 continentia
463 1149 513 1192 et
537 1143 812 1193 sinceritate
834 1142 1033 1208 proprio
1058 1143 1221 1192 labore
1244 1160 1477 1193 manuum
1502 1144 1686 1194 vivant.

888 1431 1033 1482 CAP.
1070 1433 1134 1484 V.

203 1570 267 1611 De
285 1577 408 1612 morte
430 1570 559 1611 Osuiu
578 1577 615 1610 et
634 1571 840 1623 Ecqbercti
857 1585 997 1622 reyum
1009 1587 1029 1618 ‚·
1058 1578 1093 1612 et
1112 1572 1163 1612 de
1182 1572 1336 1624 synodo
1347 1572 1470 1623 facta
1489 1574 1549 1614 ad
1569 1574 1702 1616 locum
1715 1575 1767 1615 H
1764 1582 1868 1618 erut-

466 1641 611 1692 sorda,
630 1640 698 1681 cui
709 1641 960 1694 proesidebat
979 1642 1309 1694 archiepiscopus
1330 1642 1575 1686 Theodorus.

214 1770 369 1817 ANNO
394 1769 663 1818 Dominicae
683 1769 1030 1819 incarnationis
1056 1770 1403 1819 sexcentesimo
1428 1773 1798 1837 septuagesim0‚
1820 1776 1904 1839 qui

145 1857 218 1900 est
275 1869 431 1900 annus
489 1853 726 1900 secundus
789 1870 850 1900 ex
910 1869 1006 1916 quo
1065 1853 1366 1900 Brittaniam
1426 1853 1562 1901 venit
1647 1890 1819 1930 A.n.670.

146 1936 437 1995 Theodorus,
474 1934 627 1984 Osuiu
673 1952 761 1983 rex
799 1935 1318 1998 Nordanhymbrorum
1364 1952 1559 1998 pressus
1614 1944 1717 2001 ang
1731 1945 1857 2003 Oswjio

146 2025 219 2068 est
265 2018 561 2076 infirmitate,
598 2034 695 2081 qua
741 2024 790 2066 et
837 2022 1059 2066 mortuus
1107 2023 1180 2066 est
1227 2035 1354 2066 anno
1398 2019 1559 2067 aetatis
1615 1994 1850 2080 ᾱζξῗαὲἓὲθέῗ

145 2118 245 2151 suae
279 2101 676 2171 quinquagesimo
712 2105 896 2160 octavo,
922 2101 1008 2164 qui
1043 2100 1094 2148 in
1126 2107 1320 2150 tantum
1352 2118 1408 2149 eo
1441 2107 1561 2149 tem-
1604 2094 1655 2136 by
1678 2094 1865 2136 Eegfrith.

146 2201 260 2248 pore
298 2184 554 2231 tenebatur
589 2201 752 2232 amore
789 2184 1027 2232 Romanae
1069 2188 1119 2232 et
1155 2183 1432 2247 apostolicae
1470 2183 1812 2245 institutionis,
1850 2191 1907 2235 ut

146 2267 189 2316 si
231 2266 292 2314 ab
337 2265 621 2314 infirmitate
663 2266 944 2325 salvaretur,
982 2266 1130 2314 etiam
1172 2266 1379 2314 Romam
1420 2266 1599 2326 venire,
1636 2267 1803 2331 ibique
1845 2268 1908 2316 ad

146 2349 249 2398 loca
286 2352 450 2397 sancta
484 2348 635 2397 vitam
675 2348 814 2397 finire
856 2349 1137 2412 disponeret
1152 2366 1165 2410 ;
1214 2349 1586 2413 Vilfridumque
1629 2350 1908 2414 episcopum

147 2433 317 2480 ducem
347 2431 439 2479 sibi
469 2430 656 2480 itineris
690 2432 809 2492 fieri,
836 2432 1074 2496 promissa
1104 2450 1202 2481 non
1230 2450 1383 2497 parva
1417 2434 1734 2497 pecuniarum
1758 2434 1907 2483 dona-

146 2515 292 2572 tione,
317 2518 524 2578 rogaret.
596 2514 695 2575 Qui
724 2515 980 2563 defunctus
1014 2515 1091 2563 die
1127 2515 1314 2564 decima
1349 2517 1525 2580 quinta
1540 2517 1556 2542 1
1587 2516 1909 2565 kalendarum

148 2597 454 2656 Martiarum,
495 2597 813 2660 Ecgfridum²
859 2597 1017 2646 filium
1052 2598 1191 2662 regni
1231 2598 1459 2648 heredem
1499 2599 1728 2663 reliquit:
1771 2600 1908 2664 cujus

148 2698 274 2730 anno
302 2680 440 2743 regni
475 2680 625 2728 tertio
662 2680 942 2729 Theodorus
973 2681 1102 2745 cogit
1136 2682 1396 2731 concilium
1432 2682 1784 2746 episcoporum,
1810 2700 1908 2731 una

148 2780 258 2812 cum
294 2762 363 2811 eis
399 2762 485 2826 qui
520 2763 748 2812 canonica
781 2770 980 2827 patrum
1015 2767 1201 2813 statuta
1233 2770 1283 2813 et
1319 2765 1581 2829 diligerent
1610 2770 1659 2813 et
1695 2771 1906 2823 nossent,

148 2846 396 2909 magistris
432 2846 639 2894 ecclesiae
670 2846 908 2910 pluribus.
993 2847 1184 2908 Quibus
1224 2848 1408 2912 pariter
1445 2848 1763 2911 congregatis,
1797 2848 1907 2895 dili-

148 2932 321 2994 genter
355 2944 411 2976 ea
446 2945 554 2992 quae
589 2928 770 2978 unitati
807 2929 938 2994 pacis
975 2930 1308 2981 ecclesiasticae
1345 2936 1682 2996 congruerent,
1718 2946 1773 2977 eo
1811 2946 1907 2992 quo

148 3081 190 3121 p.
213 3079 306 3120 499,
328 3067 466 3107 where
494 3066 548 3106 he
575 3071 706 3107 states
732 3067 827 3108 that
854 3068 890 3108 it
915 3082 1000 3109 was
1109 3068 1124 3092 ¹
1147 3069 1306 3110 decima
1325 3070 1492 3123 quinta]
1511 3069 1610 3109 Feb.
1631 3081 1692 3119 15,
1709 3077 1796 3106 ΑΔ).
1814 3066 1906 3118 670.

149 3123 239 3162 said
271 3127 316 3161 to
353 3122 458 3161 have
492 3122 598 3162 been
634 3123 852 3163 inhabited
883 3124 940 3175 by
974 3137 1000 3164 a
1109 3123 1126 3147 ²
1152 3124 1419 3177 Ecyfridum]
1443 3125 1513 3163 He
1531 3137 1615 3163 was
1634 3124 1739 3161 born
1759 3122 1802 3160 in
1817 3133 1902 3162 ΑΛ).

150 3177 340 3216 hundred
359 3178 498 3216 Saxon
517 3178 647 3217 saints
674 3177 719 3218 in
740 3179 813 3218 the
831 3178 934 3232 days
959 3179 1005 3219 of
1054 3177 1148 3230 645,
1169 3193 1236 3219 see
1260 3193 1294 3219 c.
1319 3179 1395 3228 26;
1429 3193 1474 3219 so
1502 3179 1598 3218 that
1627 3178 1680 3217 he
1699 3189 1785 3218 was
1813 3190 1907 3217 now

150 3231 325 3272 Cormac
342 3232 427 3272 and
445 3232 683 3274 Adomnan.
1053 3235 1315 3288 twenty-five
1334 3248 1454 3288 years
1473 3234 1556 3275 old.
