2216 3554
183 190 440 261 fCAP.*.x1.]
1886 196 1949 241 25

850 192 1013 243 Gentis
1047 192 1337 256 Anqlomm.

409 329 421 349 ‘
439 323 620 373 Contra
642 316 979 385 Augustinum
1000 328 1229 371 narratur
1252 337 1442 386 serpere
1467 321 1667 385 quidam

515 405 745 468 Scriptor‚
771 421 913 468 quem
938 404 1125 452 dudum
1141 404 1275 452 ,livor
1297 403 1462 451 adurit
1485 402 1622 451 edax,

444 487 566 549 Quis
589 492 735 549 caput
748 486 975 535 obscuris
999 490 1272 535 contectum
1295 491 1543 548 utcunque
1567 481 1785 533 cavernis

517 570 700 617 Tollere
723 569 873 616 humo
891 568 1121 617 miserum
1144 567 1360 631 propulit
1383 566 1733 629 anguiculum‘l

445 651 550 700 Aut
573 651 700 699 hunc
723 651 862 714 fruge
885 667 973 699 sua
995 651 1210 714 aequorei
1233 666 1406 713 pavere
1429 647 1639 707 Britani,

513 732 623 782 Aut
644 733 726 782 hic
751 732 996 797 Campano
1020 732 1238 797 gramine
1262 732 1408 781 corda
1431 728 1620 780 tumet?

926 913 1080 992 &AR
1117 939 1208 990 XI.

207 1080 265 1121 ''Ut
282 1086 478 1133 regnante
491 1080 681 1121 Honorio
696 1080 925 1121 Gratianus
944 1084 981 1121 et
1004 1080 1300 1121 Constantinus
1319 1079 1366 1120 in
1384 1079 1608 1121 Brittania
1626 1078 1802 1131 tyranni
1822 1078 1962 1124 creati,

374 1156 411 1190 et
428 1164 520 1191 mox
531 1151 654 1202 prior
670 1150 718 1190 in
736 1150 973 1198 Brittania,
989 1150 1189 1192 secundus
1206 1151 1255 1190 in
1277 1149 1420 1191 Gallia
1438 1150 1522 1190 eim
1542 1149 1787 1200 interempti.

281 1276 433 1325 Anno
452 1277 470 1303 ¹
516 1277 579 1325 ab
624 1277 951 1325 incarnatione
1000 1276 1198 1326 Domini
1245 1276 1722 1340 quadringentesimo
1758 1274 1962 1339 septimo

213 1362 407 1406 tenente
441 1358 700 1422 imperium
733 1359 958 1407 Honorio
979 1358 1209 1427 Augusto
1234 1358 1333 1406 filio
1361 1358 1623 1407 Theodosii
1731 1402 1907 1437 A·D-407·

215 1440 402 1489 minore
416 1442 435 1469 ²
458 1442 563 1489 loco
584 1442 646 1490 ab
664 1442 889 1506 Augusto
910 1441 1277 1506 quadragesimo
1297 1445 1486 1505 quarto,
1508 1445 1622 1489 ante
1666 1450 1872 1486 Gratianus
1886 1448 1965 1484 and

214 1522 263 1570 b.
369 1523 379 1532 .
482 1524 499 1550 3
782 1524 793 1534 .
952 1524 962 1533 .
1037 1524 1046 1533 .
1497 1523 1508 1534 .
1678 1499 1951 1535 Constantinus

250 1539 464 1571 lennium
522 1523 756 1572 Romanae
780 1528 1074 1588 1nrupt10n1s
1099 1541 1206 1587 quae
1227 1541 1315 1587 per
1337 1524 1624 1573 Halaricum
1675 1552 1881 1593 Emperors
1902 1549 1945 1584 in

218 1604 399 1667 Regem
418 1604 690 1655 Gothorum
714 1607 842 1654 facta
863 1611 948 1666 est,
976 1623 1085 1654 cum
1109 1611 1276 1669 gentes
1302 1606 1621 1665 Halanorum,
1719 1600 1882 1637 Britain.

220 1686 855 1748 Suevorum,Vandalorum,
876 1689 1137 1752 multaeque
1156 1705 1268 1736 cum
1286 1688 1362 1736 his
1381 1688 1488 1737 aliae
1508 1687 1732 1751 protritis
1749 1684 1966 1745 Francis,

216 1769 423 1817 transito
458 1768 642 1829 Hreno,
678 1774 806 1818 tot-as
851 1787 939 1833 per
985 1770 1171 1819 Gallias
1218 1770 1460 1830 saevirent,
1496 1771 1626 1834 apud
1661 1767 1934 1817 Brittanias
1949 1769 1967 1794 4

220 1851 483 1901 Gratianus
502 1852 520 1879 ⁵
542 1852 789 1916 municeps
803 1854 820 1879 ⁶
842 1858 1080 1915 tyrannus
1105 1858 1297 1901 creatur
1320 1857 1370 1901 et
1389 1852 1639 1901 occiditur.
1677 1852 1845 1915 Hujus
1861 1850 1968 1898 loco

221 1933 566 1983 Constantinus
618 1950 679 1983 ex
727 1935 895 1983 infima
935 1935 1124 1995 militia,
1155 1938 1360 1998 'propter
1396 1935 1549 1983 solam
1586 1951 1721 1998 spem
1752 1931 1970 1981 >nominis

213 2017 322 2066 sine
356 2017 531 2066 merito
567 2017 765 2066 virtutis
800 2018 997 2081 eligitur
1019 2034 1029 2066 :
1068 2018 1154 2081 qui
1177 2018 1405 2066 continuo
1429 2022 1486 2066 ut
1510 2017 1687 2066 invasit
1710 2014 1971 2079 imperium

220 2101 272 2148 in
289 2100 471 2149 Gallias
485 2100 684 2149 transiit
703 2117 716 2162 ;
755 2101 823 2148 ibi
841 2118 967 2164 saepe
990 2118 1019 2149 a
1035 2101 1256 2149 barbaris
1274 2101 1477 2148 ‘incertis
1496 2100 1762 2148 foederibus
1785 2099 1971 2146 inlusus

220 2183 513 2232 detrimento
536 2184 691 2247 magis
723 2184 998 2248 reipublicae
1021 2184 1145 2233 fuit:
1181 2183 1310 2231 unde
1344 2200 1460 2231 mox
1477 2184 1496 2210 ⁷
1525 2182 1725 2246 jubente
1749 2179 1973 2229 Honorio

223 2266 536 2316 Constantius
583 2284 740 2316 comes
779 2267 840 2315 ‘in
886 2266 1097 2315 Galliam
1143 2283 1254 2314 cum
1300 2266 1514 2314 exercitu
1548 2266 1807 2329 profectus,
1844 2263 1975 2326 apud

223 2350 471 2399 Arelatem
505 2350 754 2399 civitatem
788 2367 897 2399 eum
934 2349 1122 2409 clausit,
1148 2349 1292 2413 cepit,
1318 2348 1522 2397 occidit:
1562 2348 1975 2410 Constantemque

473 2521 483 2531 .
515 2520 525 2530 .
556 2521 566 2530 .
593 2489 780 2543 septimo]
813 2489 957 2529 About
985 2499 1072 2529 ΑΛ).

224 2553 322 2597 407.
355 2544 396 2584 S.
419 2545 474 2585 V.

281 2598 298 2622 ²
329 2600 505 2652 minore]
536 2600 704 2639 Almost
731 2599 788 2639 all
818 2599 946 2639 MSS.
975 2598 1074 2638 here

227 2654 326 2695 read
339 2660 348 2675 ‘
364 2654 559 2694 minoris!
589 2655 691 2701 Yet,
704 2655 755 2694 cf.
764 2654 881 2694 Beda
892 2653 1069 2701 himself,

229 2710 381 2750 Chron.
410 2709 460 2749 ad
491 2722 528 2748 a.
557 2718 678 2762 4377.
746 2708 963 2749 Honorius
985 2721 1071 2749 was

229 2765 302 2804 the
331 2763 484 2803 second
516 2776 591 2803 son
627 2764 674 2804 of
703 2764 959 2804 Theodosius
997 2763 1070 2803 the

229 2820 355 2860 First.

284 2874 300 2898 ³
320 2872 547 2925 biennium]
570 2873 702 2912 Three
714 2886 846 2926 years.
878 2873 968 2912 The
982 2885 1076 2924 cap-

231 2933 325 2969 ture
345 2929 390 2969 of
413 2929 547 2968 Rome
575 2928 630 2980 by
657 2927 804 2968 Alaric
822 2941 907 2968 was
927 2928 971 2967 in
989 2937 1076 2968 Ad).

264 2996 326 3024 10.

231 2998 259 3037 4
287 3038 303 3061 ⁴
328 3039 445 3091 apud
477 3037 718 3077 Brittannias
739 3067 749 3077 .
782 3066 793 3076 .
822 3067 832 3077 .
853 3036 1072 3091 interfecit]

233 3094 386 3134 Pieced
413 3094 520 3132 from
548 3093 665 3132 Oros.
697 3091 766 3131 vii.
795 3104 945 3144 40-42.
1013 3091 1075 3132 Of.

233 3149 344 3189 Gild.
376 3149 462 3187 xix.
491 3154 501 3169 ‘
518 3147 800 3199 Ungebantur
829 3160 959 3199 reges,
990 3160 1077 3187 non

235 3217 310 3256 per
323 3204 474 3251 Deum,
483 3202 554 3242 sed
570 3202 642 3254 qui
658 3202 815 3241 caeteris
828 3202 1080 3242 crudeliores

1119 2501 1214 2527 non
1242 2501 1317 2540 pro
1345 2487 1434 2527 veri
1454 2486 1776 2534 examinatione,
1796 2484 1975 2525 trucida-

1128 2543 1296 2589 bantur,
1315 2543 1407 2582 aliis
1426 2543 1570 2582 electis
1589 2539 1865 2581 trucioribus?

1184 2599 1200 2622 ⁵
1233 2597 1478 2650 Gratianus]
1529 2597 1614 2636 For
1650 2597 1736 2636 this
1775 2595 1899 2635 series
1935 2593 1983 2633 of

1127 2652 1356 2692 shortlived
1375 2656 1552 2705 tyr-ants,
1572 2666 1639 2692 see
1658 2650 1978 2703 olympiodorus

1126 2708 1239 2759 apud
1286 2707 1501 2754 Photium,
1549 2707 1653 2746 God.
1698 2706 1762 2746 80.
1802 2719 1842 2758 p.
1887 2706 1974 2749 180,

1125 2776 1192 2815 ap.
1214 2763 1319 2803 Clin.
1343 2762 1493 2802 zosim.
1513 2762 1568 2802 vi.
1595 2774 1684 2814 2-4.
1747 2761 1904 2800 Sozom.
1923 2759 1977 2797 ix.

1135 2829 1152 2856 1
1163 2825 1280 2869 1—17.
1337 2818 1521 2857 Zosimus
1534 2816 1748 2868 distinctly
1759 2828 1863 2867 says,
1885 2814 1978 2853 that

1131 2873 1233 2925 they
1254 2885 1360 2912 were
1380 2872 1568 2912 elevated
1595 2872 1701 2911 from
1730 2871 1816 2910 fear
1835 2869 1883 2908 of
1904 2868 1978 2907 the

1131 2927 1334 2975 Vandals,
1352 2927 1490 2974 Suevi,
1507 2926 1594 2972 δια,
1613 2926 1703 2966 who
1718 2925 1801 2964 had
1819 2921 1979 2962 crossed

1131 2982 1222 3022 into
1250 2982 1373 3028 Gaul,
1413 2982 1497 3022 and
1532 2982 1700 3021 become
1732 2977 1978 3019 formidable

1132 3051 1236 3077 even
1257 3041 1300 3076 to
1320 3037 1498 3076 Britain.

1186 3092 1203 3116 ⁶
1230 3091 1454 3143 municeps]
1508 3097 1518 3113 ⁶
1533 3090 1614 3140 Qui
1660 3089 1705 3128 in
1751 3084 1979 3137 municipio

1131 3148 1237 3188 liber
1255 3150 1378 3186 natus
1398 3147 1515 3187 erat)
1572 3145 1684 3184 Fest.
1718 3144 1760 3181 A
1783 3139 1976 3192 burgher.

1188 3201 1205 3225 ⁷
1233 3203 1345 3252 mox]
1387 3201 1442 3240 111
1478 3211 1566 3241 A.D.
1603 3209 1697 3251 411,
1734 3197 1826 3236 four
1858 3207 1978 3249 years

237 3262 460 3307 exstarent,
468 3261 511 3298 et
522 3257 745 3310 paulopost
758 3255 812 3298 ab
823 3256 1079 3306 unctoribus,
1126 3257 1257 3297 after.
1302 3256 1432 3297 Clint.
1455 3255 1503 3295 F.
1524 3255 1578 3295 R.
