2216 3554
163 210 284 259 CAP.
310 206 424 277 vu]
701 200 715 211 ’
803 207 967 256 Gentis
999 207 1286 271 Anqlorum.
1815 213 1912 256 229

884 411 1030 507 OAP.
1066 457 1188 508 VII.

194 583 243 624 Ut
271 585 318 624 in
346 584 587 626 monasterio
615 583 888 632 Bericinensi,
917 582 990 622 ubi
1018 595 1187 633 corpora
1215 582 1597 624 sanctimonialium
1619 583 1883 636 feminarum

526 654 630 705 poni
659 653 854 707 deberent,
887 652 1038 692 coelesti
1065 651 1120 691 sit
1148 650 1235 691 lace
1262 655 1546 693 monstratum.

231 767 297 814 IN
321 766 410 814 hoc
434 765 612 814 etenim
635 763 927 812 monasterio
951 763 1095 826 plura
1118 762 1358 812 virtutum
1393 770 1510 813 sunt
1545 766 1683 829 signa
1707 770 1910 829 patrata,

164 865 270 911 quae
294 853 343 896 et
365 848 427 896 ad
450 847 730 896 memoriam
762 846 1222 908 aedificationemque
1246 847 1567 909 sequentium,
1626 869 1802 904 Miraoles
1816 871 1857 904 at

163 932 223 978 ab
256 931 331 978 his
367 931 451 994 qui
487 947 674 988 novere,
697 928 968 992 descripta¹
992 927 1232 975 habentur
1256 944 1285 975 a
1309 929 1504 978 multis:
1543 947 1568 978 e
1660 920 1829 1013 ξῖῗῖἓὲ

164 1013 338 1075 quibus
362 1019 410 1061 et
434 1030 521 1061 nos
556 1012 718 1076 aliqua
742 1011 976 1060 Historiae
1012 1014 1191 1068 nostrae
1217 1010 1567 1060 Ecclesiasticae
1626 1034 1655 1055 1-
1671 1020 1750 1055 site
1765 1021 1858 1055 fora

163 1095 370 1143 inserere
410 1095 700 1143 curavimus.
788 1094 912 1143 Cum
959 1099 1221 1156 tempestas
1262 1111 1385 1158 saepe
1426 1095 1568 1144 dictae
1611 1071 1877 1163 ffissffilfflffify

163 1178 312 1225 cladis
344 1178 440 1226 late
473 1182 645 1225 cuncta
680 1177 993 1240 depopulans,
1021 1177 1168 1225 etiam
1191 1184 1379 1240 partem
1404 1196 1570 1226 mona-
1638 1171 1842 1207 indicated.

163 1260 300 1307 sterii
324 1261 470 1322 hujus
494 1260 626 1308 illam
654 1277 749 1323 qua
771 1260 866 1322 viri
893 1261 1197 1319 tenebantur,
1223 1260 1491 1320 invasisset,
1519 1267 1568 1310 et
1590 1262 1770 1325 passim
1796 1279 1912 1325 quo-

161 1342 281 1390 tidie
317 1349 600 1406 raperentur
635 1343 696 1390 ad
733 1342 1027 1390 Dominum:
1080 1342 1286 1390 sollicita
1320 1347 1477 1391 mater
1512 1344 1910 1408 congregationis,

161 1442 255 1487 qua
297 1425 415 1472 hora
455 1424 602 1472 etiam
642 1441 747 1472 eam
795 1424 1075 1472 monasterii
1113 1429 1317 1487 partem,
1356 1443 1451 1490 qua
1491 1426 1776 1474 ancillarum
1818 1426 1911 1473 Dei

161 1516 352 1555 caterva
387 1524 415 1554 a
449 1506 666 1554 virorum
701 1512 805 1554 erat
841 1512 1023 1554 secreta
1058 1507 1392 1566 contubernio,
1426 1509 1591 1557 eadem
1626 1509 1770 1572 plaga
1804 1513 1911 1557 tan-

160 1594 309 1653 geret,
340 1589 554 1637 crebrius
589 1588 638 1635 in
676 1593 916 1636 conventu
951 1605 1170 1636 sororum
1205 1589 1488 1653 perquirere
1524 1591 1671 1654 coepit
1700 1608 1795 1654 quo
1819 1590 1913 1638 loci

159 1674 210 1719 in
235 1671 525 1720 monasterio
550 1687 751 1734 corpora
776 1687 861 1718 sua
890 1671 1007 1734 poni
1043 1677 1091 1719 et
1127 1671 1420 1721 cimiterium
1451 1673 1557 1721 fieri
1581 1674 1775 1734 vellent,
1801 1690 1911 1722 cum

158 1771 235 1802 eas
260 1754 422 1801 eodem
450 1770 544 1817 quo
570 1760 766 1802 caeteros
803 1753 1092 1801 exterminio
1124 1754 1312 1816 raptari
1338 1772 1362 1802 e
1389 1756 1569 1803 mundo
1595 1756 1912 1820 contingeret.

159 1837 379 1900 Cumque
402 1835 525 1883 nihil
552 1836 671 1883 certi
695 1836 926 1899 responsi,
952 1836 1148 1884 tametsi
1183 1836 1361 1899 saepius
1391 1837 1656 1900 inquirens,
1682 1857 1710 1886 a
1735 1838 1912 1886 sorori-

157 1919 248 1966 bus
271 1919 544 1982 accepisset,
566 1919 752 1982 accepit
786 1918 892 1981 ipsa
929 1935 1039 1966 cum
1076 1918 1301 1966 omnibus
1338 1920 1660 1967 certissimum
1691 1938 1912 1984 supernae

155 2002 447 2065 provisionis
470 2018 766 2065 responsum.
829 2000 954 2049 Cum
980 2000 1110 2049 enim
1128 2008 1269 2049 nocte
1289 2003 1497 2065 quadam
1524 2003 1727 2065 expletis
1752 2009 1911 2050 matu-

157 2084 272 2132 tinae
307 2084 465 2132 laudis
494 2083 788 2147 psalmodiis,
813 2099 1019 2146 egressae
1055 2083 1115 2131 de
1152 2083 1362 2131 oratorio
1399 2084 1592 2133 famulae
1625 2085 1821 2144 Christi,
1849 2086 1911 2132 ad

158 2167 373 2231 sepulcra
418 2167 640 2224 fratrum,
681 2165 766 2229 qui
813 2183 892 2213 eas
939 2184 1000 2214 ex
1052 2166 1140 2213 hac
1193 2166 1299 2214 luce
1346 2174 1705 2229 praecesserant,
1743 2168 1911 2217 solitas

158 2250 367 2297 Domino
384 2249 550 2298 laudes
575 2250 899 2308 decantarent,
921 2266 1026 2297 ecce
1051 2249 1214 2297 subito
1239 2249 1326 2296 lux
1346 2251 1519 2299 emissa
1539 2251 1738 2311 caelitus,
1757 2252 1911 2300 veluti

156 2332 363 2379 linteum
388 2349 616 2396 magnum
640 2332 774 2380 venit
809 2349 955 2395 super
986 2349 1164 2390 omnes,
1192 2336 1425 2395 tantoque
1462 2350 1540 2381 eas
1576 2338 1775 2397 stupore
1803 2352 1910 2397 per-

158 2414 292 2472 culit,
328 2420 385 2462 ut
420 2414 567 2462 etiam
603 2415 844 2462 canticum
880 2415 1010 2477 quod
1058 2415 1295 2462 canebant
1337 2416 1631 2464 tremefactae
1667 2417 1911 2465 intermit-

137 2503 332 2545 ·terent.
402 2495 516 2559 Ipse
551 2500 714 2544 autem
752 2497 980 2559 splendor
1014 2497 1200 2545 emissae
1237 2497 1371 2556 lucis,
1409 2497 1460 2544 in
1497 2501 1635 2560 cujus
1669 2516 1910 2562 compara-

157 2580 289 2627 tione
314 2578 385 2626 sol
410 2578 704 2626 meridianus
729 2572 885 2626 videri
921 2583 1082 2641 posset
1118 2580 1361 2638 obscurus,
1386 2596 1485 2627 non
1510 2581 1663 2628 multo
1688 2588 1799 2644 post
1824 2582 1908 2629 1110

158 2662 371 2708 elevatus
397 2660 455 2708 de
478 2660 593 2719 loco,
619 2660 671 2707 in
707 2660 1026 2708 meridianam
1061 2661 1342 2709 monasterii
1377 2667 1580 2724 partem,
1605 2662 1695 2710 hoc
1733 2667 1818 2723 est,
1846 2665 1907 2711 ad

158 2743 452 2791 occidentem
489 2743 686 2790 oratorii
723 2743 930 2802 secessit,
957 2743 1121 2807 ibique
1156 2743 1442 2807 aliquandiu
1478 2751 1749 2794 remoratus
1780 2751 1828 2793 et
1854 2763 1908 2793 ea

157 2827 259 2873 loca
284 2825 514 2887 operiens,
540 2825 608 2873 sic
632 2825 905 2874 videntibus
930 2826 1114 2873 cunctis
1137 2826 1198 2874 ad
1223 2827 1328 2874 caeli
1353 2843 1402 2874 se
1427 2827 1527 2875 alta
1552 2829 1810 2887 subduxit;
1851 2834 1908 2875 ut

158 2907 279 2955 nulli
306 2911 429 2955 esset
453 2907 667 2966 dubium,
686 2907 804 2970 quin
829 2907 933 2971 ipsa
955 2908 1040 2955 lux
1065 2925 1173 2971 quae
1197 2909 1382 2957 animas
1407 2909 1698 2958 famularum
1719 2910 1903 2958 Christi

156 2996 281 3037 esset
316 2989 522 3037 ductura
556 2989 631 3037 vel
668 2996 948 3054 susceptura
983 2991 1034 3038 in
1070 2991 1213 3051 caelis,
1239 2991 1385 3039 etiam
1420 2992 1703 3055 corporibus
1740 3008 1905 3039 earum

156 3071 312 3119 locum
338 3071 387 3118 in
413 3088 509 3135 quo
533 3072 826 3135 requietura,
851 3078 900 3122 et
927 3072 1056 3121 diem
1081 3074 1451 3122 resurrectionis
1477 3080 1635 3122 essent
1660 3077 1907 3136 exspecta-

213 3209 224 3231 ¹
254 3208 473 3261 descripta]
504 3209 567 3250 On
595 3224 634 3263 p.
659 3221 749 3262 233,
771 3210 823 3251 he
852 3211 977 3252 refers
1005 3215 1049 3253 to
1077 3225 1103 3253 a.
1126 3211 1339 3254 ‘libellus'
1361 3227 1406 3254 as
1434 3214 1497 3253 his
1526 3211 1739 3264 authority
1758 3210 1821 3250 for
1849 3209 1906 3250 all

156 3263 269 3303 these
291 3265 491 3307 miracles.
