2216 3554
47 237 52 243 .
136 192 259 242 CAP.
282 187 415 258 m]
777 188 941 239 &enti-s
974 188 1256 252 Anylomm.
1792 192 1887 240 175

136 324 390 383 inveniret,
422 320 726 386 peregrinam
761 320 938 369 ducere
971 319 1140 368 vitam.
1214 319 1312 381 Qui
1347 335 1457 367 cum
1494 318 1556 367 ad
1590 320 1889 383 provinciam

139 405 463 454 Orientalium
502 402 797 468 pervenisset
831 400 1126 464 Anglorum‚
1163 405 1414 464 susceptus
1455 406 1529 449 est
1563 401 1825 451 honorifice
1860 421 1890 451 a

138 505 249 551 rege
285 487 517 551 praefato:
567 490 617 534 et
654 485 851 534 solitum
892 484 985 533 sibi
1033 501 1155 547 opus
1202 483 1564 547 evangelizandi
1610 500 1888 548 exsequens,

139 570 318 617 multos
352 576 401 618 et
436 568 657 631 exemplo
679 566 882 616 virtutis
914 570 965 614 et
999 566 1315 614 incitamento
1350 565 1600 625 sermonis,
1624 566 1702 614 vel
1735 565 1890 614 incre-

139 652 278 700 dulos
308 652 370 699 ad
398 649 648 700 Christum
675 647 933 707 convertit,
957 648 1036 696 vel
1066 648 1167 712 jam
1200 648 1448 697 credentes
1478 648 1687 711 amplius
1713 647 1768 694 in
1795 647 1890 695 fide

139 740 285 797 atque
308 748 469 781 amore
494 730 679 779 Christi
703 729 1022 778 confirmavit.

207 815 309 866 Ubi
355 815 563 879 quadam
598 813 884 861 infirmitate
928 812 1140 876 corporis
1181 815 1418 876 arreptus,
1454 811 1671 875 angelica
1711 811 1891 860 meruit

138 898 325 946 visione
364 896 563 960 perfrui,
605 896 656 943 in
694 912 791 958 qua
832 885 1111 943 admonitus
1145 899 1219 942 est
1254 900 1411 957 coepto
1442 893 1580 942 verbi
1618 894 1890 942 ministerio

138 979 331 1027 sedulus
375 978 610 1037 insistere,
657 977 938 1042 vigiliisque
985 976 1224 1025 consuetis
1281 976 1579 1024 orationibus
1626 975 1891 1025 indefessus

139 1060 449 1120 incumbere;
496 1077 551 1108 eo
590 1060 720 1124 quod
763 1064 924 1108 certus
965 1058 1061 1108 sibi
1107 1059 1280 1118 ex'itus,
1324 1059 1408 1107 sed
1450 1058 1635 1107 incerta
1675 1058 1890 1121 ejusdem

139 1143 300 1192 exitus
323 1146 446 1191 esset
469 1142 588 1190 hora
610 1142 791 1201 futura,
811 1141 1001 1189 dicente
1025 1140 1236 1189 Domino
1257 1160 1267 1189 :
1307 1146 1319 1167 ‘
1335 1140 1549 1204 Vigilate
1571 1141 1753 1205 itaque,
1778 1140 1891 1204 quia

140 1225 334 1274 nescitis
369 1225 496 1274 diem
532 1241 687 1288 neque
723 1224 921 1272 horam?
994 1223 1103 1283 Qua
1125 1223 1311 1272 visione
1345 1223 1669 1284 confirmatus,
1702 1223 1893 1272 curavit

138 1308 298 1356 locum
332 1307 624 1367 monasterii,
662 1323 806 1370 quem
847 1324 876 1354 a
914 1308 1116 1370 praefato
1151 1321 1263 1368 rege
1299 1305 1551 1368 Sigbercto
1609 1355 1659 1380 an
1660 1345 1686 1379 d
1699 1345 1781 1381 buil
1782 1346 1828 1381 ds

138 1397 399 1454 acceperat,
423 1389 720 1438 velocissime
744 1395 1034 1448 construere,
1060 1406 1114 1437 ac
1143 1387 1447 1452 regularibus
1479 1388 1552 1435 in-
1606 1396 1682 1451 two
1696 1405 1847 1432 monas-

138 1474 342 1521 stituere
382 1471 663 1535 disciplinis.
734 1472 856 1520 Erat
889 1476 1053 1520 autem
1088 1470 1437 1519 monasterium
1472 1470 1553 1519 sil·
1603 1446 1717 1480 tenes
1732 1445 1852 1481 there.

138 1572 334 1614 vanum,
376 1559 427 1603 et
472 1554 620 1603 maris
657 1553 908 1603 vicinitate
955 1570 1212 1612 amoenum,
1259 1557 1590 1601 constructum
1636 1552 1688 1599 in
1734 1560 1892 1602 castro

140 1637 364 1700 quodam,
400 1637 531 1700 quod
564 1637 733 1700 lingua
767 1635 1043 1700 Anglorum
1079 1635 1527 1698 Cnobheresburg1‚
1565 1635 1617 1682 id
1652 1638 1738 1695 est,
1776 1637 1892 1685 urbs

139 1718 384 1768 Cnobheri
418 1724 643 1779 vocatur3
692 1719 823 1782 quod
859 1718 1031 1766 deinde
1063 1734 1149 1765 rex
1184 1716 1446 1780 provinciae
1485 1716 1616 1764 illius
1651 1716 1811 1777 Anna,
1835 1737 1892 1767 ac

138 1800 323 1848 nobiles
362 1800 541 1863 quique
581 1800 946 1863 augustioribus
981 1799 1200 1849 aedificiis
1235 1816 1289 1847 ac
1325 1799 1537 1848 donariis
1576 1800 1889 1848 adornarunt.

138 1882 263 1931 Erat
285 1886 451 1930 autem
475 1883 553 1931 vir
576 1883 668 1931 iste
693 1883 753 1931 de
780 1883 1081 1932 nobilissimo
1115 1899 1290 1945 genere
1323 1882 1616 1941 Scottorum,
1642 1883 1726 1930 sed
1749 1883 1891 1947 longe

137 1965 300 2015 animo
336 1982 483 2028 quam
518 1982 659 2014 carne
693 1966 917 2014 nobilior.
1004 1964 1086 2014 Ab
1133 1966 1241 2029 ipso
1282 1969 1502 2029 tempore
1536 1965 1757 2028 pueritiae
1793 1983 1892 2014 suae

139 2064 302 2096 curam
325 2065 423 2096 non
446 2049 684 2097 modicam
711 2048 1001 2097 lectionibus
1026 2048 1174 2096 sacris
1206 2047 1351 2096 simul
1375 2053 1424 2095 et
1447 2047 1725 2096 monasticis
1757 2049 1892 2097 exhi-

139 2131 283 2179 bebat
322 2130 603 2194 disciplinis,
641 2137 704 2191 et,
740 2131 871 2196 quod
905 2130 1117 2178 maxime
1158 2134 1348 2178 sanctos
1383 2130 1533 2190 decet,
1576 2136 1749 2178 cuncta
1784 2147 1892 2195 quae

140 2212 325 2277 agenda
347 2212 594 2272 didicerat,
619 2213 854 2262 sollicitus
877 2230 1019 2277 agere
1044 2213 1258 2262 curabat.

211 2294 343 2356 Quid
373 2295 561 2344 multa‘l
617 2295 914 2344 Procedente
938 2300 1155 2360 tempore
1190 2301 1239 2344 et
1273 2295 1378 2360 ipse
1414 2295 1509 2345 sibi
1543 2296 1892 2345 monasterium

142 2378 194 2426 in
245 2394 341 2440 quo
385 2376 584 2425 liberius
630 2378 900 2427 caelestibus
955 2378 1130 2427 studiis
1175 2385 1383 2439 vacaret,
1435 2396 1548 2428 con·
1602 2390 1676 2426 His
1690 2391 1841 2427 visions.

142 2459 350 2509 struxit:
401 2459 486 2508 ubi
526 2466 774 2524 correptus
818 2461 1116 2520 infirmitate,
1159 2461 1284 2511 sicut
1323 2462 1511 2511 libellus
1550 2464 1612 2512 de
1645 2465 1750 2513 vita
1790 2467 1893 2531 ejus

143 2541 443 2605 conscriptus
466 2541 755 2591 sufficienter
778 2544 958 2603 edocet,
975 2548 1145 2608 raptus
1169 2548 1243 2594 est
1265 2561 1292 2594 e
1315 2562 1541 2609 corpore:
1580 2551 1629 2595 et
1647 2564 1675 2595 a
1692 2565 1894 2611 vespera

143 2641 295 2688 usque
333 2624 395 2671 ad
430 2623 547 2688 galli
580 2630 778 2673 cantum
812 2642 1009 2689 corpore
1044 2633 1233 2686 exutus,
1269 2628 1596 2692 angelicorum
1641 2631 1892 2693 agminum

144 2747 277 2788 which
298 2746 413 2787 Beda
439 2746 475 2787 is
502 2746 591 2787 said
618 2751 662 2788 to
686 2748 792 2789 have
821 2748 990 2801 copied;
1044 2749 1128 2790 and
1153 2763 1231 2790 one
1258 2755 1303 2791 at
1332 2751 1608 2802 Latiffiaeum,
1631 2766 1677 2793 or
1696 2754 1891 2807 Lezigny,

144 2802 228 2843 and
255 2816 282 2842 a
310 2802 403 2842 Life
429 2802 487 2854 by
514 2803 647 2843 Jonas
674 2803 722 2843 of
745 2803 917 2853 Bobbio,
947 2805 990 2844 in
1043 2805 1100 2845 ib.
1119 2805 1191 2846 vii.
1215 2819 1308 2858 490.

144 2855 383 2897 Mabillon’s
407 2858 521 2897 Acta
548 2857 794 2897 Sanctorum
822 2858 990 2899 Ordinis
1098 2859 1114 2883 ¹
1144 2859 1482 2916 cnobheresbury]
1519 2863 1733 2916 Supposed
1763 2867 1807 2902 to
1838 2864 1891 2903 be

145 2912 419 2957 Beneffictini,
447 2911 490 2951 ii.
522 2924 610 2965 299.
668 2913 849 2952 Furseus
875 2926 991 2953 came
1045 2914 1117 2954 the
1154 2928 1265 2955 same
1293 2917 1396 2957 with
1423 2917 1497 2957 the
1527 2918 1691 2958 Roman
1718 2917 1891 2957 Garian-

146 2973 189 3007 to
208 2966 401 3018 England
419 2966 549 3006 about
570 2977 657 3007 ΑΔ).
678 2966 703 3007 6
708 2979 729 3017 3
735 2979 771 3018 3,
792 2969 987 3009 returned
1041 2981 1209 3018 nonum,
1230 2984 1284 3011 on
1301 2971 1374 3012 the
1386 2972 1614 3021 Gariensis,
1634 2973 1770 3011 where
1783 2986 1890 3012 were

144 3025 189 3061 to
209 3022 369 3061 France
397 3020 524 3060 about
553 3031 641 3061 ΑΛ).
665 3021 759 3073 648,
786 3022 868 3062 and
895 3023 991 3064 died
1044 3024 1189 3077 posted
1247 3026 1321 3066 the
1382 3028 1568 3079 ‘equites
1616 3025 1887 3065 Stablesiani'

145 3076 190 3115 in
209 3087 297 3116 ΔΛ).
327 3074 422 3124 650,
451 3081 496 3115 at
526 3075 730 3116 Mazieres
754 3077 799 3115 in
826 3077 988 3120 Poitou.
1045 3078 1172 3119 about
1210 3091 1297 3122 ΑΛ),
1326 3093 1422 3133 400,
1464 3082 1527 3120 M.
1548 3081 1606 3120 H.
1629 3081 1677 3119 B.
1707 3094 1746 3131 p.
1776 3082 1886 3122 xxiv,

147 3130 217 3170 He
238 3130 418 3170 founded
438 3135 520 3169 two
546 3130 822 3177 monasterias,
842 3137 990 3184 onespt
1044 3133 1155 3174 Now
1182 3135 1470 3187 Burghcastle,
1506 3136 1643 3175 where
1672 3134 1791 3173 there
1818 3148 1889 3175 are

146 3185 347 3230 Perenne,
370 3185 587 3231 Mabillon,
615 3184 699 3225 xiv.
725 3197 760 3233 2,
779 3186 916 3227 where
940 3187 993 3228 he
1048 3188 1136 3229 stin
1164 3191 1446 3230 considerable
1473 3190 1653 3228 remains
1681 3189 1725 3227 of
1753 3202 1779 3228 a
1807 3189 1889 3230 Ro-

146 3252 231 3279 was
264 3239 424 3287 buried,
455 3239 565 3280 Gall.
601 3239 753 3281 Christ.
783 3242 837 3281 ix,
872 3253 989 3295 1035,
1043 3255 1141 3284 man
1160 3244 1340 3286 fortress.
1397 3244 1593 3293 Camden,
1617 3242 1660 3283 ii.
1685 3251 1777 3296 157.
