2216 3554
201 201 324 250 CAP.
345 198 426 270 11.]
831 200 995 250 Gentis
1028 198 1315 262 Anqlorum.
1858 205 1947 249 141.

950 494 1102 543 OAP.
1139 493 1210 542 II.

210 649 260 690 Ut
279 649 328 689 de
346 649 461 700 liquo
481 648 612 689 crucis
631 648 738 700 quod
757 647 865 688 idem
888 660 959 688 rex
984 651 1126 688 contra
1145 646 1340 686 barbaros
1357 649 1622 698 pugnaturus
1642 652 1832 692 erexerat,
1853 646 1959 687 inter

312 719 530 759 innume-ra
547 719 774 759 sanitatum
797 717 1021 764 miracula,
1051 716 1223 769 quidam
1251 729 1280 756 a
1309 716 1483 756 dolentis
1503 715 1668 756 brachii
1687 716 1743 756 sit
1763 715 1961 768 lanquore

313 793 494 828 curatus.

275 912 610 961 OSTENDITUR
655 916 818 961 autem
863 928 1017 976 usque
1063 910 1206 960 hodie
1244 915 1295 960 et
1340 911 1392 959 in
1435 928 1609 975 magna
1647 913 1958 961 veneratione

207 995 414 1044 habetur
447 996 580 1043 locus
613 995 709 1056 ille,
744 995 831 1043 ubi
865 1001 1103 1043 venturus
1140 994 1203 1043 ad
1242 993 1366 1043 hanc
1406 1011 1617 1058 pugnam
1702 1005 1876 1045 1111635-

209 1077 391 1127 Osuald
443 1078 639 1142 signum
696 1081 874 1125 sanctae
922 1077 1078 1126 crucis
1093 1077 1109 1102 1
1165 1076 1333 1135 erexit,
1381 1094 1435 1125 ac
1481 1077 1619 1125 flexis
1662 1058 1867 1144 Τὴῖξέᾕξθ
1881 1059 1923 1095 οἰ

208 1160 410 1224 genibus
434 1160 699 1208 Dominum
722 1159 1004 1223 deprecatus
1029 1162 1115 1217 est,
1141 1164 1198 1207 ut
1220 1159 1274 1206 in
1296 1164 1434 1207 tanta
1457 1177 1621 1207 rerum
1706 1158 1739 1192 1⁵¹
1756 1159 1878 1193 called

207 1243 491 1291 necessit-ate
508 1242 607 1290 suis
626 1242 893 1290 cultoribus
910 1241 1086 1290 caelesti
1106 1247 1405 1290 succurreret
1422 1242 1620 1291 auxilio.
1696 1206 1879 1298 033?

209 1326 433 1389 Denique
456 1326 611 1373 fertur
635 1325 752 1389 quia
771 1325 900 1373 facta
924 1325 1073 1373 citato
1095 1341 1241 1388 opere
1265 1341 1418 1385 cruce,
1444 1342 1498 1373 ac
1522 1326 1661 1374 fovea
1689 1329 1964 1390 praeparata

208 1409 260 1455 in
283 1425 379 1472 qua
402 1407 552 1456 statui
576 1408 786 1466 deberet,
809 1407 912 1471 ipse
943 1407 1037 1455 fide
1061 1407 1250 1455 fervens
1281 1407 1406 1455 hanc
1433 1408 1707 1471 arripuerit,
1733 1426 1788 1457 ac
1812 1410 1964 1458 foveae

210 1489 506 1555 imposuerit,
532 1494 678 1554 atque
701 1494 911 1554 utraque
934 1507 1081 1537 manu
1105 1495 1312 1538 erectam
1335 1490 1563 1550 tenuerit,
1588 1491 1739 1540 donec
1763 1492 1965 1556 adgesto

209 1591 239 1622 a
285 1573 529 1622 militibus
570 1573 783 1636 pulvere,
825 1578 966 1620 terrae
1007 1571 1247 1636 figeretur.
1320 1572 1388 1621 Et
1434 1573 1525 1621 hoc
1571 1574 1710 1633 facto,
1750 1575 1878 1623 elata
1914 1575 1965 1622 in

209 1657 366 1705 altum
397 1672 512 1703 voce
548 1659 720 1702 cuncto
757 1652 993 1702 exercitui
1028 1654 1425 1717 proclamaverit:
1464 1658 1475 1680 ‘
1492 1655 1767 1704 Flectamus
1802 1674 1966 1705 omnes

210 1755 380 1802 genua,
406 1743 455 1785 et
480 1736 745 1784 Dominum
770 1735 1150 1798 omnipotentem
1173 1737 1339 1784 vivum
1363 1753 1417 1784 ac
1440 1754 1612 1785 verum
1639 1737 1691 1785 in
1715 1756 1966 1788 commune

211 1822 536 1883 deprecemur,
562 1826 619 1866 ut
650 1835 736 1866 nos
769 1818 829 1865 ab
861 1817 999 1865 hoste
1036 1818 1244 1881 superbo
1275 1836 1329 1866 ac
1361 1819 1517 1867 feroce
1551 1836 1636 1868 sua
1660 1820 1968 1869 miseratione

210 1902 470 1951 defendat:
515 1901 607 1949 scit
649 1900 777 1948 enim
813 1900 916 1963 ipse
952 1900 1068 1963 quia
1095 1901 1231 1964 justa
1264 1918 1354 1964 pro
1391 1902 1547 1949 salute
1582 1902 1742 1966 gentis
1789 1907 1967 1950 nostrae

211 1986 337 2034 bella
372 1982 696 2047 suscepimus!
767 1983 1007 2031 Fecerunt
1044 2000 1209 2031 omnes
1246 1987 1303 2032 ut
1332 1986 1557 2047 jusserat,
1599 1984 1668 2032 sic
1706 1984 1969 2048 incipiente

212 2067 424 2116 diluculo
459 2067 512 2114 in
542 2066 731 2115 hostem
755 2066 1011 2130 progressi,
1039 2068 1183 2129 juxta
1217 2066 1447 2114 meritum
1483 2084 1581 2115 suae
1614 2067 1742 2128 fidei,
1767 2068 1971 2117 victoria

213 2149 360 2214 potiti
392 2153 520 2197 sunt.
589 2148 653 2196 In
677 2151 813 2212 cujus
847 2149 953 2197 loco
985 2149 1219 2197 orationis
1255 2150 1524 2198 innumerae
1548 2150 1756 2199 virtutes
1791 2151 1970 2199 sanita-

213 2237 322 2280 tum
345 2235 612 2280 noscuntur
635 2248 736 2280 esse
759 2235 978 2295 patratae,
1003 2232 1066 2280 ad
1090 2231 1326 2280 indicium
1351 2232 1576 2280 videlicet
1609 2249 1664 2281 ac
1688 2233 1971 2281 memoriam

215 2311 328 2360 fidei
362 2313 503 2376 regis.
590 2314 722 2362 Nam
757 2319 806 2362 et
843 2331 995 2377 usque
1035 2314 1180 2362 hodie
1221 2314 1368 2362 multi
1403 2314 1463 2362 de
1504 2314 1607 2377 ipso
1643 2314 1777 2378 ligno
1813 2332 1972 2364 sacro-

215 2398 393 2444 sanctas
440 2396 593 2444 crucis
640 2393 858 2445 astulas²
903 2395 1123 2445 excidere
1175 2396 1346 2455 solent,
1396 2413 1516 2460 quas
1563 2414 1676 2446 cum
1722 2398 1775 2445 in
1821 2415 1974 2463 aquas

218 2477 441 2526 miserint
464 2477 627 2542 eisque
651 2478 934 2543 languentes
957 2478 1174 2526 homines
1207 2482 1294 2527 aut
1330 2479 1537 2542 pecudes
1571 2481 1849 2544 potaverint
1872 2481 1974 2529 sive

218 2560 524 2623 asperserint,
549 2578 664 2608 mox
688 2561 887 2610 sanitati
911 2561 1254 2610 restituuntur.

286 2643 501 2692 Vocatur
518 2643 649 2691 locus
666 2643 746 2691 ille
762 2643 929 2707 lingua
950 2643 1220 2706 Anglorum
1240 2644 1536 2704 Hefenfelth‚
1553 2647 1682 2710 quod
1698 2647 1795 2696 dici
1813 2653 1973 2711 potest

219 2725 393 2775 Latine
412 2724 629 2774 Caelestis
649 2724 873 2790 Campus,
895 2726 1023 2790 quod
1041 2729 1172 2774 certo
1197 2726 1366 2791 utique
1389 2729 1626 2793 praesagio
1662 2747 1706 2773 or
1717 2737 1953 2774 Hefenfelth‚

220 2884 324 2924 with
343 2883 541 2930 Halidon,
562 2883 780 2937 Bingfie1d‚
799 2898 846 2924 or
864 2885 1041 2937 Cockley
1058 2898 1068 2933 ;
1123 2885 1187 2925 Μ.
1203 2885 1262 2928 Η.
1277 2886 1327 2926 Β.
1346 2900 1387 2939 p.
1410 2887 1474 2938 76,
1496 2892 1606 2928 note.

221 2939 398 2992 perhaps
417 2940 453 2979 it
472 2939 506 2979 is
525 2939 635 2978 safer
653 2945 697 2979 to
720 2940 869 2991 regard
888 2941 922 2979 it
947 2953 993 2980 as
1012 2940 1069 2980 all
1178 2940 1193 2964 ²
1222 2942 1385 2993 siquam
1417 2947 1568 2984 sanctae
1605 2943 1756 2994 crucis]
1806 2942 1881 2981 See
1928 2940 1974 2979 in

222 2995 295 3034 the
321 2994 432 3046 plain
458 2994 646 3033 between
675 2994 734 3035 St.
761 2995 959 3035 Oswald's
987 2995 1070 3036 and
1123 2995 1292 3037 Smith’s
1318 2997 1446 3045 Beda,
1465 3000 1580 3050 App.
1604 2998 1683 3036 No.
1711 2996 1798 3044 xiii,
1822 3009 1876 3035 an
1905 3009 1974 3034 en-

222 3049 405 3095 Dilston‚
426 3054 469 3088 to
495 3049 566 3088 the
585 3049 698 3101 right
723 3049 768 3089 of
781 3049 1068 3093 Devilswater.
1123 3052 1299 3104 graving
1322 3052 1369 3092 of
1381 3054 1453 3093 the
1479 3052 1565 3092 seal
1585 3052 1632 3091 of
1651 3052 1712 3091 St.
1734 3048 1974 3090 Cuthbert‘s

222 3104 312 3144 Τ110
359 3103 504 3143 Welsh
550 3117 672 3143 name
723 3103 770 3143 of
810 3104 883 3144 the
937 3105 1068 3145 battle
1123 3111 1303 3146 convent
1350 3108 1397 3147 of
1438 3107 1642 3152 Durham‚
1689 3104 1974 3157 representing

225 3158 452 3210 (Catscaul,
487 3159 651 3208 Nenn.)
682 3159 716 3198 is
749 3160 976 3199 accounted
1007 3161 1070 3200 for
1123 3161 1185 3201 St.
1217 3162 1384 3202 Oswald
1418 3176 1472 3202 011
1505 3162 1577 3200 the
1607 3173 1683 3199 one
1706 3159 1804 3209 side,
1832 3158 1917 3199 and
1948 3173 1973 3199 a

226 3214 283 3266 by
309 3213 483 3266 reading
519 3213 555 3252 it
591 3213 895 3266 Cath·ys-gual,
934 3215 1070 3256 which
1124 3229 1234 3256 cross
1253 3230 1306 3256 on
1324 3217 1398 3256 the
1419 3217 1548 3256 other.

225 3281 322 3322 may
375 3268 427 3309 be
484 3275 493 3291 ‘
507 3267 662 3309 bellum
716 3268 825 3309 infra
879 3270 1069 3312 murum.’
1180 3270 1197 3294 ²
1224 3271 1402 3325 astulas]
1436 3269 1683 3324 ‘Splinters.’
