2216 3554
315 222 378 266 44
892 219 1121 270 Historia
1154 222 1486 271 Ecclesiastica
1863 220 1997 291 [Lm.
2024 240 2058 273 1.

314 350 363 396 in
389 349 582 410 famulo,
609 350 693 413 qui
719 350 924 400 virtutes
956 353 1159 402 faciebat
1183 353 1433 402 infirmus:
1472 359 1521 401 et
1554 370 1662 400 cum
1686 353 1929 402 debilitati
1962 373 2060 404 suae

314 431 439 478 nihil
463 432 665 479 remedii
689 437 938 495 pateretur
961 436 1198 495 adhiberi,
1217 437 1423 500 quadam
1448 439 1587 483 nocte
1605 435 1888 483 candentem
1907 437 2061 484 niveis

314 515 529 562 vestibus
554 515 679 562 vidit
704 515 794 563 sibi
818 517 982 565 adesse
1006 535 1271 581 personam,
1298 535 1407 582 quae
1435 535 1580 566 manu
1607 523 1803 565 extensa
1821 521 2062 580 jacentem

314 598 567 646 videretur
590 598 833 658 adtollere,
853 616 1056 664 eumque
1081 602 1337 649 consistere
1356 601 1510 648 firmis
1524 600 1744 662 >vestigiis
1763 601 2030 663 imperabat
2049 617 2060 647 ε

313 685 425 743 post
454 695 598 742 quam
634 679 802 727 horam
831 680 900 728 ita
932 681 1110 743 fugatis
1143 682 1388 730 doloribus
1426 683 1606 745 recepit
1639 681 1895 745 pristinam
1935 680 2061 730 sani·
2115 731 2120 737 Χ

314 767 479 820 tatem,
505 765 561 809 ut
585 761 662 809 die
686 762 878 810 reddito
902 763 1089 811 itineris
1113 764 1326 812 laborem
1350 765 1533 813 subiret
1556 764 1843 827 intrepidus.

1041 925 1182 974 OAP.
1232 926 1339 974 XX.

374 1040 425 1082 Ut
445 1043 571 1083 iidem
591 1043 769 1095 episcopi
788 1041 1113 1083 Brettonibasain
1129 1055 1273 1093 pugna
1293 1041 1501 1083 auxilium
1523 1042 1674 1083 coeleste
1693 1041 1874 1087 tulerint,
1887 1042 2021 1092 sicque

970 1112 1133 1151 domum
1151 1112 1299 1151 reversi
1318 1113 1415 1151 sint.

383 1215 617 1264 INTEREA
636 1216 848 1265 Saxones
864 1219 879 1244 ¹
905 1215 1123 1279 Pictique
1147 1216 1327 1264 bellum
1349 1214 1606 1264 adversum
1620 1216 1870 1263 Brettones
1881 1214 2064 1278 junctis

657 1299 844 1345 viribus
869 1302 1194 1361 susceperunt,
1221 1315 1340 1361 quos
1366 1298 1529 1345 eadem
1554 1297 1808 1345 necessitas
1832 1297 1885 1344 in
1909 1301 2064 1344 castra

376 1371 588 1454 ρ”θᾏὲἐζὲ
657 1384 990 1428 contraxerat:
1020 1383 1080 1427 et
1117 1396 1226 1427 cum
1264 1379 1442 1443 trepidi
1466 1384 1640 1442 ···partes
1682 1395 1791 1427 suas
1828 1395 1949 1442 pene
1980 1377 2072 1440 ⁵in-'

391 1469 494 1503 leads
509 1469 576 1503 the
655 1478 793 1525 pares
833 1461 1124 1524 judicarent,
1171 1466 1445 1509 sanctorum
1505 1461 1782 1510 antistitum
1829 1460 2064 1508 auxilium

378 1518 534 1553 Britons
552 1521 593 1553 to
746 1544 755 1553 .
1058 1543 1068 1552 .
1259 1543 1268 1552 .

336 1567 480 1609 victory
492 1569 532 1602 jn
547 1568 614 1603 the
657 1548 934 1607 petierunt:
987 1560 1073 1606 qu1
1114 1560 1407 1606 promissum
1448 1547 1748 1591 maturantes
1786 1543 2063 1600 adventum,

359 1619 368 1633 ‘
379 1618 598 1661 Hallelujah

404 1667 552 1708 battle:
654 1631 848 1674 tantum
888 1626 1175 1688 paventibus
1216 1626 1402 1674 fiduciae
1449 1625 1770 1684 contulerunt,
1814 1630 1871 1672 ut
1912 1641 2066 1673 acces-

655 1709 772 1757 sisse
820 1709 1058 1757 maximus
1095 1709 1370 1756 crederetur
1405 1708 1656 1756 exercitus.
1727 1707 1903 1770 Itaque
1950 1723 2063 1770 apo*

317 1791 498 1839 stolicis
535 1791 738 1839 ducibus
783 1791 1005 1839 Christus
1046 1791 1286 1839 militabat
1322 1791 1373 1838 in
1410 1791 1591 1838 castris.
1661 1788 1882 1837 Aderant
1918 1790 2064 1837 etiam

319 1873 695 1937 quadragesimae
719 1873 1014 1921 venerabiles
1046 1872 1160 1931 dies,
1187 1889 1306 1936 quos
1330 1872 1654 1935 religiosiores
1686 1871 1915 1919 reddebat
1939 1889 2062 1934 prae-

317 1956 471 2004 sentia
521 1956 837 2014 sacerdotum,
889 1956 940 2002 in
993 1959 1185 2002 tantum
1233 1959 1291 2003 ut
1343 1954 1595 2004 cotidianis
1640 1953 2064 2018 praedicationibus

317 2038 535 2086 instituti
576 2038 795 2085 certatim
833 2037 1003 2100 populi
1043 2037 1104 2084 ad
1140 2037 1348 2099 gratiam
1384 2037 1691 2099 baptismatis
1739 2036 2062 2084 convolarent.

317 2121 448 2168 Nam
486 2119 698 2167 maxima
737 2119 974 2167 exercitus
1010 2119 1273 2175 multitudo
1305 2119 1486 2167 undam
1516 2119 1696 2167 lavacri
1728 2118 1950 2166 salutaris
1971 2134 2063 2165 ›ex-

317 2203 475 2266 petiit,
509 2207 558 2250 et
592 2202 788 2250 ecclesia
823 2202 885 2249 ad
928 2202 1059 2249 diem
1100 2201 1464 2249 resurrectionis
1502 2200 1768 2263 Dominicae
1809 2199 2064 2248 frondibus

318 2290 542 2332 contexta
588 2284 906 2347 componitur,
949 2288 1093 2347 atque
1144 2283 1196 2331 in
1245 2283 1551 2346 expeditione
1603 2268 1862 2345 campestri
1908 2283 2064 2330 instar

318 2367 530 2415 civitatis
554 2371 764 2429 aptatur.
836 2365 1061 2413 Madidus
1096 2366 1384 2429 baptismate
1412 2365 1629 2428 procedit
1664 2365 1916 2424 exercitus,
1943 2366 2062 2414 fides

317 2453 472 2500 fervet
507 2451 559 2498 in
606 2451 798 2514 populo,
836 2456 885 2499 et
930 2451 1194 2499 conterrito
1229 2467 1473 2498 armorum
1514 2450 1752 2513 praesidio,
1791 2448 2063 2496 divinitatis

318 2538 599 2598 expectatur
646 2533 896 2581 auxilium.
970 2533 1226 2581 Institutio
1263 2534 1338 2581 vel
1376 2534 1532 2580 forma
1569 2531 1806 2591 castitatis
1843 2531 2063 2591 hostibus

319 2617 591 2674 nunciatur,
617 2616 701 2678 qui
738 2615 990 2663 victoriam
1016 2616 1154 2678 quasi
1192 2617 1251 2664 de
1276 2615 1448 2663 inermi
1473 2615 1688 2673 exercitu
1713 2620 2058 2677 presumenteS‚

319 2699 575 2760 adsumpta
598 2697 845 2745 alacritate
869 2698 1128 2756 festinant;
1166 2715 1372 2761 quorum
1397 2703 1559 2745 tamen
1583 2697 1817 2744 adventus
1843 2697 2060 2759 explora-

319 2780 452 2828 tione
477 2779 792 2842 cognoscitur.
844 2780 1063 2842 Cumque
1088 2779 1624 2846 emensasollemnitate
1648 2778 1873 2841 paschali,
1899 2795 2062 2826 recens

320 2862 379 2910 de
415 2863 604 2909 lavacro
632 2878 744 2924 pars
779 2864 930 2923 major
958 2862 1195 2909 exercitus
1230 2879 1365 2909 arma
1397 2878 1575 2924 capere,
1601 2866 1650 2908 et
1680 2861 1861 2908 bellum
1891 2877 2063 2923 parare

320 2949 544 3003 tentaret,
571 2943 840 2992 Germanus
856 2945 873 2971 2
896 2943 1066 2991 ducem
1090 2960 1140 2990 se
1163 2944 1322 3007 praelii
1346 2932 1616 3007 profitetur,
1636 2943 1771 3006 eligit
1795 2942 2060 3005 expeditos,

376 3066 391 3090 ¹
408 3065 610 3118 Saxones]
650 3066 799 3107 Before
830 3067 866 3105 it
893 3079 978 3105 was
1006 3065 1159 3117 clearly
1223 3066 1382 3118 though
1411 3066 1468 3106 all
1493 3067 1587 3107 MS.
1608 3065 1817 3117 authority
1836 3064 1872 3104 is
1899 3065 2062 3116 against

322 3122 474 3161 known
500 3122 593 3161 that
624 3136 649 3160 a
674 3122 809 3161 Saxon
838 3121 1025 3160 invasion
1055 3121 1156 3173 hap·
1224 3121 1296 3159 the
1317 3121 1487 3172 change.

323 3177 455 3229 pened
492 3177 535 3215 in
570 3186 656 3217 AD.
689 3176 767 3227 428
802 3176 886 3227 (see
916 3180 1012 3214 note
1041 3188 1094 3214 on
1122 3189 1157 3216 c.
1280 3174 1295 3196 ²
1317 3175 1541 3215 Germanus
1563 3206 1572 3215 .
1597 3205 1607 3216 .
1629 3205 1639 3214 .
1666 3173 1893 3226 profitetur]
1960 3173 2061 3212 Ger-

328 3243 390 3280 15,
414 3231 539 3280 init),
571 3231 606 3270 it
634 3244 718 3270 was
744 3230 924 3281 thought
950 3230 1045 3269 that
1073 3229 1157 3268 this
1224 3243 1383 3274 manus,
1411 3231 1550 3269 before
1583 3231 1636 3269 he
1668 3244 1754 3269 was
1790 3229 1946 3280 bishop,
1977 3228 2061 3267 had

325 3286 436 3325 word
472 3290 583 3326 must
615 3286 667 3326 be
695 3299 749 3326 an
786 3298 898 3324 error
933 3284 995 3324 for
1031 3284 1157 3330 Secti,
1225 3285 1329 3324 been
1352 3285 1463 3325 duke
1491 3285 1536 3324 of
1556 3285 1761 3325 Auxerre.
1821 3283 2062 3323 ‘Deseritur
