2216 3554
610 185 1064 254 Uyremuthensium
1097 195 1140 235 et
1175 184 1558 248 Gyruuensium.
1855 186 1951 232 377

201 319 356 368 fridus
390 324 554 369 autem
584 320 678 381 hic,
703 337 846 385 quem
870 319 1094 368 abbatem
1119 317 1372 368 constituit
1397 316 1702 376 Benedictus,
1727 332 1756 364 a
1782 314 1955 379 primis

201 402 419 452 instituti
442 403 721 453 monasterii
748 403 924 468 prioris
960 401 1172 451 exordiis
1207 401 1403 465 adjutor
1426 399 1501 447 illi
1535 416 1622 463 per
1646 398 1808 447 omnia
1836 401 1955 447 stre-

202 486 464 536 nuissimus
498 487 680 546 aderat,
703 492 751 535 et
776 503 883 534 cum
920 502 975 534 eo
1012 489 1229 548 tempore
1264 500 1476 547 congruo
1501 482 1708 530 Romam
1736 479 1955 529 discendi

201 569 467 618 necessaria
513 570 656 619 simul
702 573 751 618 et
808 568 1042 616 adorandi
1087 567 1247 632 gratia
1293 566 1492 614 adierat.
1579 564 1689 626 Quo
1736 567 1956 626 tempore

159 693 162 695 .
201 652 350 700 etiam
407 653 746 717 presbyterum
792 651 1138 700 Eosteruinum
1186 650 1246 699 de
1304 648 1597 698 monasterio
1643 647 1775 695 beati
1823 644 1957 694 Petri

201 735 383 800 eligens
429 735 665 796 abbatem,
703 734 862 783 eidem
897 734 1187 783 monasterio
1223 733 1423 797 regendi
1459 734 1569 796 jure
1605 730 1851 795 praefecit:
1901 733 1958 777 ut

202 833 343 880 quem
381 819 510 866 solus
541 835 638 866 non
662 821 856 881 poterat
883 818 1110 878 laborem,
1137 817 1264 867 socia
1287 815 1589 865 dilectissimi
1613 813 1956 864 commilitonis

200 899 384 949 virtute
419 901 572 949 levius
607 900 768 950 ferret.
840 901 943 951 Nec
978 901 1039 949 ab
1073 918 1125 949 re
1149 901 1374 950 videatur
1398 899 1626 964 cuiquam
1656 899 1778 946 duos
1803 913 1957 945 unum

199 984 545 1032 monasterium
577 983 722 1032 simul
745 983 970 1033 habuisse
994 983 1205 1033 abbates.
1276 984 1416 1032 Fecit
1450 984 1541 1032 hoc
1564 984 1790 1046 frequens
1826 980 1958 1028 illius

199 1083 288 1130 pro
316 1066 596 1115 monasterii
619 1066 834 1115 utilitate
857 1067 1105 1131 profectio,
1131 1068 1295 1116 creber
1317 1070 1454 1116 trans
1483 1082 1714 1115 oceanum
1737 1078 1957 1127 egressus

199 1150 508 1214 incertusque
531 1167 791 1213 regressus.
863 1151 995 1199 Nam
1020 1156 1068 1200 et
1091 1151 1424 1200 beatissimum
1449 1151 1650 1199 Petrum
1684 1146 1957 1212 apostolum

201 1232 372 1282 Romae
430 1233 686 1297 pontifices
744 1235 834 1282 sub
880 1251 931 1282 se
979 1234 1099 1283 duos
1118 1235 1135 1262 ¹
1181 1252 1269 1299 per
1315 1235 1535 1283 ordinem
1589 1234 1652 1282 ad
1698 1230 1959 1295 regendam

201 1316 467 1365 Ecclesiam
513 1315 820 1366 constituisse
867 1334 1010 1366 causa
1054 1318 1267 1366 instante
1313 1317 1579 1367 necessaria
1619 1315 1822 1364 tradunt
1861 1311 1959 1359 his-

201 1398 351 1448 toriae.
424 1399 494 1448 Et
528 1399 631 1462 ipse
666 1417 871 1464 magnus
906 1401 1052 1449 abbas
1083 1401 1386 1461 Benedictus,
1413 1400 1538 1449 sicut
1573 1400 1633 1447 de
1668 1398 1753 1446 illo
1789 1397 1959 1445 beatus

202 1499 328 1546 papa
354 1483 619 1546 Gregorius
652 1484 836 1544 scribit,
861 1484 1114 1534 duodecim
1149 1486 1346 1534 abbates
1383 1485 1483 1534 suis
1519 1482 1784 1546 discipulis,
1811 1482 1961 1543 prout

203 1565 326 1613 utile
356 1566 607 1628 judicavit,
633 1566 739 1616 sine
776 1567 1027 1616 charitatis
1062 1568 1368 1627 detrimento,
1394 1567 1543 1616 immo
1571 1583 1660 1631 pro
1696 1566 1958 1627 augmento

202 1645 455 1697 charitatis
477 1649 709 1712 praefecit.

274 1739 319 1790 7.
356 1728 577 1795 Suscepit
612 1732 764 1796 igitur
798 1740 1093 1783 memoratus
1116 1734 1194 1782 vir
1229 1750 1395 1782 curam
1430 1730 1709 1781 monasterii
1743 1726 1959 1793 regendi,

200 1809 364 1859 nono2
398 1830 459 1861 ex
493 1831 590 1878 quo
624 1816 885 1865 fundatum
919 1821 993 1866 est
1034 1834 1175 1867 anno.
1244 1817 1521 1865 Permansit
1555 1815 1609 1862 in
1675 1825 1884 1867 [A.n.682.]

202 1911 259 1943 eo
282 1911 434 1960 usque
463 1897 525 1945 ad
549 1898 740 1946 obitum
764 1916 906 1948 suum
930 1900 1069 1949 annis
1094 1906 1319 1964 quatuor,
1342 1900 1421 1948 vir
1445 1899 1637 1960 nobilis,
1664 1899 1747 1948 sed
1770 1897 1959 1960 insigne

202 1978 472 2028 nobilitatis
495 1997 592 2029 non
616 1981 679 2030 ad
702 1982 950 2045 jactantiae
974 1983 1240 2043 materiem,
1265 1986 1321 2030 ut
1345 1983 1558 2046 quidam,
1585 1982 1962 2044 despectumque

203 2060 424 2122 aliorum,
448 2064 533 2111 sed
567 2064 630 2112 ad
665 2067 911 2128 majorem,
935 2071 993 2115 ut
1028 2066 1122 2114 Dei
1158 2082 1353 2114 servum
1376 2066 1524 2125 decet,
1551 2063 1704 2113 animi
1736 2061 1961 2110 nobilita-

205 2147 306 2192 tem
353 2151 650 2196 convertens.
720 2148 965 2197 Patruelis
1000 2149 1180 2214 quippe
1216 2152 1320 2197 erat
1355 2148 1546 2197 abbatis
1581 2148 1659 2196 sui
1695 2143 1961 2202 Benedicti,

206 2228 292 2278 sed
324 2229 576 2277 amborum
610 2234 748 2279 tanta
782 2231 958 2280 mentis
994 2232 1285 2295 ingenuitas,
1309 2232 1423 2280 talis
1458 2231 1716 2280 mundanae
1741 2226 1962 2294 ingenui-

205 2312 324 2359 tatis
347 2311 443 2360 fuit
477 2329 566 2375 pro
590 2312 740 2362 nihilo
773 2319 1094 2379 contemptus,
1119 2319 1178 2363 ut
1209 2332 1366 2379 neque
1391 2315 1485 2363 iste
1513 2312 1863 2363 monasterium
1887 2311 1962 2358 in-

205 2411 410 2459 gressuS,
447 2395 656 2460 aliquem
685 2397 779 2445 sibi
810 2415 910 2461 prae
951 2399 1122 2448 ceteris
1160 2399 1221 2447 ob
1254 2398 1494 2446 intuitum
1526 2394 1964 2461 consanguinitatis

207 2483 293 2525 aut
322 2477 590 2527 nobilitatis
621 2479 854 2529 honorem
879 2482 1209 2545 quaerendum,
1235 2498 1390 2545 neque
1414 2481 1497 2530 ille
1529 2485 1726 2545 putaret
1762 2478 1964 2528 offeren-

206 2561 356 2609 dum:
407 2561 489 2609 sed
526 2563 704 2627 aequali
744 2580 854 2612 cum
895 2564 1127 2613 fratribus
1167 2564 1302 2613 lance
1339 2564 1457 2612 boni
1494 2562 1736 2628 propositi
1771 2561 1964 2626 juvenis

206 2643 508 2709 gloriabatur
542 2661 593 2695 se
634 2646 906 2711 regularem
946 2664 1035 2711 per
1070 2647 1234 2696 omnia
1274 2664 1468 2697 servare
1502 2646 1822 2712 disciplinam.
1896 2645 1964 2692 Et

263 2786 278 2810 ¹
303 2787 377 2827 sub
414 2799 454 2827 se
490 2787 611 2840 duos]
669 2788 921 2829 Anastasius
956 2788 1055 2828 Bib-
1111 2788 1256 2829 Minor
1287 2787 1552 2841 Theological
1580 2787 1745 2832 Works,
1784 2786 1828 2825 ii.
1866 2795 1963 2837 450,

205 2841 476 2882 liothecarius
526 2855 632 2895 says,
682 2846 695 2865 ‘
710 2843 794 2882 Hic
847 2843 1056 2884 ordinavit
1111 2847 1239 2884 states
1258 2844 1353 2884 that
1371 2844 1454 2884 this
1473 2844 1509 2883 is
1531 2842 1703 2883 derived
1723 2842 1827 2880 from
1850 2841 1962 2879 what

207 2897 311 2937 duos
347 2897 556 2949 episcopos
593 2898 749 2938 Linum
786 2902 830 2938 et
876 2898 1056 2946 Cletum,
1110 2899 1306 2939 Ruffinus
1333 2913 1428 2952 says
1453 2899 1498 2938 in
1526 2898 1592 2938 his
1621 2897 1791 2937 Preface
1816 2899 1860 2934 to
1887 2895 1962 2934 the

207 2952 281 3005 qui
299 2953 617 3003 praesentialiter
635 2966 758 2992 omne
777 2953 1056 2994 ministerium
1110 2954 1432 3007 Recognitiones
1446 2954 1577 2994 Petri.
1635 2953 1804 3003 Hussey
1816 2949 1964 2989 thinks

206 3007 460 3047 sacerdotale
497 3007 542 3047 in
580 3008 683 3047 urbe
723 3008 860 3048 Roma
904 3009 1056 3062 populo
1110 3008 1207 3050 that
1243 3010 1360 3050 Beda
1396 3023 1496 3062 may
1532 3009 1640 3048 have
1678 3005 1848 3046 derived
1895 3003 1962 3044 his

207 3062 518 3114 supervenienti
542 3063 812 3104 exhiberent:
841 3063 892 3103 B.
912 3068 1056 3104 autem
1112 3065 1279 3118 opinion
1298 3065 1403 3106 from
1421 3065 1494 3105 the
1514 3077 1626 3103 same
1645 3074 1799 3102 source.

205 3117 359 3157 Petrus
403 3117 458 3157 ad
502 3118 729 3158 orationem
775 3123 819 3158 et
864 3119 1058 3172 praedica·
1167 3119 1183 3143 ²
1210 3122 1335 3172 nono]
1372 3119 1638 3173 Apparently
1657 3128 1744 3158 ΑΛ).
1765 3115 1818 3155 68
1826 3126 1861 3162 2,
1890 3113 1964 3154 the

205 3172 363 3212 tionem
399 3172 601 3224 populum
633 3173 827 3213 erudiens
855 3173 1056 3216 vacabat?
1112 3174 1236 3215 ninth
1263 3189 1364 3229 year
1382 3176 1488 3215 from
1513 3174 1587 3213 the
1613 3172 1964 3213 commencement

206 3227 403 3276 Pearson,
417 3228 483 3267 De
497 3227 636 3269 Annis
657 3228 893 3268 Primorum
912 3229 1057 3270 Romae
1109 3230 1156 3272 in
1173 3241 1262 3273 Λα).
1282 3230 1378 3284 674.
1432 3231 1493 3271 Η.

206 3282 515 3336 Episcoporum,
564 3283 676 3327 Dies.
716 3283 782 3326 ΙΙ.
827 3297 864 3327 0.
906 3284 967 3325 iii.
1017 3296 1055 3334 2,
