2216 3554
129 176 251 225 Gn.
268 172 414 242 xxv]
777 171 943 222 Gentis
977 170 1261 234 Anylorum.
1785 178 1880 222 193

129 308 324 357 erudire
347 310 552 372 poterat.
621 305 922 355 Observabat
945 307 995 352 et
1025 303 1194 366 regina
1218 302 1422 351 Eanfled
1455 321 1568 351 cum
1599 305 1715 365 suis,
1736 306 1883 369 juxta

130 391 257 454 quod
292 391 346 439 in
382 389 556 440 Cantia
590 388 697 436 fieri
730 387 934 446 viderat,
967 385 1149 434 habe-ns
1185 402 1348 434 secum
1378 385 1439 433 de
1472 386 1650 435 Cantia
1682 390 1880 451 presby-

129 480 289 522 terum
324 473 571 522 catholicae
606 469 972 528 observationis,
1008 469 1204 517 nomine
1240 469 1543 518 Romanum:
1593 470 1721 517 unde
1759 487 1881 517 non-

129 573 380 620 nunquam
411 554 669 619 contigisse
701 553 857 602 fertur
888 552 988 600 illis
1018 551 1335 616 temporibus,
1360 556 1419 601 ut
1449 553 1523 601 bis
1555 553 1607 600 in
1631 569 1759 600 anno
1783 570 1881 601 uno

129 641 305 702 pascha
346 639 679 687 celebraretur.
751 637 817 684 Et
859 652 970 683 cum
1010 652 1096 684 rex
1136 635 1313 698 pascha
1352 635 1670 683 Dominicum
1708 635 1883 684 solutis

123 723 327 785 jejuniis
348 722 540 780 faceret,
565 726 682 768 tunc
705 719 872 782 regina
897 735 1006 766 cum
1030 719 1131 767 suis
1153 719 1418 781 persistens
1442 718 1599 766 adhuc
1622 718 1676 764 in
1695 717 1881 780 jejunio

128 805 258 852 diem
290 794 559 869 palmarum
600 802 872 851 celebraret.
944 800 1066 850 Haec
1102 806 1266 849 autem
1304 801 1602 849 dissonantia
1641 799 1884 863 paschalis

104 886 446 936 —observantiae
478 886 674 934 vivente
702 884 893 932 Aidano
928 884 1171 948 patienter
1204 884 1267 932 ab
1302 883 1528 932 omnibus
1563 883 1880 941 tolerabatur,

130 969 215 1033 qui
238 973 462 1033 patenter
483 960 840 1028 intellexerant,
859 967 974 1030 quia
998 966 1088 1015 etsi
1112 966 1292 1030 pascha
1315 970 1485 1014 contra
1503 983 1687 1014 morem
1711 982 1882 1013 eorum

129 1053 216 1115 qui
238 1053 396 1116 ipsum
419 1051 650 1099 miserant
673 1051 828 1098 facere
848 1067 947 1098 non
964 1049 1141 1113 potuit,
1164 1066 1308 1113 opera
1331 1053 1496 1097 tamen
1514 1048 1642 1108 fidei,
1668 1048 1880 1111 pietatis,

129 1141 178 1182 et
202 1133 487 1194 dilectionis,
497 1134 640 1197 juxta
657 1150 841 1180 morem
862 1132 1086 1181 omnibus
1104 1132 1284 1181 sanctis
1302 1136 1598 1191 consuetum,
1619 1130 1882 1195 diligenter

128 1217 326 1281 exsequi
350 1217 564 1265 curavit:
601 1215 731 1263 unde
749 1215 811 1264 ab
834 1215 1057 1263 omnibus
1081 1214 1230 1263 etiam
1253 1215 1329 1263 his
1353 1215 1438 1278 qui
1461 1215 1520 1262 de
1545 1214 1722 1278 pascha
1741 1214 1882 1262 aliter

128 1300 416 1358 sentiebant,
440 1299 614 1347 merito
638 1298 960 1362 diligebatur:
998 1314 1087 1346 nec
1112 1298 1268 1345 solum
1288 1314 1318 1345 a
1345 1297 1684 1357 mediocribus,
1709 1314 1881 1345 verum

124 1382 186 1429 ab
226 1383 343 1445 ipsis
388 1399 581 1445 quoque
626 1380 877 1445 episcopis,
916 1380 1141 1429 Honorio
1182 1379 1577 1440 Cantuariorum,
1618 1384 1670 1428 et
1715 1379 1879 1428 Felice

132 1464 458 1512 Orientalium
480 1464 767 1527 Anglorum‚
793 1463 1095 1511 venerationi
1118 1463 1314 1511 habitus
1339 1471 1423 1512 est.

195 1547 466 1595 Defuncto¹
493 1551 657 1595 autem
689 1546 876 1595 Finano
912 1546 998 1610 qui
1030 1551 1143 1610 post
1170 1546 1311 1594 illum
1344 1545 1454 1606 fuit,
1480 1563 1590 1594 cum
1616 1545 1880 1594 Colmanus

125 1629 180 1677 in
212 1629 544 1692 episcopatum
576 1629 865 1688 succederet,
899 1632 948 1676 et
978 1629 1082 1692 ipse
1117 1628 1293 1676 missus
1315 1645 1345 1676 3
1369 1627 1567 1685 Scottia‚
1593 1627 1787 1692 gravior
1820 1628 1881 1676 de

126 1711 458 1759 observatione
492 1711 680 1775 paschae
717 1728 901 1759 necnon
937 1715 988 1759 et
1022 1712 1082 1759 de
1116 1710 1226 1758 aliis
1262 1709 1595 1759 ecclesiasticae
1630 1710 1746 1758 vitae
1781 1710 1880 1758 dis-

125 1793 316 1856 ciplinis
349 1793 677 1841 controversia
709 1797 823 1841 nata
851 1797 954 1841 est:
993 1793 1122 1842 unde
1154 1792 1309 1841 movit
1341 1793 1443 1840 haec
1477 1792 1679 1855 quaestio
1711 1808 1880 1840 sensus

124 1881 173 1924 et
205 1876 350 1924 corda
381 1876 665 1935 multorum,
698 1875 981 1923 timentium
1012 1892 1074 1923 ne
1106 1875 1232 1923 forte
1264 1878 1460 1938 accepto
1494 1874 1880 1923 Christianitatis

124 1959 372 2017 vocabulo,
396 1959 448 2006 in
482 1960 724 2007 vacuum²
757 1962 1021 2016 currerent,
1047 1962 1134 2007 aut
1165 1959 1504 2007 cucurrissent.
1578 1958 1807 2006 Pervenit
1832 1963 1881 2005 et

122 2042 186 2090 ad
230 2042 357 2105 ipsas
397 2041 674 2105 principum
720 2058 874 2101 aures,
920 2041 1076 2089 Osuiu
1111 2041 1339 2090 videlicet
1374 2041 1515 2105 regis,
1560 2047 1609 2089 et
1651 2041 1743 2088 filii
1779 2043 1881 2103 ejus

122 2123 397 2172 Alchfridi³
414 2142 430 2184 3
467 2125 552 2188 qui
576 2125 807 2172 nimirum
832 2124 987 2174 Osuiu
1011 2142 1040 2173 a
1065 2123 1246 2173 Scottis
1278 2124 1476 2172 edoctus
1506 2139 1562 2171 ac
1585 2124 1876 2186 baptizatus,

124 2206 320 2254 illorum
351 2207 499 2254 etiam
530 2207 699 2270 lingua
728 2208 911 2271 optime
939 2207 1170 2267 imbutus,
1203 2206 1328 2254 nihil
1363 2206 1538 2255 melius
1571 2224 1716 2270 quam
1748 2206 1881 2270 quod

124 2289 197 2336 illi
231 2288 506 2338 docuissent
541 2291 845 2338 autumabat.
918 2291 1070 2338 Porro
1103 2290 1332 2338 Alchfrid
1368 2290 1661 2354 magistrum
1695 2290 1880 2338 habens

125 2370 412 2419 eruditionis
461 2371 751 2421 Christianae
797 2373 1098 2422 Vilfridum4
1145 2372 1305 2421 virum
1359 2372 1533 2421 doctis-
1592 2394 1717 2430 Oswio
1730 2395 1822 2429 calls

126 2455 306 2502 simum
352 2454 489 2520 (nam
530 2460 582 2503 et
617 2456 822 2504 Romam
859 2457 996 2520 prius
1031 2461 1232 2520 propter
1267 2455 1539 2504 doctrinam
1602 2444 1759 2486 asynod
1773 2445 1814 2478 at

1602 2499 1711 2527 trean
1753 2493 1778 2526 h

125 2537 493 2585 ecclesiasticam
539 2538 738 2598 adierat,
781 2542 831 2587 et
878 2538 1008 2602 apud
1049 2537 1299 2586 Dalfinum
1315 2537 1333 2565 ⁵
1380 2538 1535 2587 archi-
1577 2493 1635 2576 Sto
1649 2493 1845 2577 conzidgih

124 2620 405 2683 episcopum
454 2620 723 2668 Galliarum
770 2621 1003 2684 Lugduni
1049 2620 1259 2668 multum
1302 2621 1537 2684 temporis
1579 2595 1836 2696 tzigueggsson

124 2705 304 2764 egerat,
329 2718 358 2749 a
390 2718 486 2765 quo
519 2702 665 2750 etiam
696 2707 910 2751 tonsurae
944 2703 1275 2752 ecclesiasticae
1308 2721 1535 2752 coronam
1602 2682 1821 2746 S·0h1'011·l›

125 2783 435 2848 susceperat),
470 2783 615 2848 hujus
650 2785 924 2833 doctrinam
959 2785 1186 2834 omnibus
1216 2786 1497 2834 Scottorum
1530 2786 1882 2834 traditionibus

120 2869 230 2929 jure
253 2866 598 2929 praeferendam
621 2866 829 2916 sciebat:
863 2868 992 2916 unde
1011 2868 1056 2917 ei
1081 2868 1228 2917 etiam
1247 2869 1512 2918 donaverat
1531 2869 1880 2917 monasterium

181 2975 195 2998 ¹
226 2974 448 3027 Defuncto]
476 2986 563 3016 ΑΒ.
581 2974 685 3022 661;
713 2976 831 3016 three
858 2990 978 3029 years
1087 2976 1103 3000 ⁴
1129 2977 1383 3031 Vilfridum]
1443 2978 1644 3017 Wilfrith.
1728 2976 1810 3015 For
1856 2989 1883 3014 a

126 3030 265 3070 before
286 3041 376 3071 ΔΑ).
392 3029 484 3081 664.
542 3030 620 3070 See
638 3043 679 3082 p.
699 3042 790 3071 200.
1031 3033 1206 3072 memoir
1234 3034 1281 3073 of
1304 3034 1392 3073 him
1421 3048 1476 3086 up
1497 3037 1540 3072 to
1568 3032 1654 3071 this
1683 3031 1797 3077 time,
1815 3043 1882 3069 see

181 3084 198 3106 ²
225 3086 272 3124 in
287 3098 462 3125 vacuum
483 3116 493 3126 .
511 3116 545 3127 ..
565 3087 855 3140 cucurrissent]
879 3086 972 3127 Gal.
1031 3087 1319 3141 Lappenberg,'
1345 3089 1373 3128 i.
1407 3096 1454 3139 17
1461 3086 1619 3139 3-176;
1657 3086 1738 3124 and
1767 3085 1828 3123 sor
1855 3097 1880 3122 a

126 3139 170 3180 ii.
191 3153 224 3179 2.
1029 3144 1255 3183 connected
1284 3142 1587 3194 chronological
1607 3141 1719 3179 table
1748 3140 1792 3178 of
1817 3138 1881 3178 his

182 3195 198 3218 ³
215 3193 446 3248 Alchfridi]
468 3193 673 3243 Alhfn'th,
686 3208 732 3236 or
749 3195 972 3238 Ealhfrith.
1028 3196 1113 3244 life,
1134 3211 1200 3238 see
1219 3202 1319 3238 note
1339 3202 1383 3238 to
1403 3213 1440 3238 v.
1466 3210 1527 3249 19.

128 3248 204 3289 See
224 3262 264 3302 p.
285 3251 375 3290 181.
1085 3253 1100 3277 ⁵
1127 3253 1366 3306 Dalfinum]
1398 3253 1475 3294 See
1496 3266 1534 3291 v,
1552 3263 1613 3303 19,
1634 3252 1744 3289 note.

988 3334 1020 3370 0
