2216 3554
283 143 380 189 266
851 139 1080 188 Historia
1113 140 1161 186 E
1162 138 1452 188 eclesiastica
1814 135 1947 207 [Lm.
1963 154 2034 188 Π.

282 272 527 335 expletum
561 276 664 333 est:
704 271 838 334 cujus
861 271 964 319 vita
1000 288 1098 319 non
1134 271 1228 320 sibi
1261 270 1573 330 solummodo,
1601 270 1684 319 sed
1715 271 1883 320 multis
1917 272 2036 320 bene

282 355 447 403 vivere
471 354 744 403 volentibus
769 355 988 417 exempla
1011 371 1212 418 operum
1235 355 1356 402 lucis
1380 354 1605 416 praebuit.

353 437 534 484 Verum
561 437 646 485 illa
670 454 779 485 cum
804 437 972 485 multis
996 437 1134 484 annis
1158 437 1271 484 huic
1295 436 1587 484 monasterio
1611 443 1836 500 praeesset
1855 436 2038 500 placuit

283 518 366 582 pio
402 519 647 568 Provisori
683 520 852 568 salutis
887 524 1079 579 nostrae,
1105 524 1319 567 sanctam
1344 521 1446 581 ejus
1476 519 1689 566 animam
1713 519 1857 581 longa
1891 519 2039 566 etiam

282 602 569 651 infirmitate
598 602 755 650 carnis
779 602 1057 660 examinari,
1082 607 1138 650 ut
1165 604 1308 664 juxta
1338 601 1612 664 exemplum
1637 600 1854 664 apostoli,
1879 601 2038 648 virtus

368 711 542 752 ,μαὺπ’
627 685 729 748 ejus
764 684 815 731 in
850 684 1132 732 infirmitate
1169 685 1490 747 perficeretur.
1583 684 1813 732 Percussa
1860 684 2040 731 etenim

325 760 422 795 Hild
434 761 586 801 fansill,
627 767 856 825 febribus,
900 767 998 814 acri
1045 767 1192 829 coepit
1237 766 1408 814 ardore
1454 766 1682 829 fatigari;
1732 770 1782 814 et
1828 783 1914 830 per
1955 783 2040 814 sex

284 847 539 895 continuos
571 865 722 896 annos
758 849 926 897 eadem
958 849 1179 897 molestia
1210 850 1427 897 laborare
1459 866 1554 896 non
1590 849 1829 897 cessabat:
1866 848 1919 895 in
1944 866 2040 912 quo

283 935 390 979 toto
414 935 630 993 tempore
662 948 910 995 nunquam
941 931 1047 994 ipsa
1070 933 1147 980 vel
1180 932 1434 981 Conditori
1466 949 1550 980 suo
1574 932 1755 995 gratias
1783 949 1938 996 agere,
1963 933 2041 980 vel

285 1012 595 1061 commissum
632 1013 726 1060 sibi
757 1030 954 1078 gregem
983 1018 1033 1062 et
1064 1015 1255 1078 publice
1290 1020 1340 1063 et
1374 1015 1606 1078 privatim
1642 1016 1812 1063 docere
1841 1019 2041 1077 praeter-

285 1094 524 1142 mittebat.
597 1095 728 1141 Nam
761 1112 850 1142 suo
878 1096 1123 1158 praedocta
1158 1097 1393 1160 exemplo,
1430 1097 1658 1145 monebat
1693 1114 1872 1155 omnes,
1906 1102 1954 1145 et
1988 1097 2042 1144 in

286 1176 441 1223 salute
476 1180 670 1239 accepta
706 1178 923 1240 corporis
958 1178 1173 1227 Domino
1210 1180 1602 1242 obtemperanter
1633 1179 1958 1238 serviendum,
1993 1185 2043 1227 et

286 1257 334 1304 in
385 1258 599 1306 adversis
652 1276 816 1307 rerum
871 1260 972 1309 sive
1025 1261 1394 1309 infirmitatibus
1450 1262 1779 1310 membrorum
1833 1261 2043 1309 fideliter

286 1339 498 1389 Domino
527 1358 628 1389 esse
661 1342 843 1406 gratias
876 1360 1066 1407 semper
1095 1345 1316 1408 agendas.
1391 1344 1610 1408 Septimo
1635 1361 1749 1406 ergo
1779 1361 1878 1393 suae
1906 1344 2041 1392 infir-

287 1423 474 1471 mitatis
510 1441 650 1484 anno,
688 1442 916 1474 converso
958 1428 1018 1475 ad
1058 1427 1305 1476 interanea
1340 1428 1518 1487 dolore,
1553 1427 1613 1475 ad
1651 1427 1780 1475 diem
1820 1427 2044 1491 pervenit

286 1506 532 1566 ultimum,
570 1512 620 1555 et
662 1508 788 1556 circa
827 1509 944 1572 galli
986 1504 1197 1570 cantum,
1237 1517 1466 1574 percepto
1508 1509 1686 1558 viatico
1728 1516 2043 1558 sacrosanctae

288 1589 653 1649 communionis,
679 1607 788 1638 cum
813 1592 1057 1642 accersitis
1080 1593 1269 1642 ancillis
1295 1593 1478 1642 Christi
1503 1610 1610 1656 quae
1635 1597 1775 1640 erant
1803 1593 1853 1639 in
1878 1593 2043 1641 eodem

362 1715 440 1749 and
457 1715 550 1756 dies,
632 1674 939 1734 monasterio,
976 1675 1036 1723 de
1078 1677 1314 1724 servanda
1354 1693 1433 1724 eas
1478 1675 1701 1734 invicem,
1742 1675 1890 1723 immo
1932 1692 2043 1723 cum

372 1766 468 1800 Nov.
486 1776 535 1807 17,
630 1755 854 1804 omnibus
895 1774 1012 1821 pace
1058 1757 1334 1820 evangelica
1373 1757 1681 1815 admonerem
1725 1756 1853 1804 inter
1893 1757 2043 1805 verba

368 1823 452 1851 ΛΦ·
470 1818 542 1850 ⁶8⁰·
627 1837 976 1888 exhortationis
1011 1840 1122 1887 laeta
1158 1844 1363 1888 mortem
1391 1838 1517 1886 vidit
1532 1839 1564 1898 ²,
1586 1838 1750 1897 immo,
1786 1843 1843 1886 ut
1874 1839 2038 1887 verbis

286 1916 490 1965 Domini
515 1917 696 1980 loquar,
724 1921 783 1969 de
806 1928 962 1971 morte
986 1921 1214 1970 transivit
1238 1922 1299 1969 ad
1323 1922 1487 1970 vitam.

357 1999 468 2060 Qua
502 1999 727 2050 videlicet
769 2009 907 2052 nocte
947 2004 1190 2053 Dominus
1237 2005 1539 2067 omnipotens
1581 2003 1765 2051 obitum
1802 2003 1956 2066 ipsius
1991 2003 2045 2050 in

349 2109 518 2151 Appears
533 2112 574 2145 at
633 2087 728 2135 alio
774 2088 967 2151 longius
1012 2088 1170 2151 posito
1216 2087 1508 2135 monasterio
1551 2086 1683 2150 quod
1728 2085 1835 2149 ipsa
1875 2086 2045 2134 eodem

330 2159 400 2244 heg-
413 2161 586 2244 gfflflgfto
631 2189 757 2220 anno
798 2176 1134 2220 construxerat
1176 2177 1224 2220 et
1264 2171 1537 2234 appellatur
1580 2170 1802 2217 Hacanos
1818 2167 1848 2229 ²,
1893 2169 2044 2218 mani-

354 2261 564 2302 Haekness,
632 2257 756 2303 festa
790 2255 974 2303 visione
1008 2254 1220 2302 revelare
1256 2253 1483 2315 dignatus
1518 2257 1604 2301 est.
1692 2252 1817 2300 Erat
1852 2252 1904 2299 in
1939 2251 2045 2316 ipso

289 2339 584 2388 monasterio
616 2338 839 2402 quaedam
872 2337 1246 2386 sanctimonialis
1275 2337 1469 2396 femina,
1503 2335 1698 2384 nomine
1731 2336 1865 2399 Begu
1880 2336 1910 2395 3,
1937 2352 2045 2399 quae

288 2422 496 2486 triginta
520 2426 569 2470 et
592 2421 801 2485 amplius
825 2437 975 2468 annos
1001 2420 1222 2469 dedicata
1245 2419 1458 2468 Domino
1482 2419 1778 2482 virginitate,
1803 2417 1857 2466 in
1880 2434 2045 2465 mona-

290 2504 425 2554 chica
448 2504 808 2569 conversatione
833 2503 1087 2552 serviebat.
1142 2503 1266 2551 Haec
1290 2507 1408 2551 tunc
1431 2502 1485 2549 in
1509 2500 1796 2551 dormitorio
1822 2516 2043 2550 sororum

344 2657 360 2681 ¹
387 2662 554 2697 ‘nwrtem
573 2655 701 2708 vidit]
732 2655 799 2695 On
824 2656 936 2696 Nov.
963 2663 1027 2706 17,
1047 2666 1138 2695 A.D.
1195 2654 1492 2706 Scarborough.
1549 2653 1638 2692 The
1666 2652 1744 2692 cell
1764 2655 1809 2691 at
1829 2651 2047 2692 Hackness

292 2712 381 2752 680.
469 2711 530 2751 Of.
582 2711 656 2750 the
702 2710 927 2763 beginning
974 2711 1020 2750 of
1066 2711 1140 2750 the
1195 2723 1281 2750 was
1318 2708 1539 2762 destroyed
1575 2709 1634 2760 by
1660 2709 1733 2748 the
1766 2707 1919 2752 Danes,
1958 2717 2047 2745 AD.

290 2768 474 2819 chapter.
531 2766 585 2806 So
614 2770 684 2805 too
715 2765 927 2812 Florence‚
965 2780 1006 2818 p.
1045 2765 1137 2816 536,
1199 2765 1290 2818 869.
1347 2765 1402 2803 In
1420 2775 1507 2804 ΑΛ).
1532 2764 1651 2808 1088,
1679 2763 1794 2802 Serlo
1819 2761 1871 2800 de
1900 2761 2047 2813 Percy,

291 2822 356 2863 M.
378 2822 437 2861 H.
457 2821 508 2860 B.
591 2820 679 2859 But
725 2820 798 2859 the
842 2821 1142 2872 Anglo-Saxon
1195 2820 1323 2860 abbot
1351 2819 1400 2859 of
1423 2819 1615 2870 Whitby,
1635 2817 1789 2857 rebuilt
1818 2816 1880 2863 it;
1909 2816 1992 2855 and
2011 2816 2047 2854 it

291 2876 594 2928 Menologium,
623 2875 811 2914 followed
837 2875 891 2926 by
911 2876 1141 2928 Capgrave,
1196 2874 1423 2915 continued
1449 2887 1495 2913 as
1523 2887 1549 2912 a
1574 2873 1654 2912 cell
1684 2871 1878 2912 attached
1902 2875 1946 2909 to
1973 2871 2047 2909 the

293 2935 445 2972 asserts
471 2931 567 2970 that
595 2930 702 2969 Hild
732 2929 829 2969 died
856 2944 909 2969 on
940 2932 1010 2970 the
1044 2931 1142 2980 15th
1197 2931 1334 2982 larger
1361 2932 1598 2980 monastery
1621 2931 1666 2966 at
1686 2926 1863 2978 Whitby
1881 2925 1948 2964 till
1973 2925 2047 2964 the

293 2987 339 3026 of
355 2985 610 3033 December;
630 2985 842 3036 evidently
855 2986 948 3037 hya
962 2985 1142 3024 mistake
1197 2984 1473 3025 Dissolution.
1546 2982 1758 3035 Murray's
1806 2980 2045 3025 Yorkshire,

293 3042 357 3080 for
398 3045 481 3080 ‘xv
519 3040 587 3079 die
624 3039 695 3079 kal
733 3039 966 3079 Decembr.'
1022 3040 1143 3092 King
1197 3053 1239 3092 p.
1263 3038 1354 3089 156.

294 3095 519 3136 Eadmund
543 3095 777 3134 translated
797 3095 873 3134 her
897 3095 1078 3135 remains
1097 3098 1142 3134 to
1251 3095 1267 3119 ³
1295 3092 1430 3145 Beya]
1496 3092 1568 3131 An
1617 3091 1905 3135 Irishwoman‚
1953 3088 2047 3128 who

295 3151 591 3202 Glastonbury.
650 3150 690 3190 S.
1196 3159 1311 3188 came
1348 3152 1392 3187 to
1430 3147 1627 3199 England
1665 3146 1761 3186 that
1800 3146 1873 3184 she
1910 3143 2047 3195 might

295 3232 297 3234 -
348 3205 364 3228 ²
392 3203 609 3255 Hacanos]
685 3204 916 3250 Hackness,
960 3204 1144 3244 thirteen
1197 3203 1357 3251 remain
1403 3202 1654 3242 unmarried.
1722 3201 1814 3240 Her
1850 3211 1972 3239 name
2010 3198 2046 3238 is

294 3260 413 3300 miles
442 3261 547 3300 from
566 3259 757 3312 Whitby,
783 3259 866 3300 and
891 3259 1010 3299 three
1037 3259 1145 3298 from
1198 3257 1419 3311 preserved
1441 3257 1485 3296 in
1510 3257 1571 3298 St.
1592 3257 1711 3296 Bees.
