2216 3554
140 170 260 220 GAP.
278 168 480 238 xxvn.]'
787 169 951 220 Gentis
986 169 1272 234 Anytorum.
1790 177 1887 226 203

139 303 402 353 honorifice
433 303 662 368 sepultus.
732 304 854 352 Haec
889 308 1051 352 autem
1084 303 1228 368 plaga
1261 303 1551 354 Hiberniam
1588 323 1776 370 quoque
1813 306 1889 353 in-

141 387 297 434 sulam
326 386 434 449 pari
469 387 602 435 clade
636 387 897 450 premebat.
985 386 1145 434 Erant
1183 386 1362 434 ibidem
1401 404 1455 436 eo
1490 393 1710 452 tempore
1745 388 1891 436 multi

142 469 378 516 nobilium
403 469 547 517 simul
569 473 619 517 et
642 469 957 518 mediocrium
984 469 1043 517 de
1080 473 1225 531 gente
1248 469 1535 532 Anglorum,
1563 471 1648 535 qui
1672 476 1891 534 tempore

143 551 321 598 Finani
346 555 395 599 et
415 551 633 600 Colmani
659 551 1007 615 episcoporum,
1033 551 1200 600 relicta
1230 551 1387 600 insula
1410 554 1583 616 patria,
1611 554 1689 602 vel
1715 553 1893 601 divinae

142 633 376 693 lectionis,
412 635 487 682 vel
529 635 894 683 continentioris
932 634 1045 683 vitae
1092 635 1250 698 gratia
1296 635 1381 683 illo
1428 640 1739 684 secesserant.
1824 636 1894 683 Et

144 715 342 778 quidam
374 716 570 779 quidem
599 703 713 765 111011
749 734 798 766 se
833 718 1110 767 monasticae
1143 718 1498 766 conversationi
1527 718 1735 767 fideliter
1758 735 1893 766 man-

143 797 439 860 cipaverunt,
463 798 544 845 alii
570 799 720 863 magis
745 799 1081 848 circumeundo
1105 816 1191 864 per
1214 800 1358 848 cellas
1383 800 1728 863 magistrorum
1744 801 1775 861 ¹,
1801 801 1893 848 lec-

144 880 270 928 tioni
305 897 499 943 operam
534 882 648 931 dare
681 883 986 947 gaudebant:
1031 901 1151 947 quos
1187 901 1351 932 omnes
1382 883 1540 932 Scotti
1573 884 1894 932 libentissime

145 963 456 1026 suscipientes
480 964 665 1013 victum
701 966 770 1014 eis
806 966 1148 1030 quotidianum
1184 967 1286 1015 sine
1322 966 1494 1030 pretio,
1520 967 1672 1015 libros
1702 983 1895 1031 quoque

145 1046 207 1093 ad
231 1046 498 1108 legendum,
524 1050 574 1095 et
598 1048 935 1111 magisterium
957 1049 1229 1112 gratuitum
1253 1050 1467 1113 praebere
1492 1050 1740 1098 curabant.

215 1127 367 1175 Erant
413 1127 541 1176 inter
580 1130 666 1178 hos
706 1131 801 1179 duo
839 1134 1039 1195 juvenes
1085 1149 1274 1196 magnae
1322 1132 1514 1191 indolis,
1554 1131 1613 1180 de
1653 1131 1896 1180 nobilibus

146 1207 435 1272 Anglorum,
484 1212 698 1261 Edilhun
745 1218 794 1262 et
841 1215 1076 1279 Ecgberct
1091 1213 1121 1275 ²,
1160 1232 1366 1279 quorum
1413 1215 1550 1277 prior
1625 1233 1819 1276 Ecgberht

146 1291 295 1339 frater
328 1292 423 1341 fuit
458 1294 720 1355 Edfluiniss,
745 1297 837 1344 viri
874 1315 1009 1361 aeque
1044 1298 1151 1346 Deo
1186 1298 1365 1356 dilecti,
1392 1297 1483 1361 qui,
1505 1303 1553 1346 et
1589 1283 1860 1367 ξξῖξξξζξζῗξς

146 1374 250 1438 ipse
285 1392 388 1423 aevo
424 1383 655 1440 sequente
684 1379 972 1429 Hiberniam
1005 1382 1165 1445 gratia
1195 1380 1388 1443 legendi
1415 1380 1552 1439 adiit,
1626 1383 1732 1425 gious
1748 1382 1824 1417 life.

148 1462 197 1506 et
228 1458 351 1506 bene
380 1458 645 1509 instructus
673 1463 880 1525 patriam
913 1463 1071 1523 rediit,
1099 1470 1246 1528 atque
1280 1464 1530 1528 episcopus
1562 1464 1614 1511 in
1646 1462 1899 1526 provincia.

149 1538 363 1586 Lindissi
387 1539 556 1595 factus,
582 1542 736 1590 multo
768 1543 1015 1591 ecclesiam
1047 1548 1265 1608 tempore
1294 1543 1590 1591 nobilissime
1612 1542 1753 1591 rexit.
1823 1541 1898 1590 Hi

149 1637 264 1683 ergo
300 1637 409 1668 cum
445 1628 604 1671 essent
639 1623 692 1671 in
728 1625 1017 1674 monasterio
1053 1627 1182 1690 quod
1217 1626 1387 1689 lingua
1429 1624 1707 1674 Scottorum
1742 1624 1900 1672 Rath-

148 1702 371 1766 melsigi4
402 1706 687 1767 appellatur,
719 1713 767 1755 et
800 1725 962 1757 omnes
998 1709 1114 1757 socii
1149 1709 1364 1772 ipsorum
1395 1708 1472 1756 vel
1509 1707 1804 1755 mortalitate
1840 1707 1900 1754 de

149 1786 322 1833 saeculo
346 1787 487 1849 rapti,
505 1788 580 1836 vel
604 1806 692 1852 per
715 1790 812 1838 alia
834 1795 993 1839 essent
1015 1791 1120 1839 loca
1144 1790 1366 1854 dispersi,
1388 1790 1595 1853 correpti
1619 1793 1735 1837 sunt
1759 1789 1900 1837 ambo

148 1869 318 1916 morbo
361 1871 572 1931 ejusdem
614 1873 943 1933 mortalitatis,
982 1877 1030 1921 et
1072 1874 1358 1936 gravissime
1399 1873 1609 1920 adflicti:
1659 1889 1684 1920 e
1723 1872 1900 1935 quibus

150 1950 401 2014 Ecgberct,
418 1953 541 2001 sicut
565 1955 686 2002 mihi
712 1957 952 2006 referebat
971 1958 1169 2021 quidam
1188 1956 1523 2005 veracissimus
1549 1959 1597 2004 et
1616 1955 1899 2003 venerandae

150 2033 344 2081 canitiei
367 2037 618 2099 presbyter
641 2039 726 2102 qui
751 2057 800 2088 se
825 2040 925 2090 haec
949 2042 1011 2089 ab
1035 2041 1142 2104 ipso
1172 2040 1363 2088 audisse
1388 2039 1689 2102 perhibebat,
1715 2055 1826 2086 cum
1850 2054 1902 2086 se

151 2117 435 2165 aestimasset
470 2135 570 2167 esse
606 2122 914 2181 moriturum,
946 2140 1164 2187 egressus
1200 2127 1273 2172 est
1307 2128 1525 2186 tempore
1562 2122 1806 2170 matutino
1843 2122 1903 2169 de

153 2197 374 2247 cubiculo
405 2199 458 2247 in
496 2218 591 2265 quo
630 2203 811 2252 infirmi
846 2206 1168 2270 quiescebant,
1208 2212 1257 2254 et
1298 2205 1510 2253 residens
1547 2205 1674 2253 solus
1709 2204 1761 2251 in
1797 2203 1903 2251 loco

154 2285 438 2344 opportuno,
465 2285 609 2348 coepit
634 2288 824 2336 sedulus
861 2289 1074 2352 cogitare
1098 2289 1157 2336 de
1181 2288 1367 2337 actibus
1393 2288 1502 2347 suis,
1533 2293 1581 2336 et
1606 2291 1904 2350 conpunctus

155 2364 387 2412 memoria
426 2372 730 2428 peccatorum
774 2387 973 2420 suorum
1014 2371 1187 2419 faciem
1227 2371 1441 2419 lacrimis
1481 2370 1720 2430 abluebat,
1757 2374 1904 2433 atque

155 2444 327 2494 intimo
351 2463 411 2493 ex
435 2449 574 2497 corde
597 2449 758 2499 Deum
780 2455 1083 2517 precabatur,
1103 2471 1162 2502 116
1186 2453 1340 2501 adhuc
1364 2453 1487 2500 mori
1513 2454 1720 2512 deberet,
1747 2453 1904 2516 prius-

156 2543 302 2589 quam
326 2529 403 2576 vel
426 2532 694 2593 praeteritas
730 2537 1049 2601 negligentias
1082 2553 1201 2601 quas
1237 2536 1289 2583 in
1321 2536 1532 2599 pueritia
1561 2536 1661 2584 sive
1696 2536 1905 2584 infantia

155 2611 472 2671 commiserat,
508 2615 767 2676 perfectius
808 2635 868 2665 ex
906 2624 1137 2682 tempores
1166 2619 1438 2681 castigaret,
1476 2620 1553 2667 vel
1590 2618 1643 2666 in
1677 2618 1817 2666 bonis
1854 2634 1902 2665 se

157 2694 382 2756 operibus
406 2695 763 2747 habundantius
788 2707 1044 2750 exerceret.
1092 2701 1246 2752 Vovit
1271 2702 1418 2749 etiam
1443 2706 1625 2760 votum,
1645 2701 1760 2764 quia
1785 2701 1903 2747 adeo

156 2778 439 2841 peregrinus
469 2779 632 2828 vivere
662 2782 823 2842 vellet,
848 2788 904 2832 ut
931 2802 1180 2849 nunquam
1215 2785 1267 2833 in
1302 2785 1512 2833 insulam
1547 2785 1598 2832 in
1631 2802 1727 2848 qua
1761 2788 1904 2831 natus

209 2910 221 2934 ¹
250 2912 557 2962 maqistrorum]
589 2913 716 2962 Here,
728 2913 800 2953 the
812 2915 996 2954 teachers
1105 2913 1121 2937 ²
1148 2915 1355 2969 Ecyberct]
1388 2916 1465 2956 See
1485 2930 1525 2958 v.
1546 2929 1584 2967 9,
1608 2915 1712 2955 with
1732 2918 1842 2954 note.

152 2964 199 3005 of
212 2965 286 3004 the
304 2966 473 3013 monks;
501 2967 577 3006 but
591 2969 802 3020 generally
815 2970 915 3009 used
933 2970 996 3010 for
1105 2970 1121 2994 ⁸
1148 2972 1361 3024 Ediluini]
1385 2973 1461 3012 See
1480 2986 1520 3024 p.
1546 2971 1634 3011 161.

152 3033 178 3059 a
210 3020 304 3059 title
333 3020 395 3059 for
423 3021 495 3061 the
522 3034 635 3061 more
661 3023 825 3063 learned
857 3025 904 3064 of
925 3025 997 3064 the
1108 3025 1123 3049 4
1149 3026 1439 3079 Rathmelsiyi]
1544 3027 1652 3064 Now
1709 3023 1902 3064 Melfont.

154 3074 318 3114 clerical
356 3075 476 3127 body.
531 3077 594 3116 Of.
627 3077 772 3127 Smith,
807 3079 994 3131 Append.
1052 3080 1219 3121 Named
1273 3082 1377 3122 from
1433 3081 1561 3126 Rath,
1610 3078 1772 3127 ‘town,’
1818 3078 1903 3117 and

156 3130 238 3169 No.
277 3131 373 3176 xvii,
413 3131 546 3170 which
583 3131 738 3183 begine,
778 3133 998 3186 ‘Magistri
1052 3135 1155 3184 Mel,
1196 3137 1267 3176 the
1314 3137 1484 3186 disciple
1520 3134 1603 3174 and
1649 3134 1821 3184 nephew
1860 3132 1906 3171 of

158 3184 334 3224 ecclesiae
362 3198 443 3224 non
473 3186 543 3225 alii
571 3185 738 3226 fuerunt
766 3201 890 3239 quam
918 3190 996 3229 cle·
1051 3191 1112 3232 St.
1160 3191 1345 3233 Patrick.
1401 3192 1484 3230 For
1530 3190 1631 3236 him,
1680 3201 1747 3226 see
1788 3187 1902 3226 Acta

156 3239 230 3277 rici
250 3240 450 3279 doctiores
465 3241 564 3279 etin
577 3242 699 3281 rebus
718 3243 1001 3284 ecclesiasticis
1058 3245 1128 3287 SS,
1160 3246 1290 3286 Mart.
1330 3246 1373 3286 ii.
1408 3244 1500 3296 561,
1532 3243 1625 3294 562,
1653 3242 1808 3294 quoted
1846 3242 1903 3293 by

157 3293 262 3333 bene
288 3293 494 3335 instituti?
552 3295 627 3336 See
649 3299 717 3336 too
742 3297 798 3337 iv.
823 3307 885 3350 27.
943 3299 1000 3339 H.
1056 3300 1169 3340 Stev.
