2216 3554
185 174 301 224 CAP.
326 174 518 243 xxxn]
812 176 974 226 Gentis
1007 175 1287 238 Anylorum.
1839 184 1934 228 289

184 326 300 373 pore
347 326 445 358 non
491 325 643 372 pauco
690 308 843 356 frater
890 308 1119 371 praefatus
1177 308 1264 356 tali
1312 309 1619 358 incommodo
1678 310 1932 369 laboraret,

182 409 338 455 neque
373 392 632 439 imminens
667 390 804 439 oculo
839 390 1045 438 exitium
1078 390 1291 438 humana
1326 409 1498 440 manus
1534 408 1701 440 curare
1736 392 1932 450 valeret,

182 475 300 536 quin
334 491 422 538 per
455 474 557 521 dies
597 477 887 536 augesceret,
924 472 1132 535 contigit
1167 490 1279 521 eum
1316 474 1481 522 subito
1518 474 1699 522 divinae
1734 474 1934 539 pietatis

179 557 337 618 gratia
372 573 458 620 per
482 554 769 603 sanctissimi
805 554 959 617 patris
985 554 1248 603 Cudbercti
1284 557 1519 620 reliquias
1555 556 1727 605 sanari.
1801 556 1849 603 N
1854 572 1951 609 am,

181 639 372 701 quando
406 639 578 686 fratres
613 637 896 706 suicorpus
931 636 1086 700 ipsius
1115 646 1231 700 ,post
1257 639 1447 688 {multos
1474 639 1744 702 >sepulturae
1780 654 1933 686 annos

177 722 515 785 incorruptum
559 719 876 782 reperierunt,
923 719 1143 767 tulerunt
1192 725 1387 784 ¹partem
1435 722 1496 770 de
1547 720 1736 784 capillis
1783 737 1931 783 quam

178 784 310 853 mdre
356 802 670 867 reliquiarum
726 801 1008 864 rogantibus
1067 803 1233 853 amicis
1279 804 1408 865 dare,
1456 804 1532 853 vel
1582 803 1832 852 ostendere
1878 803 1930 850 in

177 886 372 948 signum
407 885 626 933 miraculi
661 888 870 948 possent.

244 968 438 1016 Harum
473 967 762 1031 particulam
795 966 1112 1031 reliquiarum
1139 985 1195 1017 eo
1218 973 1438 1033 tempore
1462 969 1673 1018 habebat
1701 985 1848 1032 penes
1877 986 1928 1017 se

177 1049 375 1111 quidam
409 1050 468 1097 de
502 1049 795 1113 presbyteris
820 1049 1046 1113 ejusdem
1080 1052 1379 1110 monasterii,
1404 1051 1601 1100 nomine
1635 1051 1926 1111 Thruidred‚

173 1132 257 1195 qui
299 1149 427 1181 nunc
467 1132 620 1196 ipsius
657 1131 937 1180 monasterii
974 1133 1122 1181 abbas
1162 1138 1248 1182 est.
1322 1134 1419 1195 Qui
1456 1151 1563 1182 eum
1598 1134 1676 1182 die
1718 1135 1928 1198 quadam

174 1215 420 1278 ingressus
463 1214 711 1262 ecclesiam
752 1214 1019 1277 aperuisset
1048 1216 1242 1264 thecam
1276 1216 1606 1281 reliquiarum,
1643 1221 1701 1264 ut
1740 1216 1924 1280 portio-

171 1313 282 1344 nem
319 1314 485 1345 earum
521 1296 714 1360 roganti
749 1297 904 1345 amico
938 1303 1210 1360 praestaret,
1244 1299 1450 1362 contigit
1486 1305 1536 1348 et
1570 1300 1733 1363 ipsum
1768 1300 1926 1348 adole—

171 1383 383 1427 scentem
418 1378 496 1426 cui
532 1379 701 1426 oculus
742 1378 1018 1442 languebat,
1053 1380 1108 1427 in
1149 1381 1317 1429 eadem
1351 1382 1548 1430 ecclesia
1586 1386 1706 1430 tunc
1746 1381 1924 1430 adesse.

172 1461 390 1523 Cumque
430 1460 684 1523 presbyter
717 1461 991 1524 portionem
1030 1468 1261 1525 quantam
1296 1448 1482 1524 voluit,
1504 1464 1657 1512 amico
1699 1464 1924 1522 dedisset,

168 1543 417 1591 residuum
453 1542 588 1590 dedit
622 1543 926 1602 adolescenti,
952 1548 1009 1592 ut
1043 1562 1131 1594 suo
1166 1546 1218 1592 in
1254 1546 1358 1594 loco
1393 1550 1664 1609 reponeret.
1732 1546 1803 1593 At
1837 1546 1923 1594 ille

166 1624 351 1673 salubri
408 1625 645 1673 instinctu
702 1625 992 1685 admonitus,
1042 1644 1152 1675 cum
1199 1628 1459 1692 accepisset
1506 1629 1706 1692 capillos
1765 1630 1922 1677 sancti

166 1707 352 1770 capitiS‚
393 1707 619 1770 adposuit
656 1707 903 1771 palpebrae
949 1708 1216 1772 languenti,
1256 1716 1305 1758 et
1352 1711 1636 1774 aliquandiu
1672 1715 1918 1759 tumorem

164 1790 307 1837 illum
341 1790 574 1837 infestum
609 1789 787 1837 horum
828 1790 1132 1853 adpositione
1169 1793 1487 1856 comprimere
1521 1810 1576 1841 ac
1611 1793 1802 1841 mollire
1838 1810 1918 1841 cu-

163 1872 317 1921 rabat.
387 1871 500 1933 ‘Quo
534 1871 673 1931 facto,
706 1872 952 1937 reliquias,
992 1878 1050 1921 ut
1086 1876 1248 1937 jussus
1291 1881 1408 1935 erat,
1446 1893 1532 1924 sua
1572 1876 1625 1924 in
1665 1875 1806 1924 theca
1846 1893 1918 1923 re-

163 1953 396 2012 condidit,
421 1954 619 2002 credens
651 1971 794 2002 suum
819 1956 1013 2003 oculum
1046 1956 1230 2019 capillis
1255 1956 1350 2005 viri
1373 1957 1470 2005 Dei
1495 1958 1672 2022 quibus
1696 1957 1917 2006 adtactus

166 2042 270 2085 erat
306 2037 440 2085 ocius
473 2052 575 2084 esse
599 2038 882 2086 sanandum.
953 2038 1124 2101 Neque
1154 2055 1264 2086 eum
1288 2056 1375 2087 sua
1398 2039 1516 2088 fides
1539 2040 1724 2088 fefellit.
1795 2039 1918 2088 Erat

162 2119 306 2178 enim,
342 2124 400 2167 ut
432 2120 612 2167 referre
653 2125 758 2167 erat
799 2119 983 2179 solitus,
1020 2125 1139 2168 tunc
1180 2121 1299 2168 hora
1334 2121 1524 2170 circiter
1559 2122 1767 2170 secunda
1802 2121 1912 2170 diei.

162 2202 260 2250 Sed
296 2218 406 2249 cum
443 2201 552 2261 alia,
588 2219 790 2266 quaeque
831 2203 933 2251 dies
973 2203 1059 2250 illa
1094 2204 1332 2266 exigebat,
1363 2204 1599 2267 cogitaret
1635 2208 1685 2253 et
1718 2204 1914 2263 faceret,

160 2283 444 2332 imminente
483 2284 601 2332 hora
636 2284 789 2348 ipsius
826 2283 924 2333 diei
961 2290 1110 2345 sexta,
1147 2294 1346 2350 repente
1384 2287 1668 2351 contingens
1702 2287 1912 2346 oculum,

158 2366 231 2414 ita
277 2382 446 2414 sanum
462 2365 478 2392 ¹
520 2381 631 2413 cum
678 2365 909 2429 palpebra
953 2366 1154 2426 invenit,
1198 2384 1253 2416 ac
1300 2367 1341 2417 si
1383 2368 1455 2416 nil
1495 2385 1709 2433 unquam
1757 2369 1809 2416 in
1856 2386 1911 2418 eo

160 2447 483 2497 deformitatis
516 2464 571 2496 ac
605 2448 813 2497 tumor‘is
847 2449 1162 2512 apparuisset.

425 2578 439 2602 ¹
467 2578 634 2631 sanwm]
666 2579 744 2619 See
763 2578 958 2627 Metrical
977 2578 1070 2619 Life
1089 2579 1136 2620 of
1158 2579 1219 2621 st.
1241 2580 1487 2630 Guthberht,
1506 2596 1540 2622 c.
1559 2583 1646 2622 xlii.
