2216 3554
291 164 385 208 154
863 162 1091 231 Historia
1126 163 1466 213 Ecclesiastica
1801 162 1936 233 [Lm.
1950 180 2031 214 111.

286 292 537 341 Parisiacae
568 293 796 352 civitatis,
821 295 1002 344 ibidem
1034 313 1179 345 senex
1203 314 1259 345 ac
1289 297 1461 360 plenus
1492 295 1682 343 dierum
1714 295 1850 347 obiit.
1918 298 2034 346 Non

390 393 522 430 whois
627 377 798 426 multis
813 377 829 406 ¹
864 384 1029 427 autem
1063 380 1202 428 annis
1238 384 1351 442 post
1385 380 1659 427 abscessum
1694 380 1797 441 ejus
1838 396 1867 427 a
1902 379 2039 427 Brit-

285 486 286 489 =
328 443 581 528 outdg}vffing
625 459 759 508 tania
788 461 1060 521 transactis,
1095 462 1262 525 pulsus
1294 469 1368 510 est
1392 461 1506 509 Vini
1534 461 1595 508 ab
1628 461 1800 521 ,eodem
1831 478 1942 524 rege
1974 461 2035 509 de

363 533 551 577 Oeam-lh,
628 541 932 604 episcopatu:
994 543 1080 606 qui
1126 544 1349 592 secedens
1409 543 1469 590 ad
1514 558 1679 605 regem
1726 542 2034 600 Merciorum,

285 621 518 670 vocabulo
541 622 781 684 Vulfheri,
806 625 924 673 emit
953 627 1111 690 pretio
1136 628 1196 675 ab
1226 627 1391 675 eodem
1424 625 1586 674 sedem
1615 624 1884 673 Lundoniae
1919 625 2035 673 civi-

284 703 415 763 tatis‚
449 704 645 768 ejusque
679 705 930 769 episcopus
967 724 1120 771 usque
1155 709 1216 756 ad
1252 709 1366 757 vitae
1403 724 1501 756 suae
1539 706 1805 755 terminum
1840 707 2034 755 mansit.

286 786 460 850 Sicque
500 787 751 849 provincia
787 789 1175 838 Occidentalium
1210 790 1458 839 Saxonum
1491 794 1710 853 tempore
1752 806 1848 837 non
1881 805 2035 852 pauco

284 870 466 932 absque
489 870 693 932 praesule
718 870 828 918 fuit.
1216 880 1222 886 ‘

354 951 463 1011 Quo
499 951 646 1000 etiam
687 957 903 1016 tempore
939 970 1025 1001 rex
1066 954 1296 1017 praefatus
1331 954 1483 1017 ipsius
1530 954 1699 1017 gentis,
1738 953 2036 1016 gravissimis

284 1033 423 1096 regni
461 1034 537 1081 sui
575 1035 763 1082 damnis
805 1035 1068 1098 saepissime
1102 1036 1165 1084 ab
1206 1036 1427 1086 hostibus
1461 1036 1701 1095 adflictus,
1738 1036 1934 1085 tandem
1975 1037 2037 1084 ad

286 1116 570 1164 memoriam
598 1117 806 1176 reduxit,
833 1117 963 1181 quod
994 1134 1104 1165 eum
1136 1118 1327 1181 pridem
1364 1118 1568 1181 perfidia
1598 1135 1745 1182 regno
1778 1119 2035 1182 pepulerit,

228 1211 242 1227 Χ
285 1198 405 1246 fides
435 1198 600 1262 agnita
630 1198 816 1247 Christi
848 1199 902 1247 in
937 1216 1141 1263 regnum
1172 1200 1500 1250 revocaverit:
1537 1201 1875 1264 intellexitque
1908 1202 2038 1265 quod

286 1281 433 1328 etiam
480 1285 597 1328 tunc
638 1280 875 1329 destituta
912 1281 1138 1345 pontifice
1176 1282 1442 1345 provincia,
1480 1287 1609 1331 recte
1650 1283 1835 1346 pariter
1871 1283 2037 1332 divino

285 1363 432 1410 fuerit
464 1362 697 1411 destituta
727 1363 968 1427 praesidio.
1042 1364 1183 1413 Misit
1214 1382 1328 1428 ergo
1362 1365 1621 1428 legatarios
1651 1365 1706 1413 in
1737 1364 1946 1413 Galliam
1975 1367 2038 1414 ad

285 1443 640 1508 Agilberctum,
668 1446 922 1494 summissa
955 1445 1091 1494 illum
1126 1447 1450 1496 satisfactione
1481 1447 1740 1511 deprecans
1763 1449 1826 1496 ad
1858 1448 2037 1513 episco-

285 1533 457 1591 patum
481 1545 578 1576 suae
601 1528 759 1591 gentis
790 1528 964 1578 redire.
1035 1527 1106 1578 At
1130 1529 1212 1579 ille
1245 1547 1294 1579 se
1320 1547 1563 1587 excusans,
1590 1536 1639 1578 et
1670 1548 1726 1578 eo
1750 1530 1914 1580 venire
1942 1549 2038 1581 non

285 1627 423 1675 posse
458 1616 730 1659 contestans
764 1612 878 1675 quia
910 1612 1194 1676 episcopatu
1226 1601 1436 1676 propriae
1469 1612 1682 1660 civitatis
1713 1630 1768 1661 ac
1798 1614 2038 1677 parochiae

285 1697 533 1741 teneretur
563 1693 849 1755 adstrictu83
886 1711 947 1743 ne
971 1699 1136 1743 tamen
1171 1695 1347 1744 obnixe
1372 1695 1557 1759 petenti
1582 1695 1654 1742 nil
1677 1695 1828 1744 ferret
1851 1697 2036 1757 auxilii,

337 1816 415 1851 and
430 1816 572 1858 Bishop
627 1776 762 1825 misit
785 1794 873 1840 pro
893 1794 943 1826 se
958 1777 1041 1826 illo
1065 1778 1403 1841 presbyterum
1422 1778 1745 1826 Leutherium
1759 1778 1791 1837 ²,
1812 1786 2037 1842 nepotem

358 1865 545 1922 filothere
624 1876 778 1918 suum,
799 1857 886 1923 qui
910 1859 968 1919 ei,
994 1859 1036 1908 si
1059 1860 1216 1919 vellet,
1237 1860 1543 1908 ordinaretur
1557 1861 1838 1924 episcopus;
1866 1862 2031 1910 dicens

336 1916 572 2008 Ἔξῗῗῢὲξξῗ
626 1942 755 2005 qu'od
794 1942 899 2005 ipse
935 1959 1045 1990 eum
1080 1943 1282 2007 dignum
1326 1961 1428 1994 esse
1469 1944 1748 2009 episcopatu
1778 1945 2035 2008 judicaret.

342 2015 378 2050 S.
397 2014 570 2056 chron.].
627 2024 735 2085 Quo
776 2024 1038 2073 honorifice
1070 2042 1100 2073 a
1132 2027 1314 2089 populo
1350 2032 1400 2075 et
1427 2044 1456 2075 a
1489 2044 1602 2092 rege
1637 2034 1872 2091 suscepto,
1898 2045 2035 2092 roga-

285 2109 461 2155 verunt
479 2106 802 2167 Theodorum,
821 2110 940 2156 tunc
963 2108 1378 2172 archiepiscopum
1401 2109 1789 2159 Doruvernensis
1813 2110 2038 2170 ecclesiae,

285 2190 444 2253 ipsum
462 2188 555 2236 sibi
570 2188 842 2237 antistitem
860 2190 1153 2239 consecrari:
1192 2191 1277 2255 qui
1303 2195 1608 2240 consecratus
1632 2192 1685 2239 in
1703 2191 1810 2256 ipsa
1827 2193 2038 2252 civitate,

286 2272 485 2319 multis³
521 2272 662 2319 annis
697 2272 1027 2335 episcopatum
1060 2273 1387 2334 Gevissorum,
1422 2292 1482 2323 ex
1517 2274 1745 2339 synodica
1778 2276 2036 2336 sanctione,

286 2354 416 2403 solus
440 2353 607 2402 sedulo
635 2355 962 2405 moderamine
984 2357 1149 2420 gessit.

339 2464 355 2487 ¹
384 2464 483 2503 Non
503 2463 660 2516 multis]
694 2465 842 2511 Three,
863 2465 903 2505 S.
924 2467 1076 2509 C‘hron.
1242 2470 1257 2492 ³
1284 2469 1444 2522 multis]
1480 2470 1566 2510 Six,
1624 2470 1785 2511 Haedde
1811 2471 2039 2512 succeeded

341 2518 356 2542 ²
384 2519 665 2573 Leutheriam]
696 2520 945 2570 Hlothhere,
965 2523 1031 2563 Ib.
1186 2524 1275 2564 him
1294 2526 1338 2564 in
1358 2536 1449 2566 ΑΔ).
1473 2523 1567 2577 676,
1588 2525 1653 2565 Ib.
