2216 3554
323 164 417 209 144
897 159 1123 210 Historia
1158 160 1498 211 Ecclesiastica
1838 160 1972 231 [Lm.
1988 180 2070 215 111.

385 297 619 349 Venienti
651 298 805 362 igitur
827 299 889 347 ad
922 317 971 349 se
1003 300 1237 364 episcopo,
1263 317 1350 348 rex
1373 301 1534 349 locum
1558 299 1685 348 sedis
1709 301 1991 366 episcopalis
2014 304 2067 352 in

366 423 408 457 to
421 421 610 457 whomhe
657 381 816 430 insula
871 381 1289 431 Lindisfarnensi¹
1335 383 1421 431 ubi
1470 383 1574 446 ipse
1620 384 1828 446 petebat,
1875 386 2064 434 tribuit.

365 472 512 514 assigna
527 473 616 506 Lin·
659 463 756 525 Qui
778 464 1003 513 videlicet
1017 466 1035 493 ²
1065 465 1199 513 locus
1223 466 1474 513 accedente
1498 482 1553 513 ac
1577 467 1827 514 recedente
1851 474 2066 516 reumate

358 521 614 614 Εῗξέῖξξι
658 546 732 594 bis
756 547 972 610 quotidie
995 547 1149 596 instar
1171 547 1341 596 insulae
1367 547 1514 596 maris
1547 547 1883 614 cirgugngur
1905 550 2066 609 undis,

442 622 536 656 seat.
648 628 722 676 bis
746 629 982 677 renudato
1005 629 1173 677 littore
1198 630 1453 691 contiguus
1471 635 1613 678 terrae
1632 630 1883 691 redditur,
1922 635 2067 695 atque

314 710 416 774 ejus
440 710 852 759 admonitionibus
876 710 1126 759 humiliter
1142 728 1196 759 ac
1219 712 1426 760 libenter
1448 712 1502 758 in
1527 712 1751 760 omnibus
1775 714 2063 774 auscultans,

314 793 563 842 ecclesiam
600 793 783 842 Christi
817 793 870 840 in
904 810 1053 856 regno
1089 810 1173 841 suo
1209 794 1421 841 multum
1456 794 1713 856 diligenter
1738 795 1975 844 aedificare
2009 813 2065 844 ac

313 875 518 924 dilatare
553 875 755 924 curavit.
839 874 943 924 Ubi
987 875 1312 938 pulcherrimo
1360 893 1486 939 saepe
1528 877 1802 939 spectaculo
1843 876 2063 944 contigit,

311 964 370 1006 ut
406 958 766 1021 evangelizante
801 956 1022 1005 antistite
1056 957 1143 1020 qui
1176 958 1451 1021 Anglorum
1487 959 1706 1022 linguam
1733 939 2064 1022 perfecteTon

311 1046 525 1099 noverat,
551 1040 655 1103 ipse
679 1056 767 1087 rex
798 1039 897 1086 suis
920 1039 1123 1088 ducibus
1154 1058 1209 1089 ac
1240 1041 1477 1089 ministris
1508 1042 1747 1105 interpres
1771 1042 1909 1090 verbi
1938 1041 2064 1089 exis-

310 1129 437 1172 teret
483 1122 714 1171 caelestis:
768 1122 881 1185 quia
927 1122 1160 1171 nimirum
1204 1128 1309 1171 tam
1354 1125 1500 1188 longo
1542 1124 1678 1172 exilii
1724 1124 1801 1172 sui
1846 1130 2064 1187 tempore

310 1207 528 1270 linguam
567 1206 843 1254 Scottorum
875 1204 979 1268 jam
1016 1206 1157 1268 plene
1191 1205 1440 1255 didicerat.
1511 1206 1642 1254 Exin
1677 1223 1861 1270 coepere
1901 1207 2064 1270 plures

309 1306 397 1353 per
443 1288 546 1336 dies
592 1286 652 1335 de
690 1285 965 1335 Scottorum
1008 1286 1203 1350 regione
1242 1287 1406 1335 venire
1447 1287 1744 1335 Brittaniam
1785 1294 1931 1352 atque
1967 1288 2065 1337 illis

308 1371 586 1435 Anglorum
613 1369 873 1433 provinciis
905 1370 1082 1432 quibus
1115 1370 1339 1433 regnavit
1373 1388 1460 1418 rex
1496 1369 1693 1430 Osuald,
1719 1387 1896 1433 magna
1919 1371 2062 1419 devo-

309 1453 441 1502 tione
468 1454 669 1501 verbum
703 1451 816 1499 fidei
850 1452 1126 1515 praedicare,
1151 1457 1200 1500 et
1237 1452 1542 1501 credentibus
1578 1452 1786 1516 gratiam
1818 1453 2061 1516 baptismi,

308 1536 598 1600 quicumque
632 1534 915 1583 sacerdotali
949 1539 1087 1583 erant
1121 1535 1277 1598 gradu
1310 1535 1521 1598 praediti,
1557 1535 1846 1586 ministrare.
1936 1535 2061 1584 Con-

307 1619 619 1667 struebantur
642 1633 756 1680 ergo
784 1616 994 1665 ecclesiae
1009 1617 1026 1643 ¹⁰³
1049 1634 1136 1680 per
1158 1617 1264 1665 loca
1278 1619 1309 1677 ⁴,
1336 1617 1643 1666 confluebant
1674 1618 1736 1666 ad
1764 1617 2062 1666 audiendum

307 1702 512 1750 verbum
530 1699 698 1764 populi
722 1699 1001 1763 gaudentes,
1021 1699 1326 1748 donabantur
1344 1717 1544 1748 munere
1568 1700 1703 1762 regio
1722 1701 2056 1763 possessiones,

307 1789 357 1833 et
389 1783 636 1832 territoria
673 1782 735 1830 ad
773 1781 1074 1830 instituenda
1119 1783 1426 1842 monasteria,
1463 1782 1807 1831 imbuebantur
1851 1801 2061 1847 praecep-

305 1866 493 1915 toribus
531 1864 710 1913 Scottis
750 1863 941 1927 parvuli
973 1861 1262 1927 Anglorum‚
1299 1881 1398 1912 una
1433 1881 1545 1912 cum
1581 1863 1847 1928 majoribus
1883 1866 2059 1915 studiis

306 1953 356 1996 et
384 1947 716 1997 observatione
741 1946 1009 2010 disciplinae
1033 1947 1284 2010 regularis,

374 2030 506 2078 Nam
542 2028 762 2077 monachi
790 2035 928 2078 erant
968 2029 1177 2078 maxime
1212 2029 1295 2093 qui
1326 2029 1388 2077 ad
1422 2029 1785 2093 praedicandum
1812 2034 2057 2079 venerant.

356 2183 372 2206 ¹
400 2182 758 2235 Lindisfarnensi]
780 2182 925 2222 Called
938 2182 1153 2229 Medcaut,
1191 2173 1384 2222 ¹rheuma.
1394 2187 1547 2223 vocant
1559 2183 1709 2228 Graeci,
1727 2183 1775 2223 fit
1793 2183 1931 2223 insula
1944 2197 1954 2229 ;
1982 2183 2058 2235 bis,

303 2238 519 2284 Metcaud,
539 2239 597 2290 by
615 2238 687 2277 the
714 2237 899 2284 British;
927 2237 1154 2277 Lindisfar-
1206 2237 1422 2278 renudatis
1443 2238 1639 2288 (abeunte
1657 2238 1893 2286 rheumate)
1908 2239 2059 2279 littori-

302 2307 396 2340 nea,
430 2292 740 2344 Halig-ealand,
773 2293 830 2344 by
867 2293 940 2332 the
977 2293 1148 2344 Angles.
1207 2293 1297 2339 bus,
1325 2293 1522 2344 contigua
1549 2298 1669 2333 terrae
1694 2293 1907 2334 redditur?
1963 2293 2054 2334 Vit.

303 2349 381 2389 All
394 2348 467 2387 the
484 2347 642 2402 islands
657 2348 719 2387 off
727 2347 800 2386 the
820 2347 1156 2387 Northhumber-
1210 2348 1252 2389 S.
1271 2347 1506 2394 Cudbercti,
1524 2362 1558 2388 c.
1584 2356 1647 2400 17.

301 2403 404 2453 land
433 2406 546 2443 coast
576 2416 646 2442 are
676 2402 806 2442 called
832 2402 945 2442 Farn
964 2402 1155 2450 Islands;
1264 2403 1280 2426 ³
1311 2403 1657 2444 Com-struebantur
1710 2416 1804 2455 erqo
1863 2402 2054 2455 ecclesiae]

302 2458 389 2498 and
406 2457 492 2497 this
511 2457 546 2497 is
565 2461 609 2496 at
627 2458 701 2497 the
720 2458 870 2496 mouth
889 2458 931 2496 of
949 2458 1022 2497 the
1040 2457 1151 2496 river
1207 2458 1368 2510 Mostly
1393 2458 1440 2498 of
1458 2458 1588 2506 wood‚
1618 2471 1685 2497 see
1709 2471 1749 2510 p.
1781 2470 1874 2511 192,
1895 2458 2055 2510 though

302 2513 462 2552 Liudis.
516 2511 600 2551 For
632 2526 657 2551 a
687 2512 759 2552 list
791 2512 837 2552 of
863 2512 936 2552 the
969 2512 1152 2564 bishops,
1205 2516 1250 2552 at
1270 2513 1391 2552 York
1415 2513 1498 2553 and
1524 2513 1787 2565 Oanterbury
1804 2513 1923 2552 there
1949 2526 2055 2553 were

301 2581 370 2608 see
395 2567 610 2612 Florence,
631 2569 745 2619 App.
772 2581 812 2619 p.
833 2566 927 2612 626,
947 2567 1011 2607 Μ.
1028 2566 1150 2606 Η.Β.
1206 2571 1324 2607 stone
1379 2567 1590 2607 churches.
1652 2567 1740 2606 But
1786 2568 1859 2607 the
1913 2568 2055 2607 North

357 2621 374 2646 ²
402 2622 483 2671 Qui
501 2622 688 2662 videlicet
704 2652 713 2663 .
735 2652 746 2663 .
767 2651 776 2660 .
793 2621 1001 2674 redditur]
1025 2625 1037 2643 ‘
1051 2622 1151 2661 Lin-
1205 2622 1316 2662 Irish
1339 2636 1447 2663 were
1474 2623 1520 2661 in
1547 2622 1622 2662 the
1647 2622 1768 2662 habit
1795 2623 1842 2662 of
1864 2622 2056 2675 building

301 2676 568 2717 disfamensis
610 2676 749 2716 insula
789 2690 941 2729 magna
978 2680 1042 2716 est
1078 2690 1152 2728 per
1206 2677 1316 2717 their
1353 2677 1552 2717 churches
1590 2677 1638 2716 of
1670 2681 1800 2716 stone.
1847 2677 1907 2716 H.
1977 2677 2054 2717 See

300 2733 518 2779 ambitum,
547 2731 666 2770 verbi
693 2732 829 2783 gratia
854 2738 944 2771 octo
973 2732 1042 2771 vel
1068 2744 1151 2771 am·
1206 2732 1429 2778 Ohurches,
1455 2732 1566 2772 their
1590 2731 1820 2779 Structure,
1842 2733 2053 2784 Arrange-

299 2787 412 2840 plius
429 2786 619 2826 miliariis
637 2799 682 2825 se
700 2787 940 2826 extendens.
958 2817 968 2826 .
985 2816 994 2826 .
1013 2818 1022 2828 .
1052 2787 1148 2826 Lin·
1203 2791 1333 2833 ment,
1349 2787 1432 2827 and
1445 2787 1707 2834 Decoration,
1724 2787 1782 2838 by
1800 2787 1903 2826 Rev.
1924 2787 1975 2827 G.
1995 2787 2051 2826 A.

299 2842 365 2882 dis
388 2841 544 2881 dicitur
568 2841 735 2887 flumen,
764 2841 873 2892 quod
901 2841 1082 2880 excurrit
1105 2841 1150 2880 in
1204 2842 1342 2888 Poole,
1361 2855 1431 2894 pp.
1455 2854 1518 2890 20,
1546 2852 1608 2889 21,
1638 2841 1793 2893 quoted
1818 2841 1863 2880 in
1882 2842 2052 2882 Steven-

299 2909 415 2937 mare
461 2896 637 2936 duorum
682 2895 836 2947 pedum
882 2895 1149 2936 latitudinem
1204 2898 1312 2936 son’s
1347 2897 1610 2936 Translation
1642 2896 1690 2936 of
1722 2896 1850 2945 Beda,
1889 2896 1933 2934 in
1978 2896 2050 2936 the

299 2951 470 2996 habens,
497 2951 664 3003 quando
697 2950 821 2989 ledon
846 2950 983 2999 fuerit,
1012 2950 1058 2990 id
1084 2955 1147 2990 est
1201 2953 1326 2992 sexies
1363 2951 1412 2991 of
1453 2951 1628 3004 English
1666 2951 1834 2991 Ghurch
1870 2950 2051 2990 Histori-

298 3007 436 3047 minor
446 3009 584 3054 aestus,
605 3009 649 3045 et
660 3005 791 3044 videri
804 3009 941 3057 potest
956 3019 964 3044 ε
982 3005 1147 3057 quando
1200 3020 1290 3047 ans.

299 3075 397 3101 vero
434 3061 591 3100 malina
635 3060 775 3105 fuerit,
812 3059 857 3098 id
902 3063 965 3099 est
1012 3061 1147 3111 major
1255 3061 1271 3083 ⁴
1291 3075 1368 3113 per
1390 3061 1497 3113 loca]
1547 3060 1728 3100 Kemble
1768 3059 1915 3099 thinks
1953 3059 2049 3100 that

300 3120 440 3162 aestus,
477 3120 576 3155 tunc
620 3114 767 3167 nequit
803 3114 950 3154 Lindia
985 3115 1145 3154 videri.'
1202 3116 1273 3156 the
1306 3116 1582 3156 missionaries
1610 3115 1763 3155 turned
1789 3114 1880 3154 into
1904 3114 2047 3166 parish

300 3171 467 3211 Simeon
504 3170 551 3210 of
578 3170 780 3215 Durham,
817 3182 857 3222 p.
897 3168 990 3208 668.
1052 3169 1146 3208 ‘Bis
1200 3171 1399 3211 churches
1427 3171 1500 3210 the
1525 3170 1712 3222 temples,
1738 3182 1815 3209 one
1841 3169 1889 3208 of
1912 3169 2046 3209 which

299 3225 486 3279 quotidie
497 3225 717 3266 accedente
728 3227 833 3264 aestu
845 3223 1011 3272 Oceani,
1019 3237 1146 3276 quam
1201 3239 1325 3279 every
1343 3225 1469 3266 monk
1487 3225 1722 3278 possessed3
1749 3224 1794 3264 ii.
1813 3235 1908 3276 424.
