2216 3554
230 159 238 166 ’
282 161 378 206 268
858 155 1086 204 Historia
1119 153 1457 204 Ecclesiastica
1811 150 1945 221 [LIB.
1963 169 2034 203 1v.

280 289 412 337 enim
457 287 575 347 haec,
624 287 728 351 ipsa
774 287 895 336 hora
942 305 1050 336 cum
1098 287 1206 335 aliis
1244 286 1493 335 nonnullis
1533 283 1716 333 Christi
1756 285 1942 333 ancillis
1982 286 2034 334 in

279 370 509 419 extremis
543 371 821 418 monasterii
853 371 971 419 locis
1006 370 1247 418 seorsum¹
1282 369 1454 432 posita,
1480 367 1567 415 ubi
1599 384 1757 429 nuper
1783 368 2035 415 venientes

279 453 341 501 ad
377 452 788 501 conversationem
822 453 1015 501 feminae
1060 452 1278 501 solebant
1313 450 1522 514 probari,
1560 450 1711 497 donec
1747 450 2035 512 regulariter

280 536 518 584 institutae
548 536 599 583 in
627 535 906 585 societatem
933 534 1324 599 congregationis
1353 532 1726 596 susciperentur.

972 774 1117 824 OAP.
1155 775 1346 825 XXIV.

339 919 456 968 Quod
474 919 521 960 in
539 917 787 959 ‘monasterio
808 917 893 969 ejws
903 916 1041 968 fuerit
1054 916 1202 968 frater,
1224 917 1292 956 cui
1313 916 1469 957 donum
1490 917 1668 957 canendi
1687 917 1741 957 sit
1761 918 1971 959 divinitus

1043 999 1279 1027 concessum.

275 1120 278 1124 ·
349 1107 416 1155 IN
461 1107 606 1169 hujus
648 1104 942 1154 monasterio
983 1104 1241 1152 abbatissae
1288 1104 1384 1152 fuit
1430 1105 1583 1153 frater
1623 1105 1823 1169 quidam
1871 1105 2038 1154 divina

333 1215 571 1256 andmon‚a
617 1188 778 1252 gratia
817 1187 1091 1250 specialiter
1132 1187 1351 1250 insignis,
1391 1187 1507 1250 quia
1554 1189 1768 1236 carmina
1810 1187 2037 1252 religioni

310 1267 589 1355 Stlss'as’lssezffglh,
619 1277 667 1320 et
703 1270 876 1334 pietati
903 1275 1025 1333 ‘apta
1058 1269 1215 1317 facere
1252 1269 1466 1329 solebat;
1508 1269 1581 1317 ita
1615 1274 1673 1317 ut
1709 1270 1942 1334 quicquid
1977 1287 2038 1318 ex

314 1366 582 1423 minraculously
620 1353 797 1401 divinis
843 1352 998 1400 literis
1044 1369 1132 1415 per
1183 1351 1474 1414 interpretes
1520 1352 1740 1408 disceret,
1790 1353 1882 1400 hoc
1931 1353 2036 1416 ipse

318 1416 580 1506 tffltssnggffgf
619 1441 729 1499 post
763 1436 997 1499 pusillum
1031 1434 1191 1482 verbis
1226 1433 1428 1497 poeticis
1463 1434 1675 1482 maxima
1710 1435 1952 1483 suavitate
1986 1439 2038 1482 et

369 1514 530 1558 singing.
619 1519 985 1583 compunctione
1014 1517 1302 1581 compositis,
1336 1516 1390 1564 in
1420 1534 1521 1576 sua,
1554 1518 1606 1565 id
1638 1523 1725 1576 est,
1751 1517 2033 1581 Anglorum

280 1600 452 1663 lingua
485 1603 738 1664 proferret.
811 1601 964 1663 Cujus
1002 1600 1300 1649 carminibus
1336 1600 1601 1658 multorum
1634 1617 1758 1663 saepe
1792 1599 1942 1647 animi
1976 1599 2039 1646 ad

281 1688 612 1747 contemptum
654 1684 832 1743 saeculi,
858 1689 919 1732 >et
965 1683 1239 1747 appetitum
1277 1687 1393 1731 sunt
1434 1682 1564 1731 vitae'
1592 1671 1798 1731 caelestis
1836 1680 2034 1730 accensi.

281 1766 349 1813 Et
396 1767 592 1830 quidem
638 1771 688 1815 et
732 1766 815 1815 alii
863 1770 974 1829 post
1021 1766 1161 1813 illum
1208 1765 1258 1812 in
1307 1768 1452 1828 gente
1499 1764 1771 1829 Anglorum
1817 1763 2039 1826 religiosa

280 1853 504 1911 poemata
538 1850 692 1898 facere
726 1849 1014 1909 tentabant3
1062 1849 1146 1896 sed
1179 1848 1343 1896 nullus
1378 1865 1489 1895 eum
1524 1847 1824 1911 aequiparare
1858 1846 2036 1909 potuit.

281 1931 506 1994 Namque
537 1932 639 1995 ipse
670 1949 766 1979 non
799 1932 861 1979 ab
895 1930 1187 1990 hominibus,
1214 1946 1370 1994 neque
1407 1947 1495 1993 per
1516 1929 1759 1978 hominem
1782 1929 2039 1977 institutus

282 2014 483 2061 canendi
524 2018 678 2062 artem
725 2013 928 2073 didicit;
977 2013 1061 2062 sed
1107 2013 1347 2062 divinitus
1394 2013 1593 2075 adjutus
1639 2012 1791 2075 gratis
1838 2010 2039 2059 canendi

281 2095 460 2143 donum
509 2096 706 2160 accepit.
801 2096 945 2145 Unde
992 2096 1115 2143 nihil
1161 2112 1381 2159 unquam
1427 2094 1593 2143 frivoli
1650 2098 1699 2143 et
1753 2089 2039 2157 supervacui

281 2179 516 2241 poematis
548 2179 701 2227 facere
726 2171 916 2241 potuit'3
954 2179 1037 2227 sed
1061 2195 1118 2226 ea
1149 2178 1489 2227 tantummodo
1524 2194 1636 2241 quse
1661 2178 1723 2225 ad
1751 2176 2039 2239 religionem

280 2261 540 2324 pertinent,
588 2261 862 2325 religiosam
919 2263 1025 2323 ejus
1077 2260 1294 2324 linguam
1340 2261 1589 2308 decebant.
1686 2260 1938 2323 Siquidem
1984 2258 2038 2306 in

280 2342 456 2390 habitu
501 2343 717 2391 saeculari
764 2360 918 2406 usque
970 2343 1033 2390 ad
1082 2348 1304 2405 tempora
1354 2341 1670 2405 provectioris
1722 2342 1880 2390 aetatis
1927 2357 2038 2389 con-

281 2425 481 2473 stitutus
527 2425 598 2472 nil
645 2426 917 2473 carminum
965 2425 1228 2488 aliquando
1273 2423 1523 2472 didicerat.
1620 2423 1767 2472 Unde
1814 2440 2037 2471 nonnun-

282 2522 429 2568 quam
464 2506 516 2552 in
540 2507 774 2567 convivio,
801 2525 911 2555 cum
944 2512 1069 2555 esset
1103 2506 1289 2555 laetitiae
1325 2522 1468 2554 causa
1502 2506 1751 2554 decretum
1782 2511 1839 2553 ut
1871 2521 2038 2553 omnes

280 2603 368 2649 per
414 2588 633 2636 ordinem
685 2595 879 2638 cantare
932 2589 1177 2649 deberent,
1226 2588 1308 2636 ille
1354 2588 1442 2636 ubi
1496 2588 1889 2651 adpropinquare
1943 2587 2038 2636 sibi

281 2670 517 2718 citharam
538 2672 775 2731 cernebat,
802 2672 1027 2735 surgebat
1059 2689 1088 2721 a
1116 2671 1275 2719 media
1309 2688 1442 2719 coena
1478 2674 1529 2719 et
1560 2687 1779 2733 egressus
1807 2670 1869 2718 ad
1899 2685 2036 2718 suam

246 2738 248 2741 V
283 2754 483 2802 domum
506 2754 782 2817 repedabat.

351 2835 494 2896 Quod
525 2836 643 2883 dum
671 2840 884 2899 tempore
916 2836 1124 2899 quodam
1158 2837 1352 2895 faceret,
1378 2840 1426 2884 et
1458 2835 1626 2884 relicta
1650 2835 1792 2883 domo
1823 2832 2038 2883 convivii

283 2933 502 2980 egressus
528 2923 652 2966 esset
675 2918 739 2966 ad
769 2918 962 2966 stabula
986 2921 1318 2981 jumentorum
1342 2934 1548 2981 quorum
1572 2917 1618 2965 ei
1651 2916 1868 2965 custodia
1898 2920 2038 2964 nocte

338 3047 352 3070 ¹
380 3048 573 3101 seorsum]
645 3047 756 3086 ‘The
803 3047 968 3087 novices
1007 3061 1129 3094 were,
1184 3048 1259 3088 the
1290 3051 1442 3088 sect-ets
1465 3047 1510 3087 of
1537 3047 1610 3086 the
1642 3050 1892 3097 monastery.
1947 3043 2036 3083 The

284 3103 437 3154 during
455 3103 527 3142 the
546 3101 688 3154 period
708 3102 755 3142 of
779 3103 890 3141 their
909 3103 1128 3149 noviciate,
1184 3103 1395 3155 authority
1416 3103 1480 3141 for
1503 3102 1590 3141 this
1615 3104 1904 3152 arrangement
1930 3099 1966 3137 is
1988 3101 2032 3136 to

285 3158 501 3209 separated
530 3158 635 3197 from
661 3157 735 3196 the
761 3157 971 3209 professed
987 3172 994 3196 :
1024 3158 1132 3204 that,
1187 3158 1241 3197 be
1261 3158 1391 3197 found
1410 3157 1455 3200 in
1474 3157 1546 3196 the
1561 3157 1670 3195 Rule
1683 3156 1730 3195 of
1744 3157 1804 3195 St.
1818 3153 2033 3199 Benedict,

285 3212 322 3251 if
343 3212 443 3263 they
471 3212 620 3251 should
647 3217 790 3251 return
812 3215 857 3250 to
887 3212 959 3250 the
991 3213 1133 3257 world,
1188 3226 1223 3255 0.
1243 3211 1343 3252 lxv!
1398 3213 1511 3252 Stev.

286 3267 389 3319 they
422 3267 571 3307 should
602 3271 676 3306 not
709 3267 760 3306 be
793 3267 888 3306 able
920 3270 964 3306 to
994 3267 1133 3307 reveal

2206 516 2216 543 ‘l

2206 559 2216 603 Ἰι
