2216 3554
281 162 380 207 224
858 155 1089 204 Historia
1113 155 1163 202 E
1164 154 1453 203 eclesiastica

279 289 560 354 pontificem
606 288 806 337 decebat
852 288 1028 348 animo,
1078 287 1224 351 coepit
1270 285 1569 335 observanda
1618 285 1802 336 docere.

280 373 523 437 synodicae
559 371 760 420 actionis
794 371 1073 435 hujusmodi
1108 375 1275 419 textus
1311 375 1414 418 est:

351 462 363 481 ⁸
379 457 440 503 In
474 455 670 503 nomine
705 454 906 502 Domini
943 454 1039 502 Dei
1079 459 1129 502 et
1178 451 1447 502 Salvatoris
1491 451 1648 500 nostri
1684 452 1718 500 J
1722 469 1806 500 esu
1843 452 2043 511 Christi,

344 547 502 583 Oouncil
523 547 565 581 01’
622 541 856 599 regnante
887 536 941 584 in
971 541 1278 600 perpetuum,
1302 551 1357 582 ac
1380 533 1683 598 gubernante
1715 551 1853 583 suam
1876 535 2045 583 Eccle-

359 597 547 690 gfffiog‘}
621 619 742 667 siam
778 620 946 668 eodem
983 619 1198 667 Domino
1239 623 1406 665 nostro
1441 616 1473 664 J
1478 633 1563 664 esu
1605 616 1818 675 Christo,
1855 617 2041 680 placuit

337 697 566 789 Τέἓὲξθὲῑῆ
623 702 878 750 convenire
909 719 1012 761 nos,
1030 702 1175 765 juxta
1199 716 1382 748 morem
1415 715 1655 747 canonum
1677 700 2044 759 venerabilium,

367 806 444 831 Am.
461 773 542 839 673:
623 788 918 833 tractaturos
954 785 1014 832 de
1048 782 1327 832 necessariis
1363 782 1574 830 ecclesiae
1612 782 1834 846 negotiis.
1920 782 2047 831 Con-

283 865 504 914 venimus
540 873 705 916 autem
740 868 818 916 die
850 867 1082 931 vigesima
1113 869 1290 930 quarta
1323 864 1503 912 mensis
1540 864 1857 928 Septembris,
1889 865 2046 915 indic-

283 949 418 997 tione
459 950 617 1013 prima
630 951 662 1011 ¹,
704 951 758 998 in
798 951 902 998 loco
951 950 1036 1014 qui
1083 950 1264 998 dicitur
1311 947 1598 996 Herutford.
1690 948 1800 1013 Ego
1847 948 2048 1012 quidem

285 1031 580 1092 Tbeodorus‚
631 1032 854 1097 quamvis
901 1032 1147 1096 indignus,
1201 1031 1263 1079 ab
1308 1031 1571 1094 apostolica
1617 1030 1730 1079 sede
1777 1030 2050 1080 destinatus

287 1114 677 1163 Doruvernensis
696 1115 908 1163 ecclesiae
927 1114 1180 1178 episcopus
1196 1130 1209 1174 3
1247 1116 1298 1162 et
1315 1113 1627 1162 consacerdos
1644 1130 1700 1162 ac
1718 1113 1869 1161 frater
1886 1118 2060 1162 noster

285 1197 705 1245 reverentissimus
734 1197 864 1245 Bisi²
890 1197 1217 1246 Orientalium
1249 1194 1524 1259 Anglorum
1550 1197 1832 1260 episcopus:
1871 1196 2051 1261 quibus

286 1280 434 1327 etiam
469 1281 621 1329 frater
655 1285 706 1329 et
747 1281 1059 1329 consacerdos
1099 1286 1267 1328 noster
1301 1279 1487 1327 Vilfrid
1527 1279 2052 1343 Nordanhymbrorum

286 1362 448 1425 gentis
479 1363 732 1427 episcopus
766 1380 854 1427 per
888 1363 1112 1427 proprios
1143 1361 1405 1427 legatarios
1441 1362 1613 1412 adfuit.
1683 1362 1967 1411 Adfuerunt
2002 1367 2054 1411 et

287 1445 462 1493 fratres
497 1462 553 1493 ac
588 1447 950 1494 consacerdotes
982 1445 1152 1505 nostri,
1187 1446 1336 1494 Putta
1370 1444 1628 1508 episcopus
1664 1444 1865 1495 Castelli
1902 1445 2052 1494 Cant-

288 1528 536 1577 uariorum
562 1530 692 1593 quod
716 1529 899 1578 dicitur
921 1529 1282 1588 Hrofescaestir,
1309 1528 1601 1577 Leutherius
1626 1529 1878 1593 episcopus
1911 1529 2052 1578 Occi-

289 1611 560 1660 dentalium
597 1612 860 1673 Saxonum,
897 1612 1109 1676 Vynfrid
1145 1611 1398 1676 episcopus
1437 1611 1704 1675 provinciae
1743 1611 2053 1662 Merciorum.

289 1694 512 1759 Cumque
552 1694 604 1742 in
640 1712 795 1743 unum
836 1695 1181 1744 convenientes
1228 1697 1372 1758 juxta
1420 1694 1640 1744 ordinem
1681 1696 1863 1760 quique
1911 1713 2055 1745 suum

290 1778 662 1826 resedissemus:
717 1778 943 1842 “Rogo,'’
979 1778 1193 1843 inquam,
1232 1782 1261 1803 “
1278 1777 1584 1826 dilectissimi
1625 1778 1814 1839 fratres,
1853 1783 2056 1844 propter

290 1862 517 1910 timorem
542 1864 592 1909 et
623 1878 839 1910 amorem
873 1861 1213 1925 Redemptoris
1246 1861 1419 1920 nostri,
1444 1866 1503 1910 ut
1534 1860 1586 1908 in
1611 1878 1865 1910 commune
1890 1878 2056 1910 omnes

290 1961 380 2008 pro
415 1948 582 1992 nostra
611 1943 707 1992 fide
733 1948 1025 1994 tractemus:
1063 1948 1121 1993 ut
1156 1961 1358 2008 quaeque
1389 1944 1582 1992 decreta
1617 1961 1674 1993 ac
1706 1944 1906 1993 definita
1940 1950 2057 1993 sunt

291 2044 320 2075 a
346 2026 527 2074 sanctis
559 2031 609 2074 et
639 2026 975 2089 probabilibus
1009 2026 1246 2091 patribus,
1271 2027 1552 2090 incorrupte
1585 2028 1646 2076 ab
1669 2027 1894 2076 omnibus
1918 2027 2058 2076 nobis

291 2113 558 2158 serventur.
649 2110 771 2157 Haec
806 2115 856 2158 et
895 2109 991 2157 alia
1032 2110 1322 2174 quamplura
1357 2127 1465 2174 quae
1504 2110 1567 2158 ad
1609 2110 1863 2159 caritatem
1903 2110 2056 2174 perti-

292 2193 486 2252 nebant,
523 2191 862 2256 unitatemque
902 2192 1116 2241 ecclesiae
1155 2192 1547 2252 conservandam,
1585 2199 1868 2256 prosecutus
1906 2193 2057 2242 sum.”

294 2275 518 2340 Cumque
558 2275 824 2340 explessem
866 2275 1284 2340 praelocutionem,
1325 2274 1624 2340 interrogavi
1665 2291 2059 2340 unumquemque

294 2376 462 2408 eorum
494 2376 583 2423 per
616 2359 850 2419 ordinem,
876 2359 919 2407 si
948 2359 1293 2419 consentirent,
1318 2376 1374 2408 ea
1399 2376 1507 2423 quae
1530 2376 1558 2407 a
1581 2358 1804 2423 patribus
1832 2359 2059 2408 canonice

295 2451 411 2495 sunt
446 2445 720 2510 antiquitus
755 2446 963 2505 decreta,
999 2445 1257 2494 custodire.
1328 2444 1410 2493 Ad
1445 2445 1575 2509 quod
1612 2461 1779 2493 omnes
1813 2461 2059 2494 consacer-

296 2530 432 2576 dotes
469 2529 624 2577 nostri
660 2529 1008 2592 respondentes
1044 2528 1308 2577 dixerunt:
1349 2533 1376 2554 “
1393 2527 1591 2592 Optime
1629 2527 1853 2576 omnibus
1884 2528 2059 2592 placet,

298 2628 503 2676 quaeque
549 2610 847 2659 definierunt
897 2617 1174 2660 sanctorum
1220 2628 1427 2660 canones
1476 2617 1688 2675 patrum,
1735 2627 1823 2659 nos
1870 2627 2062 2675 quoque

354 2707 371 2732 ²
399 2707 561 2760 prima]
595 2708 834 2760 According
861 2711 906 2748 to
933 2708 1007 2748 the
1035 2707 1156 2748 other
1211 2709 1267 2748 So
1294 2707 1390 2748 that
1422 2708 1477 2748 he
1509 2721 1607 2761 may

299 2764 458 2804 notices
484 2763 529 2803 of
548 2764 662 2809 time,
683 2777 744 2803 we
771 2763 919 2803 should
946 2764 1063 2817 place
1081 2764 1156 2803 the

1632 2720 1755 2748 mean
1786 2707 1882 2747 that
1911 2706 1949 2746 it
1975 2719 2063 2747 was

1211 2819 1314 2859 tion.

1211 2777 1265 2804 on
1300 2764 1373 2803 the
1405 2755 1600 2817 last'day
1632 2763 1678 2803 of
1703 2764 1777 2803 the
1806 2763 1897 2803 first
1935 2762 2064 2803 indic-
2143 2818 2149 2821 Π

301 2819 433 2873 synod
453 2818 500 2858 of
512 2818 716 2858 Hertford
734 2819 776 2857 in
798 2829 882 2857 ΑΛ).
905 2818 983 2870 672
1000 2834 1009 2865 ;
1040 2819 1102 2858 for
1120 2819 1157 2859 it

299 2889 387 2915 was
414 2874 460 2913 in
486 2873 715 2926 Ecgfrith’s
742 2873 856 2913 third
882 2887 995 2925 year,
1015 2873 1155 2914 which

301 2930 438 2971 lasted
471 2929 578 2968 from
611 2928 711 2968 Feb.
748 2939 836 2969 A.D.
868 2928 946 2979 672
977 2934 1022 2969 to
1050 2929 1153 2970 Feb.

301 2996 390 3026 ΑΒ.
412 2983 520 3036 673:
555 2984 633 3023 but
651 2983 768 3023 Beda
792 2984 958 3023 himself
975 2985 1090 3036 gives
1113 2985 1155 3039 jt

302 3054 349 3080 as
382 3051 471 3080 Λα).
505 3038 587 3090 673
620 3039 664 3078 in
701 3038 767 3078 his
803 3039 1152 3091 Recapitulation,

303 3110 344 3136 v.
380 3107 456 3143 21;
489 3094 575 3134 and
601 3094 675 3134 the
708 3093 883 3146 24th·0f
907 3094 1154 3147 September

303 3151 491 3203 happens
510 3154 555 3190 to
574 3149 626 3189 be
648 3149 720 3189 the
733 3162 836 3201 very
850 3149 931 3200 day
947 3163 1002 3189 on
1016 3150 1154 3190 which

304 3205 422 3245 Beda
442 3217 700 3245 commences
718 3203 793 3244 the
811 3204 1028 3244 indiction.
1077 3204 1155 3244 See

306 3260 432 3301 Bedae
447 3261 577 3301 Liber
591 3260 643 3301 de
662 3259 707 3300 N
707 3266 830 3300 atura
845 3259 1016 3307 Rerum,
1034 3273 1070 3301 c.
1086 3261 1154 3312 48.

1264 2872 1281 2895 ²
1308 2873 1426 2927 Risi]
1447 2874 1479 2914 J
1482 2873 1642 2914 ohmon
1655 2873 1842 2914 remarks
1861 2873 1957 2914 that
1975 2872 2012 2912 it
2026 2872 2062 2912 is

1210 2932 1379 2982 strange
1414 2930 1510 2969 that
1547 2929 1646 2969 Bise
1683 2929 1835 2969 should
1872 2929 1925 2968 be
1961 2928 2062 2967 here

1209 2985 1447 3025 mentioned
1486 2988 1588 3024 next
1624 2988 1670 3024 to
1701 2983 1940 3024 Theodorus
1977 2982 2061 3022 and

1208 3039 1349 3080 before
1379 3039 1571 3079 wilfrith
1603 3039 1687 3079 and
1716 3039 1860 3086 Putta,
1887 3038 1989 3078 both
2021 3036 2069 3077 of

1208 3095 1345 3134 whom
1374 3108 1484 3134 were
1515 3094 1581 3134 his
1619 3094 1774 3134 senior-s
1810 3094 1855 3133 in
1889 3093 1988 3133 date
2021 3091 2068 3131 of

1209 3150 1518 3195 consecratiom
1555 3149 1640 3189 and
1667 3149 1762 3188 that
1790 3149 1876 3189 this
1903 3161 1989 3188 was
2015 3147 2062 3187 in

1208 3204 1415 3244 violation
1434 3205 1482 3244 of
1502 3204 1575 3244 the
1601 3204 1745 3256 eighth
1763 3217 1898 3245 canon
1917 3203 1965 3244 of
1977 3201 2064 3243 this

1209 3273 1315 3313 very
1332 3259 1508 3301 council.
1569 3259 1684 3301 Stev.
