2216 3554
295 220 359 266 20
433 292 444 304 ⁹
880 215 1111 267 Historia
1144 216 1478 267 Ecclesiastico:
1851 216 1986 286 Elam.
2009 234 2043 269 1.

291 350 525 417 perennis
535 347 653 399 vitae
669 345 899 397 felicitate
917 347 1117 412 perfrui,
1134 347 1229 397 diis
1252 348 1440 412 magnis
1465 346 1733 397 sacrificare
1751 362 1813 395 ne
1825 347 2046 398 differas?

295 434 516 483 Albanus
568 429 845 494 respondit:
896 434 908 456 ‘
925 429 1172 479 Sacrificia
1217 430 1322 479 haec
1368 447 1475 494 quae
1526 447 1556 479 a
1601 428 1739 479 vobis
1774 429 2048 478 redduntur

297 515 611 574 daemonibus,
645 528 734 561 nec
767 511 996 561 auxiliari
1030 511 1258 574 subjectis
1293 516 1513 576 possunt,
1548 528 1635 560 nec
1670 510 2050 574 supplicantium

301 599 397 650 sibi
443 595 681 647 desideria
726 594 807 642 vel
851 599 967 642 vota
1008 593 1261 657 complere.
1331 594 1612 655 Quinimmo
1647 593 1939 657 quicumque
1970 593 2058 642 his

301 679 536 731 sacrificia
559 676 825 728 simulacris
841 675 1086 735 obtulerit,
1103 681 1305 724 aeternas
1329 675 1508 725 inferni
1533 693 1699 739 poenas
1723 692 1811 739 pro
1831 675 2050 724 mercede

298 759 526 826 recipiet?
596 759 694 809 His
718 757 898 807 auditis
921 758 1072 820 judex
1095 758 1246 806 nimio
1273 757 1435 807 furore
1460 762 1746 817 commotus,
1772 757 1892 807 caedi
1915 774 2050 806 sanc-

299 849 408 894 tum
429 842 526 892 Dei
550 842 870 890 confessorem
904 857 932 888 a
963 840 1230 888 tortoribus
1254 840 1501 904 praecepit,
1526 843 1787 888 autumans
1812 856 1862 889 se
1882 839 2048 889 verbe·
2135 886 2137 888 .

300 927 449 986 ribus,
470 941 614 989 quam
637 922 797 971 verbis
821 939 919 970 non
942 925 1148 985 poterat,
1168 921 1331 970 cordis
1349 922 1451 985 ejus
1474 921 1690 970 emollire
1714 922 2048 971 constantiam.

302 1007 400 1070 Qui
458 1024 570 1056 cum
615 1004 871 1055 tormentis
918 1004 1190 1052 afficeretur
1238 1003 1496 1063 acerrimis,
1540 1003 1784 1067 patienter
1823 1004 1925 1053 haec
1959 1021 2050 1068 pro

300 1089 532 1148 Domino,
570 1088 719 1136 immo
765 1085 1034 1150 gaudenter
1078 1085 1277 1133 ferebat.
1349 1082 1420 1133 At
1465 1085 1552 1132 ubi
1595 1086 1748 1148 judex
1792 1087 2050 1136 tormen-tis

299 1173 443 1222 illum
477 1169 695 1234 superari
730 1169 808 1217 vel
855 1185 884 1216 a
926 1168 1061 1216 cultu
1096 1166 1386 1215 Christianae
1419 1166 1669 1230 religionis
1703 1169 1918 1217 revocari
1951 1185 2051 1218 non

302 1269 443 1317 posse
476 1251 727 1316 persensit,
762 1250 920 1313 capite
955 1265 1068 1297 eum
1102 1248 1250 1311 plecti
1281 1247 1438 1310 jussit.

371 1334 590 1397 Cumque
636 1333 697 1380 ad
743 1335 951 1380 mortem
994 1331 1261 1389 duceretur,
1308 1329 1532 1393 pervenit
1581 1331 1643 1378 ad
1688 1331 1868 1380 flumen
1921 1333 2052 1396 quod

301 1433 440 1465 muro
455 1416 473 1443 ¹
501 1421 550 1464 et
573 1415 754 1462 harena
787 1412 874 1461 ubi
908 1411 1154 1460 feriendus
1188 1416 1304 1472 erat,
1343 1416 1509 1460 meatu
1537 1413 1843 1476 rapidissimo
1866 1414 2053 1462 divide-

302 1500 477 1548 batur:
512 1497 733 1560 viditque
757 1495 827 1544 ibi
850 1512 948 1543 non
973 1511 1174 1558 parvam
1197 1493 1451 1542 hominum
1479 1495 1848 1544 multitudinem
1871 1497 2054 1546 utrius-

305 1597 398 1645 que
444 1595 601 1639 sexus,
656 1577 948 1626 conditionis
993 1576 1211 1636 diversae,
1258 1581 1308 1625 et
1365 1577 1538 1637 aetatis,
1588 1595 1695 1642 quae
1753 1578 1858 1627 sine
1902 1578 2054 1628 dubio

304 1662 592 1711 Divinitatis
637 1660 873 1710 instinctu
925 1660 989 1708 ad
1024 1659 1310 1723 obsequium
1342 1659 1609 1709 beatissimi
1661 1661 1946 1710 confessoris
1996 1678 2054 1710 ac

303 1745 532 1808 martyris
554 1743 832 1803 vocabatur,
859 1746 908 1791 et
941 1743 1013 1791 ita
1045 1742 1260 1790 fluminis
1294 1741 1448 1805 ipsius
1480 1743 1747 1806 occupabat
1774 1749 1973 1807 pontem
1996 1748 2055 1792 ut

302 1828 435 1877 intra
484 1843 736 1890 vesperam
787 1824 995 1874 transire
1044 1824 1130 1874 vix
1179 1830 1356 1888 posset.
1448 1824 1674 1889 Denique
1710 1826 1897 1875 cunctis
1930 1843 2054 1890 pene

305 1909 524 1973 egressis,
552 1909 705 1972 judex
740 1908 845 1958 sine
879 1907 1108 1971 obsequio
1123 1909 1142 1935 2
1181 1907 1234 1955 in
1274 1907 1471 1956 civitate
1506 1908 1806 1957 substiterat.
1889 1908 2056 1973 Igitur

305 1998 498 2042 sanctus
520 1992 743 2041 Albanus
767 1990 846 2040 cui
873 1991 1047 2039 ardens
1073 1990 1231 2038 inerat
1254 1991 1446 2038 devotio
1471 1990 1650 2039 mentis
1674 1991 1735 2039 ad
1758 1992 2054 2056 martyrium

305 2075 439 2124 ocius
471 2075 735 2138 pervenire,
772 2073 972 2123 accessit
1019 2074 1082 2122 ad
1127 2077 1406 2133 torrentem,
1442 2078 1492 2122 et
1537 2073 1751 2138 dirigens
1787 2074 1848 2122 ad
1883 2075 2054 2123 caelum

306 2158 482 2218 oculos,
518 2157 647 2205 illico
682 2155 859 2206 siccato
900 2156 1052 2215 alveo,
1087 2155 1214 2204 vidit
1249 2155 1432 2204 undam
1466 2155 1567 2204 suis
1602 2155 1799 2205 cessisse
1832 2173 1888 2204 ac
1923 2156 2054 2206 viam

306 2239 494 2290 dedisse
539 2238 769 2302 vestigiis.
859 2236 1004 2298 Quod
1049 2254 1161 2286 cum
1201 2237 1332 2286 inter
1366 2237 1484 2286 alios
1519 2236 1667 2286 etiam
1701 2238 1807 2300 ipse
1841 2237 2055 2286 carnifex

307 2323 396 2387 qui
427 2339 540 2371 eum
575 2336 891 2385 percussurus
925 2323 1045 2380 erat,
1080 2319 1296 2380 vidisset,
1322 2319 1573 2370 festinavit
1608 2319 1654 2368 ei
1686 2320 1776 2368 ubi
1810 2320 1872 2368 ad
1894 2320 2054 2369 locum

307 2404 604 2455 destinatum
618 2405 635 2431 ⁸
670 2403 819 2452 morti
852 2407 1050 2451 venerat
1085 2418 1364 2451 occurrere:
1406 2401 1592 2451 Divino
1627 2402 1859 2453 nimirum
1894 2403 2055 2452 admo-

307 2487 442 2536 nitus
500 2486 748 2546 instinctu,
801 2485 1108 2549 prOJectoque
1166 2501 1276 2533 ense
1333 2501 1477 2548 quem-
1533 2484 1760 2533 strictum
1817 2488 2054 2545 tenuerat,

307 2570 513 2634 pedibus
565 2568 668 2631 ejus
719 2567 1010 2627 advolvitur,
1047 2566 1258 2615 multum
1293 2566 1570 2616 desiderans
1604 2571 1664 2615 ut
1697 2584 1808 2615 cum
1841 2572 2056 2631 martyre

306 2651 386 2700 vel
421 2668 511 2715 pro
547 2655 760 2713 martyre
795 2666 938 2713 quem
972 2652 1223 2713 percutere
1252 2648 1530 2713 jubebatur,
1566 2649 1669 2712 ipse
1702 2649 1868 2713 potius
1901 2666 2055 2698 mere-

310 2739 446 2783 retur
478 2733 682 2797 percuti.
753 2733 888 2780 Dum
923 2748 1037 2796 ergo
1068 2731 1111 2781 is
1134 2748 1199 2779 ex·
1217 2734 1522 2794 persecutore
1546 2732 1704 2780 factus
1726 2736 1851 2780 esset
1874 2732 2056 2796 collega

309 2816 532 2866 veritatis
580 2819 635 2864 et
668 2814 795 2874 fidei,
843 2832 897 2863 ac
936 2814 1128 2878 jacente
1161 2814 1290 2862 ferro
1325 2818 1450 2862 esset
1485 2813 1614 2862 inter
1649 2813 1894 2862 carnifices
1921 2814 2065 2878 justa

309 2897 566 2958 cunctatio,
612 2902 825 2946 montem
872 2913 981 2944 cum
1026 2896 1187 2945 turbis
1226 2895 1644 2944 reverentissimus
1686 2896 1780 2945 Dei
1815 2895 2056 2945 confessor

312 2980 554 3032 ascendit:
591 2979 678 3044 qui
711 2983 979 3043 opportune
1013 2978 1166 3038 laetus,
1201 2978 1358 3041 gratia
1391 2977 1745 3038 decentissima„
1778 2978 2058 3041 quingentis

311 3063 411 3112 fere
450 3062 673 3127 passibus
719 3062 780 3110 ab
829 3060 1011 3108 harena
1058 3059 1182 3108 situs
1228 3065 1315 3119 est,
1363 3060 1512 3110 variis
1556 3060 1815 3109 herbarum
1854 3059 2057 3109 floribus

363 3171 387 3195 ²
409 3171 518 3224 quod
562 3184 679 3212 muro
712 3200 722 3210 .
765 3201 774 3212 .
822 3198 832 3209 .
860 3168 1146 3221 dividebatur]
1259 3166 1276 3190 ²
1301 3169 1505 3222 obsequio]
1528 3169 1570 3209 A
1591 3169 1717 3210 train.

314 3227 327 3248 ‘
341 3226 498 3268 Which
516 3226 685 3268 floweth-
700 3238 803 3269 near
827 3225 901 3266 the
920 3225 1007 3278 city
1026 3222 1148 3266 wall?
1258 3223 1274 3247 ³
1303 3225 1433 3266 locum
1451 3223 1718 3276 destinatum]
1787 3223 2055 3271 Holmhurst,

312 3278 354 3320 S.
371 3281 428 3323 V.
1205 3292 1253 3319 or
1276 3279 1538 3335 Holynhirst,
1557 3294 1604 3322 as
1624 3280 1839 3333 Capgrave
1859 3279 1983 3333 spella
2004 3278 2054 3320 it.
