2216 3554
330 168 428 214 218
908 164 1139 214 Historia
1172 164 1510 215 Ecclesiastica
1854 163 1988 236 [LIB.
2005 182 2078 218 1v.

327 293 504 352 omnia,
529 293 607 343 cui
635 293 877 343 Dominus
907 295 1179 360 specialiter
1209 311 1299 344 sua
1327 295 1564 345 revelaret
1586 311 1773 355 arcana,
1797 296 1975 360 dignus
1999 296 2079 346 cui

327 375 472 424 fidem
518 379 735 426 narranti
772 379 1020 427 audientes
1054 379 1483 427 accommodarent.
1553 378 1766 427 Venerat
1807 379 1935 426 enim
1970 396 2080 428 cum

327 459 494 522 regina
517 459 852 524 AEdilthryde¹
880 462 940 510 de
962 461 1213 525 provincia
1232 460 1553 509 Orientalium
1573 459 1861 523 Anglorum,
1879 466 2081 525 eratque

325 541 512 604 primus
546 541 895 603 ministrorum,
932 550 981 592 et
1015 544 1237 608 princeps
1277 544 1450 592 domus
1488 544 1605 605 eJus.
1676 542 1774 603 Qui
1809 560 1920 591 cum
1955 560 2078 592 cres-

327 627 465 671 cente
493 623 607 672 fidei
637 625 826 674 fervore
858 627 1030 676 saeculo
1063 627 1405 675 abrenunciare
1429 625 1719 689 disponeret,
1745 642 1843 672 non
1866 626 1955 673 hoc
1979 641 2082 687 seg-

327 707 457 755 niter
488 707 630 768 fecit3
669 709 752 756 sed
783 710 903 758 adeo
935 726 984 758 se
1017 709 1190 757 mundi
1213 710 1358 757 rebus
1387 707 1534 768 exuit,
1560 713 1619 756 ut
1642 708 1826 756 relictis
1859 708 2082 756 omnibus

329 806 437 853 quae
471 789 691 850 habebat,
717 782 926 855 simplici
957 796 1149 840 tantum
1174 792 1348 839 habitu
1379 790 1596 848 indutus,
1621 794 1672 838 et
1699 790 1906 838 securim
1938 794 2084 854 atque

329 873 508 922 asciam
543 873 595 920 in
625 891 773 923 manu
808 877 979 934 ferens,
1009 874 1200 923 veniret
1227 875 1291 923 ad
1324 873 1673 921 monasterium
1702 873 1917 936 ejusdem
1948 889 2083 920 reve-

329 955 594 1004 rentissimi
639 957 808 1019 patris,
850 957 982 1019 quod
1027 964 1229 1005 vocatur
1276 955 1614 1019 Laestingan.
1686 955 1799 1002 Non
1846 955 1976 1003 enim
2022 954 2084 1002 ad

329 1038 501 1095 otium,
545 1044 602 1086 ut
648 1039 845 1101 quidam
861 1040 892 1096 2,
935 1039 1019 1086 sed
1060 1039 1123 1087 ad
1167 1039 1382 1086 laborem
1423 1055 1473 1086 se
1517 1038 1865 1086 monasterium
1903 1038 2085 1085 intrare

329 1119 566 1183 signabat.
638 1121 781 1181 Quod
805 1121 966 1183 ipsum
991 1121 1138 1169 etiam
1162 1120 1287 1169 facto
1311 1120 1629 1169 monstravit:
1664 1137 1778 1168 nam
1804 1137 1900 1184 quo
1925 1120 2086 1168 minus

329 1203 596 1251 sufficiebat
631 1203 936 1251 meditationi
965 1202 1336 1267 Scripturarum,
1363 1220 1419 1251 eo
1448 1202 1657 1266 amplius
1689 1203 1824 1267 operi
1851 1218 2084 1250 manuum

332 1286 549 1333 studium
583 1285 908 1349 impendebat.
978 1286 1206 1350 Denique
1235 1303 1345 1334 cum
1378 1286 1601 1349 episcopo
1638 1285 1691 1332 in
1722 1285 1925 1349 praefata
1951 1302 2085 1333 man-

331 1367 464 1417 sione
498 1385 588 1432 pro
625 1386 723 1417 suae
759 1368 1031 1417 reverentia
1063 1369 1331 1417 devotionis
1362 1369 1494 1416 inter
1528 1368 1701 1416 fratres
1736 1367 1944 1426 habitus,
1973 1383 2084 1415 cum

330 1450 405 1498 illi
428 1451 563 1499 intus
590 1452 787 1500 lectioni
811 1453 1059 1512 vacabant,
1086 1451 1189 1516 ipse
1217 1453 1334 1500 foris
1360 1469 1468 1515 quse
1494 1468 1615 1515 opus
1648 1466 1749 1498 esse
1780 1451 2086 1508 videbantur,

330 1535 637 1597 operabatur.
710 1535 807 1595 Qui
854 1552 964 1583 cum
1010 1535 1088 1583 die
1137 1536 1345 1599 quadam
1385 1535 1484 1583 tale
1528 1534 1712 1597 aliquid
1751 1533 1868 1582 foris
1905 1538 2085 1597 ageret,

331 1613 559 1677 digressis
594 1615 656 1662 ad
693 1614 939 1662 ecclesiam
976 1615 1132 1675 sociis,
1168 1621 1225 1663 ut
1262 1615 1420 1662 dicere
1461 1630 1710 1677 coeperam,
1746 1619 1795 1661 et
1835 1612 2086 1676 episcopus

332 1696 463 1744 solus
488 1696 540 1743 in
565 1697 777 1745 oratorio
806 1696 901 1745 loci
930 1697 1124 1746 lectioni
1148 1697 1225 1745 vel
1259 1695 1471 1744 orationi
1496 1712 1691 1758 operam
1721 1695 1871 1754 daret,
1895 1695 2088 1744 audivit

331 1784 541 1843 repente,
591 1784 649 1828 ut
694 1784 863 1844 postea
900 1781 1154 1840 referebat,
1196 1797 1361 1829 vocem
1400 1778 1738 1828 suavissimam
1783 1779 2087 1827 cantantium

331 1869 477 1927 atque
519 1864 810 1924 laetantium,
848 1864 908 1912 de
947 1864 1063 1912 caelo
1101 1865 1163 1912 ad
1199 1868 1356 1912 terras
1396 1880 1552 1927 usque
1586 1862 1900 1911 descendere:
1940 1879 2087 1926 quam

331 1945 560 1994 videlicet
582 1963 749 1994 vocem
773 1946 834 1994 ab
862 1951 1160 2006 euroaustro,
1188 1946 1239 1994 id
1263 1950 1351 2005 est,
1375 1946 1437 1994 ab
1469 1946 1570 1994 alto
1604 1945 1839 1993 brumalis
1873 1950 2086 2004 exortus,

331 2027 491 2091 primo
511 2045 561 2076 se
584 2028 776 2076 audisse
795 2028 999 2088 dicebat,
1018 2046 1072 2077 ac
1091 2029 1264 2077 deinde
1288 2028 1526 2092 paulatim
1546 2044 1651 2076 eam
1670 2027 1764 2075 sibi
1782 2027 2086 2090 adpropiare,

332 2111 483 2158 donec
505 2111 567 2158 ad
586 2115 769 2158 tectum
788 2127 940 2174 usque
959 2111 1159 2158 oratorii
1176 2111 1227 2158 in
1246 2129 1342 2175 quo
1362 2116 1467 2159 erat
1490 2110 1755 2174 episcopus,
1777 2109 2054 2173 perveniret
2074 2127 2084 2156 :

333 2192 464 2256 quod
496 2192 724 2255 ingressa,
755 2198 914 2241 totum
946 2193 1170 2257 implevit
1205 2201 1350 2258 atque
1385 2194 1438 2241 in
1472 2211 1593 2258 gyro
1629 2193 1958 2241 circumdedit.
2016 2193 2088 2240 At

333 2274 416 2322 ille
459 2274 575 2322 dum
622 2275 858 2323 sollicitus
903 2276 952 2323 in
1002 2293 1059 2325 ea
1105 2293 1213 2340 quae
1260 2276 1490 2325 audiebat
1536 2275 1752 2324 animum
1797 2275 2088 2334 intenderet,

333 2354 525 2405 audivit
561 2359 734 2418 denuo,
770 2363 1012 2407 transacto
1045 2359 1182 2423 quasi
1215 2359 1429 2407 dimidiae
1465 2359 1596 2407 horae
1630 2358 1802 2422 spatio,
1834 2358 2089 2406 ascendere

333 2441 392 2489 de
428 2444 558 2488 tecto
594 2442 807 2504 ejusdem
843 2443 1042 2490 oratorii
1078 2443 1205 2490 idem
1248 2442 1433 2491 laetitiae
1469 2442 1725 2500 canticum,
1762 2446 1811 2489 et
1851 2441 1958 2504 ipsa
1992 2457 2091 2504 qua

333 2529 532 2571 venerat
568 2523 646 2571 via
681 2525 742 2571 ad
789 2524 927 2573 caelos
967 2540 1121 2588 usque
1169 2542 1280 2573 cum
1319 2524 1552 2573 ineffabili
1600 2523 1854 2572 dulcedine
1893 2523 2084 2572 reverti.

335 2605 434 2667 Qui
470 2622 581 2653 cum
614 2606 973 2669 aliquantulum
1008 2607 1139 2655 horae
1174 2608 1313 2671 quasi
1348 2607 1599 2656 adtonitus
1633 2612 1864 2665 maneret,
1889 2611 1938 2655 et
1969 2605 2088 2668 quid

334 2689 436 2738 haec
474 2693 636 2736 essent
671 2689 855 2737 sollerti
896 2690 1058 2738 animo
1097 2695 1410 2750 scrutaretur,
1445 2689 1636 2754 aperuit
1672 2689 1923 2751 episcopus
1958 2689 2086 2736 fene-

334 2774 486 2817 stram
521 2768 734 2827 oratorii,
764 2773 813 2816 et
848 2769 1061 2817 sonitum
1094 2787 1242 2817 manu
1275 2770 1468 2829 facienS,
1503 2774 1561 2817 ut
1595 2785 1721 2832 saepe
1757 2772 2085 2825 consueverat,

335 2852 376 2899 si
412 2851 520 2914 quis
554 2851 672 2897 foris
708 2856 844 2910 esset,
872 2852 934 2898 ad
971 2867 1021 2899 se
1057 2852 1241 2900 intrare
1277 2853 1522 2916 praecepit.
1594 2851 1829 2899 Introivit
1864 2850 1946 2898 ille
1976 2866 2087 2897 con-

335 2934 478 2992 citus,
503 2933 582 2982 cui
604 2933 731 2981 dixit
758 2933 959 2981 antistes
981 2951 991 2982 :
1031 2938 1042 2959 ‘
1057 2925 1192 2982 Vade
1217 2934 1313 2983 cito
1338 2935 1400 2982 ad
1424 2933 1684 2991 ecclesiam,
1710 2941 1759 2981 et
1791 2933 1878 2980 hos
1901 2938 2086 2995 septem

391 3027 404 3053 ¹
433 3028 720 3081 AEdilthryde]
783 3028 877 3067 Her
930 3029 1090 3082 history
1148 3029 1184 3069 is
1240 3029 1382 3070 below.
1430 3028 1489 3070 Η.
1548 3029 1593 3067 It
1621 3041 1706 3067 was
1743 3041 1769 3067 a
1797 3027 2087 3066 fundamental

334 3083 460 3135 given
492 3084 537 3122 in
569 3097 602 3123 c.
644 3095 705 3136 19,
737 3083 820 3123 and
848 3083 905 3135 by
932 3084 1112 3124 Thomas
1144 3084 1191 3124 of
1240 3083 1440 3137 principle
1468 3083 1514 3122 of
1538 3083 1610 3122 the
1639 3083 1785 3122 earlier
1806 3081 2086 3121 monasticism

336 3138 420 3190 Ely
438 3139 481 3177 in
501 3139 630 3190 Angl.
650 3139 762 3178 Sacr.
781 3139 809 3178 i.
836 3138 1039 3190 595-602·
1237 3142 1333 3178 that
1351 3140 1424 3177 the
1438 3138 1635 3178 brethren
1648 3137 1797 3177 should
1812 3137 1926 3189 daily
1939 3136 2088 3176 labour

391 3192 406 3214 ²
434 3197 479 3234 ut
499 3193 689 3288 quidam]
710 3194 759 3287 ἓ
778 3193 968 3287 εὺξὲῢιιὲε
988 3206 1100 3288 {porti
1117 3193 1182 3233 his
1237 3194 1341 3234 with
1359 3194 1470 3233 their
1488 3207 1580 3233 own
1599 3191 1743 3233 hands.
1794 3192 1908 3232 Stev.

336 3261 428 3288 own
459 3262 548 3301 age.
635 3262 682 3288 ee
749 3262 789 3301 p.
951 3261 1001 3300 cg
1031 3261 1075 3287 er
1097 3261 1180 3295 um,
