2216 3554
280 187 357 252 {40
874 192 1100 242 Historia
1134 192 1468 241 Ecclesiastica
1843 188 1976 259 [Lm.
2003 205 2036 238 1.

376 373 457 400 AD·
476 377 548 408 429.
632 323 990 372 Brittaniarum
1021 323 1146 372 foeda
1175 328 1309 387 peste
1341 321 1782 372 commaculaverat.
1851 322 2036 370 Verum

354 418 550 453 ARoman
634 406 848 455 Brittani
894 423 1004 455 cum
1051 424 1206 470 neque
1253 407 1490 470 suscipere
1537 407 1711 469 dogma
1757 422 2036 467 perversum

338 469 456 509 synod
471 467 584 503 sends
748 489 757 499 .
989 489 999 499 .
1055 489 1065 498 .

346 516 560 551 Germanus
633 494 839 552 gratiam
873 489 1070 538 ‹Chrlst1
1127 489 1502 551 blasphemando
1555 488 1798 535 ullatenus
1843 487 2036 544 vellent,

315 567 578 651 ggffiffissutso
633 589 788 634 neque
810 570 1075 619 versutiam
1107 570 1298 619 nefariae
1328 569 1650 633 persuasionis
1685 569 1896 616 refutare
1929 583 2038 615 ver-

329 666 480 701 combat
495 666 562 702 the
634 653 710 701 bis
728 653 954 701 certando
973 653 1267 713 sufficerent3
1294 652 1545 700 inveniunt
1561 651 1755 700 salubre
1769 650 2037 708 consilium,

342 716 551 758 Pelagians,
634 741 690 783 ut
715 752 743 782 a
768 734 1029 783 Gallicanis
1061 734 1362 782 antistitibus
1390 734 1627 782 auxilium
1660 734 1774 781 belli
1807 732 2042 796 spiritalis

297 813 557 877 inquirant.
631 816 790 877 Quam
832 817 893 863 ob
929 833 1119 864 causam
1157 816 1355 864 collecta
1394 833 1567 880 magna
1607 817 1820 879 synodo¹
1857 831 2040 878 quaere-

296 896 442 943 batur
464 897 515 944 in
552 915 817 958 commune,
844 898 928 962 qui
963 897 1063 945 illic
1098 898 1159 945 ad
1195 899 1569 946 succurrendum
1597 898 1711 946 fidei
1733 898 1878 945 .mitti
1903 897 2041 944 debe-

297 983 436 1027 rent:
485 984 631 1043 atque
672 981 888 1028 omnium
924 979 1111 1044 judicio
1152 980 1293 1028 electi
1333 985 1446 1028 sunt
1485 980 1736 1043 apostolici
1772 979 2042 1028 sacerdotes

298 1060 566 1109 Germanus
585 1062 603 1089 ²
649 1061 1075 1121 Autissidorensis,
1133 1066 1182 1109 et
1231 1062 1413 1125 *Lupus
1432 1062 1449 1088 ³
1495 1063 1771 1110 Trecasenae
1830 1061 2044 1110 civitatis

297 1143 520 1207 episcopi,
547 1144 633 1209 qui
668 1145 730 1193 ad
762 1144 1139 1192 confirmandam
1170 1143 1316 1192 fidem
1347 1145 1517 1208 gratiae
1550 1145 1750 1192 caelestis
1779 1143 2045 1192 Brittanias

298 1226 534 1275 venirent.
608 1227 705 1288 Qui
742 1244 852 1275 cum
888 1229 1114 1290 prompta
1139 1226 1394 1274 devotione
1422 1243 1586 1289 preces
1622 1231 1670 1275 et
1700 1230 1835 1290 jussa
1869 1232 2045 1275 sanctae

298 1309 506 1357 ecclesiae
544 1309 877 1372 suscepissent,
915 1308 1134 1356 intrant*
1175 1325 1418 1366 oceanum,
1461 1314 1509 1356 et
1550 1310 1798 1372 usquead
1834 1309 2046 1356 medium

299 1391 491 1439 itineris
527 1409 621 1455 quo
657 1409 685 1440 a
719 1391 905 1439 Gallico
937 1390 1047 1438 sinu
1085 1389 1353 1438 Brittanias
1386 1391 1800 1454 usquetenditur,
1826 1391 2047 1439 secundis

298 1474 494 1522 flatibus
530 1474 668 1522 navis
702 1477 811 1521 tuta
845 1473 1055 1520 volabat.
1127 1472 1253 1520 Tum
1290 1472 1452 1520 subito
1491 1473 1701 1521 occurrit
1734 1473 2049 1538 pergentibus

300 1555 496 1603 inimica
534 1555 608 1603 vis
655 1555 943 1614 daemonum,
981 1554 1067 1617 qui
1112 1557 1277 1603 tantos
1324 1554 1538 1618 talesque
1572 1555 1704 1604 viros
1747 1555 1808 1603 ad
1854 1572 2047 1618 recupe-

300 1639 502 1686 randam
559 1638 757 1686 tendere
814 1639 1106 1701 populorum
1165 1637 1377 1698 salutem⁸
1428 1633 1733 1686 inviderent:
1805 1638 2050 1686 concitant

300 1721 547 1784 procellas,
572 1721 739 1768 caelum
776 1721 999 1784 diemque
1034 1714 1238 1768 nubium
1274 1726 1413 1768 nocte
1448 1719 1748 1779 subducunt;
1792 1726 2048 1769 ventorum

301 1805 490 1851 furores
508 1803 615 1850 vela
639 1819 736 1849 non
761 1802 1004 1850 sustinent
1017 1818 1030 1861 ;
1068 1801 1299 1849 cedebant
1324 1801 1593 1849 ministeria
1609 1787 1737 1850 victa
1762 1808 2046 1861 nautarum;

301 1885 549 1932 ferebatur
588 1884 837 1948 navigium
869 1884 1095 1944 oratione,
1130 1901 1227 1931 non
1250 1883 1466 1932 viribus:
1504 1890 1553 1931 et
1577 1871 1702 1932 casui
1722 1885 1823 1932 dux
1847 1885 1948 1949 ipse
1971 1885 2049 1933 vel

302 1968 524 2030 pontifex
560 1968 741 2016 fractus
783 1985 994 2031 corpore,
1037 1967 1320 2015 lassitudine
1356 1983 1421 2014 ‘ac
1463 1983 1631 2031 sopore
1672 1966 1912 2014 resolutus
1960 1972 2047 2015 est.

302 2051 427 2098 Tum
461 2067 576 2098 vero
612 2050 751 2113 quasi
782 2055 1103 2113 repugnatore
1137 2055 1366 2106 cessante,
1398 2053 1660 2111 tempestas
1695 2049 1906 2097 excitata
1941 2067 2050 2097 con-

303 2133 470 2192 valuit,
497 2137 545 2181 et
562 2133 665 2196 jam
700 2133 949 2196 navigium
981 2132 1247 2196 superfusis
1278 2132 1505 2180 fluctibus
1536 2132 1855 2194 mergebatur.
1927 2133 2051 2180 Tum

302 2217 476 2264 beatus
522 2215 690 2278 Lupus
737 2231 996 2277 omnesque
1036 2214 1222 2262 turbati
1269 2215 1484 2262 excitant
1525 2214 1763 2262 seniorem
1803 2214 2052 2262 elementis

303 2298 575 2347 furentibus
622 2298 995 2361 opponendum;
1051 2298 1136 2360 qui
1174 2297 1373 2360 periculi
1421 2297 1707 2352 inmanitate
1755 2297 2051 2345 constantior

306 2381 556 2430 Christum
579 2380 785 2438 invocat,
812 2384 860 2427 et
888 2379 1140 2443 adsumpto
1171 2380 1222 2426 in
1250 2379 1445 2427 nomine
1477 2383 1653 2427 sanctae
1679 2379 1932 2427 Trinitatis
1957 2380 2053 2428 levi

306 2480 444 2527 aquae
481 2461 704 2526 spargine
737 2461 912 2509 fluctus
941 2461 1192 2509 saevientes
1224 2460 1471 2523 opprimit,
1503 2461 1735 2524 collegam
1768 2466 2052 2522 commonet,
2088 2444 2095 2455 Χ

306 2568 400 2599 A.D.
439 2568 533 2608 425,
580 2556 675 2595 that
725 2556 927 2608 probably
973 2555 1154 2608 brought
1208 2556 1243 2595 is
1271 2569 1384 2594 more
1412 2558 1592 2600 correct3
1630 2556 1695 2595 for
1714 2556 1778 2595 his
1803 2561 2054 2608 arguments,

308 2612 506 2664 Agricola
525 2616 568 2650 to
586 2611 763 2651 Britain.
819 2611 953 2650 There
973 2624 1080 2649 were
1108 2614 1154 2649 at
1208 2623 1276 2650 see
1295 2624 1363 2662 pp.
1387 2609 1589 2662 279—286.

308 2668 394 2707 this
412 2667 514 2706 time
532 2665 690 2705 several
709 2665 909 2716 Pelagian
929 2665 1096 2717 bishops
1110 2665 1154 2703 in

310 2722 434 2766 Gaul,
471 2720 683 2771 Stillingfl.
723 2733 762 2771 p.
804 2719 893 2770 276.
963 2720 1157 2771 Agricola

311 2790 395 2816 was
422 2779 496 2814 not
523 2776 643 2814 alone
670 2775 714 2813 in
748 2774 1010 2826 introducing
1038 2775 1156 2813 Pela-

311 2831 487 2884 gianism
509 2843 519 2877 ;
579 2830 768 2880 Prosper,
825 2833 968 2868 contra
1024 2829 1155 2868 Colla-

311 2895 456 2933 torem,
481 2896 542 2929 21,
563 2884 628 2925 M.
649 2884 708 2923 H.
732 2884 779 2923 B.
801 2897 841 2934 p.
863 2883 912 2928 ci,
940 2884 1087 2933 speaks
1116 2883 1163 2922 of

280 2970 284 2975 .
315 2945 327 2963 ‘
340 2940 539 2993 quosdam
550 2938 737 2977 inimicos
751 2937 907 2989 gratiae,
923 2939 1054 2977 solum
1073 2951 1156 2978 suae

314 2995 484 3047 originis
495 2991 766 3046 occupantes?
787 2992 998 3044 Stillingfi.
1012 3007 1049 3044 p.
1067 3005 1086 3031 2
1095 2993 1156 3044 78.

370 3050 383 3072 ¹
410 3049 582 3101 synodo]
653 3048 829 3099 Prosper
864 3047 1005 3086 makes
1047 3047 1159 3099 Pope

315 3104 575 3148 Coelestinus,
595 3113 680 3144 A.D.
701 3112 863 3154 422—43
872 3113 904 3150 2,
927 3101 1029 3140 send
1056 3101 1158 3140 Ger·

316 3173 463 3199 manus
490 3159 535 3197 in
563 3158 627 3197 his
650 3171 742 3196 own
766 3156 895 3204 mad,
921 3157 1035 3195 ‘vice
1056 3154 1157 3204 sua‚'

318 3228 370 3252 on
391 3214 463 3253 the
482 3212 720 3264 suggestion
733 3212 776 3250 of
786 3210 1020 3255 Palladius;
1051 3211 1104 3250 ad
1123 3225 1160 3251 a.

317 3280 411 3320 429,
432 3268 494 3307 M.
508 3268 566 3306 H.
580 3267 631 3307 B.
651 3280 690 3318 p.
703 3266 850 3305 lxxxii.
898 3265 1162 3316 Stillingfleet

318 3323 518 3363 contends
535 3322 629 3362 that
648 3321 722 3361 the
738 3324 912 3360 account
926 3320 1022 3360 here
1041 3320 1163 3372 given

1262 2664 1278 2686 ²
1309 2665 1553 2717 Germanus]
1586 2666 1628 2704 A
1640 2666 1782 2704 native
1798 2665 1844 2705 of
1852 2667 2056 2713 Auxerre,

1211 2720 1295 2759 and
1324 2719 1435 2758 duke
1463 2720 1504 2759 of
1531 2721 1625 2760 that
1654 2722 1781 2772 place,
1816 2721 1880 2760 till
1906 2721 1959 2760 he
1987 2722 2056 2761 be·

1210 2788 1325 2814 came
1345 2788 1371 2813 a
1389 2775 1514 2813 monk
1536 2778 1580 2814 at
1600 2776 1770 2823 Lerins;
1799 2775 1907 2814 after
1920 2776 2057 2815 which

1210 2830 1264 2868 he
1278 2829 1502 2868 succeeded
1513 2830 1693 2869 Amator
1706 2831 1751 2868 in
1765 2830 1836 2869 the
1851 2830 2057 2882 bishopric

1211 2884 1258 2923 of
1278 2885 1470 2923 Auxerre
1496 2885 1542 2923 in
1570 2885 1828 2937 Bourgogne,
1855 2894 1939 2925 A.D.
1961 2887 2057 2936 418.

1212 2938 1362 2983 Smith‚
1383 2953 1423 2991 p.
1443 2950 1537 2988 401.

1265 2994 1281 3016 ³
1308 2992 1472 3044 Lupus]
1525 2994 1596 3033 He
1614 2997 1682 3033 too
1701 3007 1787 3033 was
1812 3007 1837 3032 a
1865 2993 1993 3032 monk
2013 2998 2058 3033 at

1214 3047 1373 3096 Lefins,
1426 3048 1510 3088 and
1555 3048 1726 3087 brother
1770 3053 1814 3088 to
1859 3048 2055 3096 Vincent,

1215 3103 1367 3141 known
1385 3116 1430 3142 as
1456 3103 1503 3142 of
1525 3103 1685 3143 Lerina.
1742 3103 1812 3141 He
1831 3115 1915 3141 was
1934 3102 2058 3141 after-

1215 3157 1349 3197 wards
1357 3157 1503 3209 bishop
1511 3159 1555 3197 of
1561 3158 1713 3210 Troyes
1720 3157 1765 3195 in
1777 3157 2059 3207 Ohampagne.

1269 3210 1284 3233 4
1312 3211 1491 3263 intrant]
1535 3218 1544 3233 ‘
1558 3212 1826 3264 Temporibus
1844 3212 2032 3250 hibernis
2049 3210 2058 3227 ’

1216 3265 1321 3305 Vita
1357 3267 1397 3306 S.
1418 3266 1540 3319 Lupi,
1572 3267 1636 3307 ed.
1670 3266 1825 3316 Surius‚
1863 3266 1891 3305 i.
1907 3278 1941 3306 e.
1976 3266 2061 3306 late

1218 3320 1262 3359 in
1280 3331 1366 3360 Aa).
1387 3333 1482 3373 429.
