2216 3554
250 589 683 656 HISTORIAE
741 581 1424 650 ECOLESIASTICAE
1485 580 1806 644 GENTIS

684 720 685 726 ¹
782 671 1270 775 ANGLORUM

642 913 909 964 LIBER
956 908 1401 974 QUARTUS.

918 1100 1060 1153 GAP.
1092 1099 1140 1151 Ι.

152 1233 203 1273 Ut
221 1233 409 1286 defuneto
428 1229 669 1274 Deusdedit,
698 1227 884 1280 Viyhard
911 1227 969 1267 ad
995 1226 1297 1292 suscipiendum
1327 1225 1618 1277 episcopatum.
1642 1222 1819 1264 Romam
1848 1222 1903 1262 sit

250 1299 433 1349 missus.-
462 1298 534 1339 sed
552 1297 626 1338 illo
651 1298 804 1337 ibidem
828 1296 1031 1348 defuncto,
1058 1295 1290 1336 Theodorus
1314 1293 1647 1346 archiepiscopus
1671 1291 1902 1339 ordinatus,

260 1372 297 1409 et
315 1381 406 1409 cum
425 1367 654 1408 Hadriano
673 1367 815 1407 abbate
834 1365 889 1407 sit
908 1365 1167 1416 Brittaniam
1185 1364 1343 1414 missus.

280 1480 427 1530 NNO
474 1486 737 1528 memorato
751 1480 768 1507 ¹
809 1478 1022 1543 praefatae
1068 1476 1261 1539 eclipsis
1308 1481 1358 1526 et
1404 1492 1518 1524 mox
1565 1473 1906 1538 subsequentis

329 1563 633 1627 pestilentiae,
673 1580 768 1627 quo
809 1567 859 1611 et
900 1561 1104 1611 Colman
1143 1560 1396 1624 episcopus
1432 1557 1663 1607 unanima
1705 1557 1906 1607 catholi-

150 1664 315 1696 corum
350 1646 621 1694 intentione
663 1651 919 1709 superatus
962 1644 1024 1692 ad
1065 1660 1176 1691 suos
1211 1660 1434 1691 reversus
1470 1646 1558 1703 est,
1646 1668 1729 1695 Aa).
1747 1661 1820 1700 664.

151 1728 420 1777 Deusdedit
434 1729 452 1755 ²
476 1734 640 1777 sextus
664 1726 874 1776 ecolesiae
899 1725 1291 1773 Doruvernensis
1310 1724 1563 1788 episeopus
1614 1716 1853 1810 Αξέῗΐζζέρ

150 1810 272 1858 obiit
313 1810 468 1873 pridie
506 1810 676 1858 iduum
710 1809 749 1858 J
750 1808 989 1868 uliarum;
1041 1808 1125 1856 sed
1172 1813 1222 1856 et
1262 1807 1562 1855 Ereonberct
1624 1815 1845 1857 Deusdedit‚

150 1908 238 1940 rex
274 1891 649 1941 Cantuariorum
684 1891 852 1939 eodem
886 1907 1049 1938 mense
1085 1907 1139 1938 ac
1174 1890 1253 1938 die
1289 1889 1560 1948 defunctus,
1603 1868 1860 1959 αξξᾷῗῖξῗζ

150 1974 415 2038 Eogbereto
464 1974 564 2022 filio
618 1974 780 2022 sedem
830 1972 970 2034 regni
1024 1972 1239 2036 reliquit,
1287 1990 1435 2036 quam
1481 1973 1563 2020 ille
1647 1967 1689 2001 of
1706 1966 1825 2001 Kent.

150 2063 421 2119 susceptam
448 2074 536 2120 per
567 2073 740 2105 novem
771 2073 924 2104 annos
955 2055 1132 2104 tenuit.
1204 2056 1342 2104 Tunc
1375 2060 1590 2104 cessante
1622 2072 1721 2103 non
1752 2072 1907 2118 pauco

150 2143 398 2206 tempore⁸
421 2142 714 2206 episcopatu,
740 2141 916 2189 missus
947 2146 1020 2189 est
1054 2142 1260 2189 Romam
1285 2142 1344 2189 ab
1368 2140 1475 2205 ipso
1499 2140 1644 2188 simul
1668 2145 1718 2189 et
1742 2158 1771 2188 a
1794 2157 1908 2205 rege

153 2225 204 2272 N
205 2225 672 2287 ordanhymbrorum
707 2224 872 2283 Osuio,
903 2230 960 2272 ut
995 2224 1295 2287 praecedente
1327 2223 1454 2272 libro
1487 2224 1655 2287 paucis
1679 2223 1906 2282 diximus,

152 2307 377 2371 Vighard
410 2309 675 2371 presbyter,
711 2308 788 2357 vir
822 2308 875 2355 in
910 2306 1242 2356 ecelesiasticis
1279 2306 1548 2369 disciplinis
1584 2307 1907 2366 doctissimus,

153 2391 212 2439 de
237 2407 408 2454 genere
432 2390 718 2455 Anglorum,
742 2390 1021 2455 petentibus
1053 2390 1183 2439 hune
1217 2389 1428 2438 ecclesiae
1453 2389 1728 2454 Anglorum
1752 2390 1908 2439 archi-

154 2473 429 2536 episcopum
468 2473 710 2521 ordinari:
758 2473 918 2522 missis
958 2473 1144 2536 pariter
1181 2473 1448 2536 apostolico
1491 2491 1631 2538 papae
1674 2474 1906 2534 donariis,

154 2560 204 2603 et
239 2554 397 2603 aureis
431 2558 577 2618 atque
611 2556 853 2620 argenteis
894 2556 1022 2604 vasis
1060 2573 1158 2604 non
1191 2556 1372 2620 paucis.
1443 2557 1541 2618 Qui
1578 2557 1663 2607 ubi
1702 2559 1907 2607 Romam

155 2638 389 2702 pervenit,
415 2637 548 2701 cujus
573 2638 676 2686 sedi
708 2639 984 2703 apostolicae
1009 2644 1227 2702 tempore
1259 2636 1348 2687 illo*
1366 2639 1652 2690 Vitalianus
1684 2647 1905 2704 praeerat,

154 2725 413 2784 postquam
437 2719 628 2768 itineris
653 2721 726 2770 sui
755 2738 948 2770 causam
980 2721 1181 2785 praefato
1214 2739 1352 2786 papae
1377 2723 1640 2787 apostolico
1664 2724 1904 2787 patefecit,

155 2821 251 2852 non
284 2803 439 2850 multo
470 2809 580 2866 post
611 2809 660 2852 et
694 2803 798 2866 ipse
831 2808 881 2852 et
913 2821 1077 2853 omnes
1110 2822 1233 2869 pene
1266 2806 1350 2870 qui
1378 2824 1489 2856 cum
1522 2824 1578 2856 eo
1611 2808 1908 2856 advenerant

154 2885 286 2944 socii,
313 2884 589 2949 pestilentia
612 2887 979 2948 superveniente
1003 2888 1150 2941 deleti
1174 2895 1300 2939 sunt.

224 2968 299 3016 At
323 2967 611 3031 apostolicus
642 2985 782 3033 papa,
817 2969 982 3019 habito
1014 2971 1072 3019 de
1107 2971 1183 3020 his
1219 2971 1432 3034 consilio,
1458 2972 1685 3037 quaesivit
1711 2971 1907 3020 sedulus

210 3093 223 3115 ¹
242 3094 478 3145 memorato]
495 3105 580 3134 AD.
597 3093 698 3148 664;
718 3109 786 3148 pp.
803 3096 893 3144 186,
911 3108 1000 3138 202.
1111 3097 1127 3120 ³
1154 3111 1236 3138 non
1256 3111 1385 3149 pauco
1406 3097 1598 3150 tempore]
1621 3097 1709 3136 The
1728 3096 1908 3136 interval

211 3147 226 3169 ²
256 3149 500 3202 Deasdedit]
531 3149 620 3189 The
650 3151 775 3191 Liber
802 3152 1002 3192 Gantuar-
1056 3151 1190 3192 lasted
1229 3154 1334 3192 from
1371 3154 1402 3192 J
1405 3154 1478 3203 uly
1516 3164 1578 3204 14,
1614 3162 1699 3191 A.D.
1736 3150 1828 3202 664.
1862 3155 1906 3190 to

156 3203 292 3250 iensis,
308 3217 347 3255 p.
369 3216 415 3253 25
433 3205 472 3251 b,
491 3208 621 3246 states
636 3205 728 3246 that
748 3206 813 3247 his
828 3207 1003 3260 original
1057 3207 1205 3248 March
1227 3207 1289 3258 26,
1311 3219 1399 3249 A.D.
1419 3207 1512 3251 668,
1528 3207 1648 3247 when
1667 3205 1908 3246 Theodorus

155 3270 277 3298 name
295 3272 382 3300 was
400 3259 605 3303 Fritonas.
660 3260 702 3301 S.
1057 3276 1142 3303 was
1162 3263 1443 3304 consecrated.
1501 3262 1542 3304 S.

987 3347 1073 3381 1³2
