2216 3554
244 188 251 195 ‚
292 133 390 178 384
926 127 1158 177 Historia
1193 127 1435 178 Abbatwm

292 268 341 312 et
377 264 550 311 cuncta
584 277 694 324 quae
728 275 845 308 suus
878 260 1182 324 predecessor
1213 261 1408 325 egregia
1436 260 1680 310 virtutum
1710 278 1856 325 opera
1886 245 2046 327 coepit,

291 346 397 410 ipse
442 361 531 393 nec
577 342 772 407 segnius
818 341 1048 406 perficere
1095 343 1299 392 curavit.
1394 343 1648 407 Siquidem
1700 345 1831 394 inter
1875 347 2050 395 caetera

291 426 572 478 monasterii
610 425 879 475 necessaria
915 443 1023 490 quae
1067 426 1212 490 longo
1254 427 1453 490 regendi
1492 430 1712 491 tempore
1749 428 2050 492 disponenda

293 509 542 575 comperit,
579 508 728 557 etiam
762 509 905 572 plura
938 508 1055 557 fecit
1092 509 1338 570 oratoria;
1388 509 1555 559 altaris
1590 515 1639 558 et
1674 510 1884 560 ecclesiae
1918 529 2050 571 vasa,

292 594 370 643 vel
394 591 685 642 vestimenta
709 591 868 639 omnis
891 591 1080 655 generis
1103 591 1386 655 ampliavit;
1423 591 1766 642 bibliothecam
1794 593 2051 658 utriusque

292 674 591 733 monasterii,
616 690 763 738 quam
794 673 1091 722 Benedictus
1126 674 1274 722 abbas
1307 691 1482 739 magna
1505 675 1651 739 coepit
1677 675 1925 737 instantia,
1949 677 2052 741 ipse

292 776 390 808 non
428 757 608 821 minori
642 756 911 821 geminavit
944 757 1216 806 industria:
1256 757 1330 805 ita
1362 764 1419 806 ut
1453 762 1554 806 tres
1587 758 1845 822 pandectes
1861 760 1876 786 ¹
1914 777 2052 810 novae

292 840 628 891 translationis
643 839 676 899 ²,
713 840 775 887 ad
810 857 964 888 unum
999 845 1205 888 vetustae
1243 840 1579 889 translationis
1613 857 1760 904 quem
1794 843 1854 890 de
1892 842 2054 891 Roma

292 924 540 982 attulerat,
570 922 675 986 ipse
703 938 848 984 super
879 922 1197 985 adjungeret3
1242 939 1449 986 quorum
1471 924 1656 971 unum⁸
1680 940 1825 972 senex
1850 925 2053 974 Romam

294 1007 484 1056 rediens
530 1021 693 1053 secum
730 1003 859 1052 inter
898 1004 995 1053 alia
1040 1021 1131 1068 pro
1173 1021 1372 1054 munere
1408 1006 1630 1070 sumpsit,
1665 1007 1788 1055 duos
1802 1007 1820 1033 ³
1854 1007 2052 1072 utrique

293 1088 588 1139 monasterio
639 1087 876 1151 reliquit:
942 1087 1056 1136 dato
1115 1105 1308 1152 quoque
1362 1087 1844 1153 Cosmographorum'
1892 1091 2053 1141 codice

293 1171 503 1223 mirandi
543 1170 713 1234 operia
758 1187 904 1234 quem
943 1171 1113 1219 Romae
1158 1171 1453 1220 Benedictus
1492 1177 1687 1231 emerat,
1730 1175 1909 1221 terram
1945 1179 2054 1223 octo

293 1255 591 1306 familiarum
626 1253 772 1321 juxta
812 1252 1020 1302 fluvium
1056 1253 1262 1303 Fresca⁴
1295 1254 1358 1302 ab
1397 1254 1629 1303 Aldfrido
1669 1271 1781 1319 rege
1816 1257 1870 1304 in
1904 1257 2054 1322 scrip-

294 1339 422 1389 turis
461 1335 745 1386 doctissimo
785 1335 838 1383 in
879 1336 1227 1399 possessionem
1263 1337 1545 1387 monasterii
1586 1338 1717 1387 beati
1760 1338 1901 1388 Pauli
1940 1356 2054 1404 apo·

293 1421 407 1471 stoli
439 1418 770 1483 'comparavit3
819 1435 963 1482 quem
996 1419 1309 1484 comparandi
1342 1419 1561 1469 ordinem
1596 1420 1712 1485 ipse,
1743 1421 1861 1470 dum
1896 1422 2055 1471 adhuc

294 1504 498 1562 viveret,
534 1501 827 1551 Benedictus
874 1519 985 1551 cum
1027 1502 1194 1552 eodem
1238 1519 1352 1567 rege
1384 1503 1615 1552 Aldfrido
1661 1507 1929 1565 taxaverat,
1970 1505 2055 1555 sed

294 1587 580 1652 priusquam
626 1585 868 1649 complere
913 1586 1152 1649 potuisset
1198 1586 1336 1635 obiit.
1426 1587 1610 1635 Verum
1655 1603 1745 1651 pro
1790 1588 1878 1637 hac
1924 1593 2056 1638 terra

294 1669 620 1735 postmodum,
662 1668 847 1717 Osredo
884 1672 1133 1733 regnante,
1170 1669 1456 1729 Ceolfridus,
1495 1670 1663 1719 addito
1697 1671 1856 1735 pretio
1893 1671 2054 1736 digno,

294 1757 476 1801 terram
510 1751 688 1815 viginti
737 1751 1034 1800 familiarum
1082 1753 1134 1801 in
1175 1752 1280 1802 loco
1327 1753 1414 1817 qui
1460 1752 1730 1803 incolarum
1768 1754 1935 1819 lingua
1970 1754 2056 1802 Ad

295 1835 483 1886 Villam
513 1834 785 1883 Sambuce'⁶
821 1839 1037 1895 vocatur,
1064 1835 1179 1900 quia
1207 1835 1311 1884 haec
1342 1835 1549 1884 vicinior
1576 1835 1733 1885 eidem
1763 1836 2056 1885 monasterio

294 1918 568 1977 videbatur,
615 1917 811 1981 accepit.
909 1917 1075 1966 Missis
1133 1917 1344 1966 Romam
1402 1918 1649 1967 monachis
1707 1923 1925 1983 tempore
1980 1936 2057 1968 re-

295 2000 587 2050 cordationis
634 1999 792 2064 Sergii
839 1991 993 2064 pap‘ae‚
1040 2000 1354 2064 privilegium
1394 2001 1456 2049 ab
1502 2017 1558 2049 eo
1599 2019 1687 2066 pro
1728 2003 1934 2051 tuitione
1981 2002 2058 2051 sui

296 2083 578 2133 monasterii
614 2082 770 2131 instar
805 2082 939 2132 illius
975 2084 1105 2147 quod
1140 2082 1340 2148 Agatho
1381 2100 1508 2148 papa
1542 2084 1806 2133 Benedicto
1841 2084 2055 2144 dederat,

296 2166 510 2229 accepit:
566 2166 698 2230 quod
752 2165 1033 2215 Britannias
1080 2167 1338 2231 perlatum,
1387 2172 1437 2215 et
1483 2183 1643 2216 coram
1692 2167 1876 2232 synodo
1922 2172 2057 2231 pate-

296 2249 493 2308 factum,
519 2248 834 2312 praesentium
870 2249 1207 2313 episcoporum
1240 2250 1386 2298 simul
1419 2255 1468 2299 et
1499 2250 1744 2313 magnifici
1775 2250 1903 2314 regis
1931 2249 2056 2299 Ald-

297 2331 414 2380 fridi
443 2330 796 2394 subscriptione
828 2330 1168 2381 confirmatum
1193 2337 1279 2391 est,
1306 2332 1546 2397 quomodo
1582 2332 1730 2381 etiam
1765 2333 1903 2397 prius
1932 2333 2055 2382 illud

353 2437 368 2462 ¹
395 2440 628 2493 pandectes]
659 2439 749 2479 The
768 2440 882 2481 word
899 2438 1152 2493 ‘pandecta,‘
1208 2441 1309 2494 quia
1323 2441 1439 2481 sedes
1458 2442 1685 2495 apoaolica
1703 2442 1771 2483 cui
1786 2446 1954 2483 auctore
1967 2441 2060 2483 Deo

298 2507 413 2534 more
441 2495 674 2548 commonly
704 2496 806 2536 used
837 2496 883 2535 in
911 2496 986 2536 the
1015 2496 1154 2549 plural
1207 2496 1408 2551 praesideo
1428 2501 1606 2550 utraque
1624 2498 1772 2548 utitur,
1792 2499 1873 2538 mei
1893 2510 2058 2551 quoque

299 2555 310 2571 ⁶
326 2549 570 2602 pandectae‚’
598 2551 635 2590 is
663 2550 765 2590 used
792 2551 849 2604 by
877 2551 1032 2605 Papias
1068 2551 1154 2591 and
1207 2552 1326 2592 labor
1362 2552 1491 2592 studii
1527 2566 1578 2592 ex
1616 2558 1794 2607 utraque
1830 2553 2058 2594 fulciatur!

299 2604 458 2645 Alcuin
476 2608 521 2644 to
539 2618 662 2644 mean
680 2605 753 2645 the
773 2606 1008 2659 Scriptures
1020 2606 1067 2646 of
1080 2606 1154 2647 the
1208 2606 1449 2659 Gregorius'
1465 2607 1710 2660 Exposition
1729 2608 1774 2648 of
1789 2607 1861 2648 the
1880 2608 1998 2648 Book
2017 2609 2065 2648 of

299 2659 384 2700 Old
411 2659 495 2699 and
523 2660 631 2700 New
657 2661 912 2702 Testament.
969 2668 979 2684 ⁶
996 2662 1154 2702 Biblio-
1205 2662 1306 2710 «Τοῦ,
1321 2662 1606 2716 introductory
1624 2664 1772 2716 epistle
1790 2668 1835 2703 to
1853 2663 2057 2704 Leander.

299 2715 438 2755 theca'
467 2721 554 2755 was
581 2715 655 2754 the
688 2729 810 2756 name
837 2716 883 2756 in
910 2730 984 2757 use
1011 2717 1153 2758 before
1261 2718 1277 2742 ³
1306 2731 1437 2758 unum
1457 2749 1467 2758 .
1491 2747 1502 2758 .
1523 2749 1532 2759 .
1553 2718 1676 2772 daos]
1729 2719 1831 2759 This
1864 2718 1962 2771 only
1993 2732 2060 2759 ac-

300 2768 470 2811 Aquin.
527 2770 599 2809 Du
620 2770 770 2823 Gange,
789 2772 835 2811 in
853 2772 993 2813 verbo.
1207 2777 1355 2814 counts
1371 2773 1438 2813 for
1455 2773 1574 2813 three
1598 2774 1646 2814 of
1665 2774 1736 2815 the
1761 2774 1855 2814 four
1873 2774 2062 2814 volumen

354 2823 370 2847 ²
399 2838 512 2866 ‘novoe
533 2825 848 2877 translationis]
893 2827 984 2867 The
1003 2826 1155 2868 second
1207 2828 1450 2868 mentioned
1485 2829 1630 2869 above.
1691 2829 1780 2869 But
1816 2829 1889 2869 the
1925 2829 2062 2869 words

301 2879 432 2919 Latin
458 2880 711 2920 translation
746 2881 788 2920 of
815 2882 887 2921 the
921 2883 1154 2936 Scriptures
1209 2887 1223 2906 ‘
1236 2883 1291 2923 ad
1318 2897 1451 2923 unum
1477 2883 1630 2924 veteris
1656 2882 1960 2925 translationis’
1990 2897 2060 2924 are

300 2935 358 2987 by
377 2935 408 2976 J
410 2947 559 2982 erome,
578 2935 716 2975 which
743 2936 802 2988 by
827 2936 914 2977 this
941 2938 1043 2977 time
1069 2937 1155 2977 had
1209 2939 1383 2980 omitted
1402 2938 1458 2992 by
1476 2939 1533 2979 all
1552 2939 1625 2979 the
1643 2940 1734 2980 first
1752 2939 1941 2979 editions.

303 2990 470 3030 become
500 3003 547 3030 as
578 2991 877 3031 authoritative
909 3005 935 3032 a
966 2993 1077 3032 book
1108 3006 1155 3033 as
1263 2994 1279 3016 ¹
1295 2994 1476 3046 fluvium
1495 2994 1665 3047 Fresoa]
1699 2994 1802 3035 This
1829 2997 1981 3034 cannot
2008 2993 2060 3034 be

302 3044 376 3084 the
404 3044 522 3085 older
542 3045 742 3098 Vulgate.
797 3049 813 3068 ‘
828 3046 995 3087 Novam
1022 3051 1156 3088 trans-
1209 3048 1454 3097 identified;
1490 3049 1568 3089 but
1604 3050 1679 3090 the
1706 3063 1830 3090 name
1858 3063 1905 3090 as
1936 3049 2060 3102 given

301 3099 502 3140 lationem
517 3100 683 3148 dissero,
698 3100 771 3141 sed
789 3114 884 3140 cum
898 3102 1154 3154 probationis
1207 3105 1307 3145 here
1323 3104 1359 3143 is
1378 3108 1392 3126 ‘
1404 3103 1563 3145 Fresh.’

302 3167 428 3195 causa
473 3155 617 3208 exigit,
654 3169 769 3196 nunc
813 3157 995 3204 Novam,
1042 3171 1154 3197 nunc
1262 3159 1279 3183 ⁶
1306 3158 1520 3214 Sambuoe]
1543 3159 1764 3209 Cmbock,
1774 3163 1820 3199 at
1830 3159 1903 3200 the
1913 3159 2059 3200 mouth

302 3209 506 3250 Veterem
534 3224 609 3264 per
626 3211 866 3252 testimonia
886 3225 1076 3262 assum0;
1104 3217 1155 3253 ut
1209 3213 1256 3254 of
1261 3213 1335 3254 the
1348 3214 1585 3255 Wensbeck
1599 3214 1877 3268 (³),camden,
1888 3214 1945 3255 iii.
1963 3224 2058 3266 517.
