2216 3554
198 189 322 239 CAP.
342 187 421 258 IL]
798 228 801 229 γ
827 190 996 239 Gentis
1027 188 1314 251 Anylorum.
1852 197 1948 241 293

199 326 257 369 ut
297 322 366 370 nil
401 338 616 385 unquam
657 321 941 384 capillorum
977 321 1022 369 ei
1058 320 1109 368 in
1152 321 1396 383 superiore
1431 325 1570 383 parte
1612 321 1782 385 capitis
1818 324 1950 372 nasci

199 405 397 463 valeret,
439 410 633 452 tantum
680 403 732 451 in
779 403 983 452 circuitu
1031 403 1218 452 horridi
1264 403 1419 451 crines
1467 408 1593 452 stare
1640 405 1946 453 videbantur.

199 485 349 533 Hunc
372 476 497 550 ergo*
512 486 686 534 adduci
709 485 931 549 praecipit
954 485 1220 548 episcopus,
1245 490 1296 533 et
1318 485 1362 533 ei
1395 486 1447 532 in
1471 486 1711 549 conseptis
1735 488 1945 550 ejusdem

199 569 461 616 mansionis
495 585 699 631 parvum
733 568 984 631 tugurium
1019 568 1124 616 fieri
1159 568 1224 615 in·
1249 585 1344 631 quo
1379 583 1578 615 manens
1614 570 1951 632 quotidianam

199 651 260 697 ab
308 651 376 698 eis
423 651 597 714 stipem
642 649 890 713 acciperet.
978 650 1196 714 Cumque
1243 667 1353 698 una
1387 650 1767 714 quadragesimae
1826 656 1951 700 esset

197 732 398 795 impleta
443 732 724 796 septimana,
772 739 1000 796 sequente
1046 732 1303 781 Dominica
1342 732 1491 796 jussit
1537 733 1599 781 ad
1659 750 1708 781 se
1767 733 1949 782 intrare

198 830 472 877 pauperem,
498 815 712 879 ingresso
737 832 793 863 eo
816 815 1035 879 linguam
1059 815 1274 878 proferre
1299 831 1358 862 ex
1383 831 1464 863 ore
1496 831 1552 863 ac
1576 814 1670 862 sibi
1695 816 1949 864 ostendere

192 895 339 957 jussit
355 913 367 956 ;
417 902 466 945 et
499 897 861 960 adprehendens
896 914 1006 945 eum
1041 897 1102 944 de
1137 902 1314 956 mento,
1349 896 1543 959 signum
1579 902 1756 946 sanctae
1792 898 1948 946 crucis

198 976 379 1039 linguae
413 979 516 1042 ejus
550 979 808 1042 impressit,
833 997 980 1043 quam
1001 980 1254 1043 *signatam
1289 995 1513 1028 revocare
1546 979 1600 1026 in
1636 996 1703 1039 os,
1729 986 1777 1028 et
1812 980 1950 1044 loqui

197 1059 336 1107 illum
381 1061 639 1125 praeeepit:
699 1065 711 1086 ‘
731 1061 930 1120 Dicito,’
977 1047 1215 1125 inquiens,
1261 1065 1274 1087 ‘
1291 1061 1489 1124 aliquod
1534 1062 1750 1121 verbum,
1799 1062 1948 1110 dicito

198 1141 347 1200 Gae1,’
384 1144 515 1206 quod
550 1147 636 1203 est,
673 1143 843 1207 lingua
878 1143 1166 1207 Anglorum‚
1191 1144 1394 1191 verbum
1430 1143 1719 1192 adfirmandi
1754 1150 1803 1193 et
1838 1162 1949 1193 con-

197 1226 448 1285 sentiendi,
498 1226 547 1274 id
596 1231 684 1284 est,
731 1227 892 1275 etiam„
985 1226 1130 1274 Dixit
1187 1226 1271 1275 ille
1319 1226 1499 1286 statim,
1547 1226 1706 1275 soluto
1753 1229 1948 1276 vinculo

197 1307 395 1371 linguae,
429 1308 562 1371 quod
597 1310 762 1370 jussus
804 1313 922 1357 erat.
993 1308 1202 1356 Addidit
1236 1308 1487 1371 episcopus
1527 1310 1725 1357 nomina
1761 1311 1947 1359 littera-

198 1405 337 1437 rum:
388 1390 583 1438 ‘Dicito
606 1389 682 1449 A;
700 1390 711 1409 ’
748 1390 875 1438 dixit
897 1391 980 1438 ille
1005 1375 1086 1438 A}
1138 1391 1331 1439 ‘Dicito
1354 1391 1401 1437 B
1418 1408 1430 1450 ;
1451 1392 1461 1412 '
1497 1390 1625 1438 dixit
1655 1392 1738 1440 ille
1763 1399 1811 1441 et
1841 1393 1947 1441 hoc.

199 1471 421 1535 Cumque
467 1473 659 1536 singula
704 1473 978 1521 litterarum
1025 1473 1221 1521 nomina
1258 1473 1447 1521 dicente
1488 1473 1711 1537 episcopo
1753 1491 1947 1538 respon—

196 1554 345 1613 deret,
372 1555 563 1602 addidit
597 1559 646 1602 et
680 1555 888 1618 syllabas
923 1572 978 1603 ac
1002 1556 1148 1603 verba
1182 1555 1385 1603 dicenda
1419 1555 1493 1602 illi
1529 1572 1810 1619 proponere.
1882 1557 1948 1605 Et

196 1653 309 1684 cum
344 1637 396 1684 in
431 1637 656 1684 omnibus
691 1645 1037 1700 consequenter
1071 1637 1393 1700 responderet,
1427 1638 1658 1701 praecepit
1693 1655 1805 1686 eum
1841 1656 1948 1687 sen·-
2037 1682 2055 1693 ,

195 1719 376 1766 tentias
420 1719 659 1780 longiores
699 1719 895 1776 dicere;
943 1725 993 1767 et
1030 1719 1172 1768 fecit:
1232 1736 1387 1782 neque
1423 1720 1556 1768 ultra
1602 1721 1806 1769 cessavit
1842 1726 1948 1770 tota

195 1800 276 1849 die
310 1801 394 1848 illa
429 1808 479 1849 et
513 1808 653 1849 nocte
691 1805 936 1864 sequente,
973 1808 1210 1865 quantum
1245 1802 1448 1865 vigilare
1482 1802 1659 1865 potuit,
1696 1808 1753 1851 ut
1787 1804 1948 1852 ferunt

195 1883 282 1946 qui
316 1887 576 1946 praesentes
611 1884 761 1943 fuere,
798 1884 933 1947 loqui
967 1883 1174 1947 aliquid,
1203 1890 1252 1932 et
1293 1901 1465 1932 arcana
1506 1902 1605 1933 suae
1643 1885 1948 1948 cogitationis

193 1983 251 2014 ac
285 1965 563 2026 voluntatis,
589 1966 719 2029 quod
754 1983 1002 2030 nunquam
1036 1973 1180 2015 antea
1214 1966 1390 2029 potuit,
1424 1966 1532 2014 aliis
1569 1967 1818 2015 ostendere
1834 1984 1845 2027 ;
1896 1968 1948 2015 in

194 2047 566 2097 similitudinem
599 2048 730 2095 illius
765 2047 851 2095 diu
887 2049 1046 2097 claudi
1082 2048 1167 2113 qui
1203 2053 1402 2097 curatus
1442 2050 1503 2096 ab
1534 2049 1763 2119 apostolis
1797 2049 1947 2098 Petro

195 2136 246 2179 et
268 2131 300 2178 J
305 2130 505 2190 ohanne,
531 2131 757 2180 exsiliens
791 2131 932 2180 stetit
966 2137 1014 2180 et
1050 2131 1363 2192 ambulabat,
1397 2135 1448 2179 et
1482 2131 1688 2180 intravit
1711 2148 1822 2180 cum
1850 2132 1947 2181 illis

195 2213 248 2260 in
305 2213 539 2276 templum
585 2213 849 2272 ambulans,
897 2219 946 2261 et
996 2213 1238 2272 exsiliens,
1287 2217 1335 2261 et
1394 2213 1595 2261 laudans
1640 2213 1944 2274 Dominun13

194 2294 410 2357 gaudens
446 2295 681 2343 nimirum
721 2296 798 2344 uti
840 2295 994 2344 officio
1034 2296 1229 2359 pedum,
1267 2311 1364 2359 quo
1405 2299 1544 2344 tanto
1582 2301 1688 2344 erat
1727 2302 1947 2361 tempore

195 2376 473 2426 destitutae.
566 2377 718 2440 Cujus
781 2377 980 2426 sanitati
1038 2378 1345 2441 congaudens
1403 2377 1655 2442 episcopus
1712 2380 1947 2442 praecepit

195 2459 380 2507 medico
404 2459 551 2508 etiam
575 2460 797 2507 sanandae
822 2460 1093 2508 scabredini
1118 2459 1289 2524 capitis
1314 2462 1414 2523 ejus
1438 2477 1612 2509 curam
1627 2461 1867 2510 adhibere.

265 2541 402 2589 Fecit
436 2547 493 2589 ut
524 2541 749 2604 jusserat,
786 2546 836 2590 et
869 2543 1070 2605 juvante
1107 2542 1440 2592 benedictione
1474 2560 1528 2591 ac
1563 2543 1785 2607 precibus
1819 2546 1945 2594 anti-

195 2623 326 2671 stitis
365 2628 478 2671 nata
518 2627 591 2671 est
630 2640 739 2671 cum
782 2624 990 2672 sanitate
1025 2624 1148 2673 cutis
1182 2629 1386 2672 venusta
1427 2624 1607 2688 species
1642 2626 1942 2690 capillorum,

196 2707 445 2768 factusque
491 2711 564 2753 est
614 2696 811 2768 juvenis
862 2706 1092 2770 limpidus
1138 2706 1280 2755 vultu
1329 2710 1379 2755 et
1434 2707 1628 2771 loquela
1673 2715 1940 2772 promthS‚

194 2787 382 2852 capillis
421 2786 742 2851 pulcherrime
784 2788 966 2852 crispis,
1004 2789 1088 2853 qui
1123 2797 1237 2838 ante
1272 2789 1431 2838 fuerat
1465 2790 1708 2851 deformis,
1744 2808 1942 2855 pauper,

195 2878 245 2920 et
302 2875 483 2919 mutus.
572 2869 746 2934 Sicque
792 2870 852 2919 de
897 2877 1123 2935 percepta
1169 2872 1367 2921 laetatusv
1421 2873 1667 2937 sospitate,
1715 2875 1942 2921 offerente

194 2953 338 3002 etiam
376 2952 420 3001 ei
457 2952 680 3016 episcopo
715 2959 773 3002 ut
807 2954 858 3002 in
895 2972 979 3003 sua
1013 2954 1196 3004 familia
1237 2956 1463 3006 manendi
1498 2957 1655 3006 locum
1690 2956 1940 3019 acciperet,

195 3035 350 3099 magis
374 3034 569 3082 domum
593 3051 814 3083 reversus
838 3042 925 3084 est.
952 3023 955 3027 ¹

249 3180 262 3203 ²
296 3179 384 3232 Gae]
416 3187 425 3202 ⁸
441 3180 561 3229 Yea,’
590 3194 635 3220 ae
663 3180 737 3220 the
767 3180 902 3221 Saxon
931 3181 1057 3222 letter
1092 3182 1167 3235 ‘g'
1196 3182 1310 3222 often
1342 3182 1485 3223 stands
1518 3182 1580 3222 sor
1610 3195 1686 3222 our
1719 3187 1769 3234 ‘y
1787 3182 1816 3227 ’ς
1857 3193 1939 3232 e.g.

193 3236 417 3289 Ceortesig,
439 3235 664 3289 Cha-taem
691 3235 857 3288 Mage0‚
877 3236 1030 3290 Mayo5
1058 3236 1174 3290 Elge,
1197 3238 1278 3291 Ely
1293 3251 1304 3289 ;
1332 3237 1403 3279 dcc.
1463 3237 1522 3277 H.
