2216 3554
53 2472 63 2487 ¹
127 2466 188 2507 St.
201 2465 419 2515 Saviour's,
438 2467 545 2507 after
563 2481 689 2520 many
704 2468 893 2520 changes.
931 2468 973 2507 S.

1811 180 1874 229 79

121 187 243 237 CAP.
264 182 478 254 XXXIII]
750 184 918 233 Gentis
949 181 1236 245 Anylorum.

766 439 913 489 OAP.
949 438 1216 487 XXXIII.

182 595 233 637 Ut
251 596 506 648 Auyustinus
526 592 726 635 ecclesiam
745 592 980 633 Salvatoris
1000 593 1312 638 instauraverit,
1332 596 1368 632 et
1389 592 1681 633 monasterium
1701 592 1810 633 beati

393 664 512 704 Petra·
532 661 704 715 apostoli
717 662 865 714 fecerit
878 678 897 708 ;
926 666 962 703 et
981 662 1032 702 de
1046 662 1184 714 primo
1205 661 1288 712 ejus
1303 660 1446 701 abbate
1465 664 1596 702 Petro.

189 797 270 846 A'r
304 797 619 862 Augustinus,
645 797 731 847 ubi
766 797 819 845 in
854 797 989 860 regia
1025 797 1224 845 civitate
1262 797 1422 844 sedem
1458 796 1793 860 episcopalem,
1818 802 1876 846 ut

122 881 448 944 praediximus,
480 879 678 943 accepit,
702 880 1004 943 recuperavit
1040 879 1092 926 111
1121 896 1190 938 ea,
1216 879 1348 942 regio
1381 879 1533 927 fultus
1586 905 1823 948 Augustinus

122 963 428 1020 adminiculo,
467 963 715 1010 ecclesiam
763 979 909 1025 quam
955 962 1075 1009 inibi
1115 961 1315 1025 antiquo
1351 961 1532 1010 Roma·
1577 956 1835 1041 ᾖξὲῗὲῗπἘ

122 1062 297 1092 norum
342 1044 556 1092 fidelium
599 1061 742 1107 opere
788 1045 965 1093 factam
1010 1044 1156 1092 fuisse
1198 1044 1446 1097 didicerat,
1483 1048 1533 1091 et
1586 1055 1730 1117 cnurch
1745 1056 1825 1119 and

121 1143 228 1174 eam
268 1126 321 1173 in
356 1126 581 1174 nomine¹
623 1127 775 1174 sancti
812 1126 1077 1175 Salvatoris
1112 1126 1208 1174 Dei
1246 1130 1294 1174 et
1329 1126 1529 1174 Domini
1566 1104 1842 1197 ωἰξζᾶξῖἕξξῖῃ

121 1209 275 1257 nostri
299 1209 330 1256 J
334 1226 416 1257 esu
441 1208 626 1258 Christi
652 1209 873 1268 sacravit,
898 1213 1044 1272 atque
1067 1208 1249 1256 ibidem
1281 1207 1375 1256 sibi
1399 1208 1533 1255 habi-
1577 1204 1824 1248 Canterbury.

121 1292 358 1339 tationem
392 1292 579 1351 statuit,
607 1295 655 1339 et
679 1292 865 1340 cunctis
897 1291 1246 1340 successoribus
1279 1290 1393 1339 suis.
1463 1290 1600 1338 Fecit
1633 1298 1795 1339 autem
1829 1298 1878 1340 et

123 1374 498 1423 monasterium²
535 1392 633 1422 non
667 1375 810 1438 longe
844 1375 904 1422 ab
939 1374 1045 1438 ipsa
1080 1374 1277 1422 civitate
1310 1374 1372 1421 ad
1401 1374 1651 1433 orientem,
1676 1375 1731 1422 in
1767 1392 1875 1439 quo,

124 1459 225 1519 ejus
258 1457 470 1515 hortatu,
499 1456 787 1506 Aedilberct
822 1457 1070 1505 ecclesiam
1097 1456 1351 1504 beatorum
1385 1456 1711 1519 apostolorum
1746 1458 1878 1505 Petri

123 1542 173 1587 et
197 1539 337 1586 Pauli
361 1556 389 1586 a
411 1539 741 1588 fundamentis
777 1539 1064 1598 construxit,
1090 1556 1144 1587 ac
1174 1539 1380 1587 diversis
1412 1539 1551 1586 donis
1576 1539 1754 1587 ditavit
1768 1540 1800 1598 ³,
1825 1540 1878 1587 in

123 1639 218 1685 qua
253 1626 302 1670 et
335 1621 488 1684 ipsius
516 1621 800 1686 Augustini,
832 1627 880 1670 et
916 1622 1134 1669 omnium
1170 1621 1503 1685 episcoporum
1538 1621 1879 1670 Doruvernen-

124 1704 266 1763 sium,
303 1704 451 1752 simul
486 1710 535 1753 et
575 1722 744 1769 regum
788 1705 976 1754 Cantiae
1013 1704 1128 1768 poni
1167 1704 1400 1768 corpora4
1441 1708 1648 1767 possent.
1720 1705 1880 1766 Quam

122 1790 286 1834 tamen
318 1786 565 1834 ecclesiam
597 1804 694 1834 non
724 1787 861 1849 ipse⁵
885 1785 1209 1849 Augustinus,
1242 1787 1326 1834 sed
1359 1803 1602 1834 successor
1625 1789 1726 1849 ejus
1752 1787 1881 1834 Lau-

122 1868 311 1917 rentius
352 1869 664 1917 consecravit.
736 1869 928 1917 Primus
964 1875 1129 1917 autem
1165 1869 1380 1932 ejusdem
1416 1869 1696 1917 monasterii
1732 1869 1879 1917 abbas

123 1949 299 1998 Petrus
337 1951 588 2014 presbyter
628 1951 736 2011 fuit,
775 1952 858 2015 qui
893 1952 1080 2015 legatus
1116 1951 1326 2000 Galliam
1367 1951 1557 2010 missus,
1600 1951 1880 1999 demersus⁶

123 2038 197 2081 est
242 2033 296 2079 in
344 2033 456 2081 sinu
502 2034 650 2082 maris
698 2034 786 2097 qui
826 2038 1030 2082 vocatur
1067 2033 1276 2081 Amfleat
1290 2034 1322 2092 ⁷,
1372 2040 1421 2081 et
1463 2034 1523 2081 ab
1570 2032 1740 2081 incolis
1786 2033 1880 2081 loci

124 2115 326 2179 ignobili
371 2115 586 2165 traditus
629 2117 918 2179 sepulturae:
967 2117 1050 2164 sed
1099 2116 1403 2180 omnipotens
1442 2116 1576 2163 Deus
1621 2122 1678 2164 ut
1726 2116 1883 2180 qualis

124 2198 287 2247 meriti
319 2192 400 2247 vir
439 2199 591 2248 suerit
636 2200 1006 2258 demonstraret,
1047 2198 1179 2247 omni
1227 2203 1369 2246 nocte
1416 2215 1561 2262 supra
1608 2199 1883 2262 sepulcrum

124 2281 227 2344 ejus
261 2280 348 2328 lux
383 2281 585 2330 caelestis
620 2281 862 2345 apparuit,
898 2282 1047 2330 donec
1089 2280 1528 2330 animadvertentes
1563 2282 1758 2341 viciniss,
1797 2282 1882 2346 qui

179 2411 195 2436 ¹
222 2411 269 2452 in
307 2411 485 2463 nomine]
543 2413 652 2452 Now
685 2412 810 2464 again
841 2412 975 2452 called
1086 2411 1102 2435 4
1122 2412 1228 2463 poni
1239 2413 1427 2464 corpora]
1446 2411 1629 2463 Stanley‚
1642 2426 1681 2463 p.
1701 2425 1763 2464 24.
1802 2413 1884 2452 For

1031 2466 1104 2506 the
1131 2468 1312 2519 practice
1341 2467 1389 2506 of
1410 2467 1547 2506 burial
1575 2468 1736 2507 outside
1765 2468 1884 2508 cities

125 2521 277 2570 Thorn,
310 2535 350 2572 p.
391 2520 509 2572 1760,
539 2523 634 2574 only
664 2522 871 2562 mentions
902 2522 976 2562 the
1031 2521 1077 2560 in
1133 2522 1302 2561 ancient
1358 2522 1492 2572 times,
1552 2523 1603 2562 cf.
1660 2522 1882 2575 Bingham,

50 2606 57 2612 ,
126 2576 282 2628 temple
308 2576 361 2615 he
390 2576 606 2616 dedicated
630 2581 674 2616 to
696 2578 755 2617 St.
780 2577 977 2618 Pancras.

126 2630 310 2683 Stanley,
335 2644 374 2682 p.
402 2643 478 2679 20;
508 2631 646 2677 Hook,
665 2645 705 2683 p.
727 2631 791 2673 60.

182 2684 199 2707 ²
226 2686 533 2738 monasterium]
556 2686 611 2725 In
630 2687 858 2726 Dunstan’s
876 2687 976 2726 time

129 2738 404 2791 Augustinus'
425 2754 545 2780 name
563 2754 648 2780 was
667 2741 802 2780 added
821 2746 864 2780 to
883 2741 977 2781 that

128 2794 174 2834 of
198 2795 271 2834 the
300 2795 491 2846 apostles,
512 2796 592 2834 and
622 2796 696 2835 has
725 2809 817 2835 now
838 2809 978 2847 super·

128 2849 255 2889 seded
310 2850 435 2890 them.
509 2849 551 2889 S.
592 2850 775 2902 Stanley,
820 2864 860 2902 p.
898 2863 976 2902 233

132 2904 268 2951 Hook,
300 2917 340 2955 p.
362 2903 428 2944 60.
484 2905 527 2943 A
555 2904 720 2944 charter
747 2905 794 2944 of
815 2905 979 2945 AEthel-

129 2958 253 2998 berht
287 2962 331 2998 to
366 2958 449 2998 this
469 2966 717 3012 ‚monastery
745 2959 782 2999 is
820 2964 978 3010 extant,

130 3013 258 3053 dated
287 3023 373 3054 Aa).
396 3013 491 3063 605.

185 3067 201 3091 ³
228 3067 402 3119 ditavit]
423 3069 466 3107 A
485 3068 650 3107 chax-ter
668 3068 713 3108 of
727 3068 917 3108 Eadbald
935 3073 980 3110 to

132 3121 219 3162 this
250 3127 487 3174 monastery
522 3123 555 3162 is
587 3124 711 3175 given
745 3124 802 3176 by
831 3124 981 3173 Smith,

1033 2586 1167 2617 xxm.
1189 2576 1218 2617 i.
1243 2589 1278 2625 2,
1303 2575 1341 2618 6.

1087 2632 1102 2655 ⁵
1127 2645 1211 2671 non
1230 2632 1334 2684 ipse]
1357 2632 1541 2682 Stanley,
1562 2646 1602 2684 p.
1627 2630 1691 2672 26.

1087 2684 1103 2708 ⁶
1131 2687 1350 2739 demersus]
1374 2698 1463 2726 A.D.
1485 2686 1579 2738 607,
1600 2687 1755 2727 Thorn.
1813 2687 1884 2727 He

1033 2754 1118 2781 was
1137 2742 1482 2781 commemorated
1496 2755 1550 2781 on
1569 2742 1763 2782 different
1783 2743 1884 2795 days

1031 2796 1076 2835 in
1095 2795 1289 2835 different
1308 2810 1417 2850 ages.

1085 2849 1102 2872 ⁷
1128 2850 1320 2902 Amfleatl
1390 2851 1679 2900 Ambleteuse,
1719 2855 1764 2891 to
1810 2851 1883 2889 the

1033 2905 1157 2945 north
1176 2906 1223 2945 of
1236 2907 1461 2959 Boulogne.

1087 2960 1102 2982 ⁸
1130 2960 1280 3013 vicini]
1320 2961 1560 3001 Fumertius
1587 2961 1623 3000 is
1650 2959 1799 2999 named
1828 2959 1885 3011 by

1035 3014 1278 3056 Malebranc
1311 3030 1357 3056 as
1386 3017 1459 3056 the
1486 3016 1734 3055 benefactor.
1792 3013 1883 3052 The

1033 3071 1212 3110 remains
1231 3071 1276 3110 of
1286 3072 1438 3111 Petrus
1453 3084 1556 3109 were
1571 3067 1824 3109 transferred
1839 3072 1885 3107 to

1036 3124 1107 3164 the
1145 3126 1358 3166 canonical
1391 3125 1545 3164 church
1577 3128 1622 3163 at
1654 3123 1885 3175 Boulogne.

133 3177 246 3228 App.
294 3178 348 3225 ix,
397 3177 475 3216 but
520 3178 577 3217 its
621 3178 899 3231 genuineness
945 3179 982 3220 is
1037 3179 1175 3220 where
1194 3181 1290 3235 they
1311 3181 1398 3221 still
1416 3180 1485 3220 lie.
1545 3179 1588 3218 S.

136 3232 320 3286 strongly
340 3232 570 3286 suspected.
