2216 3554
304 146 400 191 412
877 142 1103 208 Epistola
1136 143 1389 211 Bonifacii
1423 145 1495 192 ad

302 292 400 322 non
437 274 568 338 quod
603 274 803 322 humani
839 292 1004 324 sensus
1039 275 1326 335 invenerint,
1355 282 1366 303 ‘
1383 275 1721 324 Annunciabis
1748 276 1837 335 iis:
1874 275 2049 340 inquit,

305 360 317 382 ‘
335 374 394 405 ex
429 357 534 415 me,’
558 374 655 404 non
691 373 751 405 ex
784 362 865 406 te:
909 375 1016 407 mea
1046 359 1193 407 verba
1223 359 1449 422 loqueris,
1474 375 1571 406 non
1607 362 1681 406 est
1716 359 1846 422 quod
1880 376 1941 406 ex
1974 358 2052 407 his

301 446 535 503 tanquam
576 439 634 486 de
675 439 774 487 tuis
813 439 1007 488 infleris.
1088 441 1191 488 ‘Ex
1233 441 1338 500 me‚'
1381 441 1556 504 inquit,
1601 441 1688 489 ‘iis
1724 440 2051 488 annunciabis.

304 521 358 570 Si
395 539 471 569 me
506 521 695 570 dicente
726 521 892 586 impio,
919 522 1076 586 Impie
1107 527 1260 571 morte
1289 523 1522 583 morieris,
1546 540 1643 571 non
1674 523 1823 571 fueris
1850 523 2051 580 locutus,

302 607 359 651 ut
384 621 433 652 se
459 604 698 653 custodiat
733 605 912 670 impius
946 605 998 652 in
1022 606 1103 654 via
1134 622 1221 653 sua
1252 606 1355 670 ipse
1390 606 1583 670 impius,
1609 606 1661 653 in
1690 605 1944 669 iniquitate
1968 621 2054 653 sua

305 686 572 735 morietur:
610 687 892 750 sanguinem
920 705 1034 735 vero
1059 690 1161 750 ejus
1190 689 1250 736 de
1282 705 1429 736 manu
1457 693 1544 736 tua
1575 686 1844 751 requiram.'
1914 686 1990 734 Ac
2013 685 2055 734 si

303 772 472 832 aperte
507 767 668 818 dicat:
719 769 773 818 Si
808 770 852 817 ei
887 775 1079 833 peccata
1115 787 1203 819 sua
1237 787 1334 818 non
1368 770 1747 829 annunciaveris,
1784 776 1833 818 et
1868 769 1908 817 si
1945 784 2055 816 eum

304 867 404 898 non
440 852 670 915 argueris,
707 857 763 899 ut
798 855 1111 901 convertatur
1146 856 1196 900 et
1229 852 1377 913 vivat,
1408 857 1458 900 et
1491 859 1555 911 te,
1593 852 1680 915 qui
1714 869 1826 899 eum
1855 868 1955 899 non
1983 850 2056 897 in-

306 934 527 996 crepasti,
566 939 615 982 et
651 951 772 994 eum,
811 935 895 998 qui
935 939 985 983 te
1019 939 1211 988 tacente
1250 936 1482 999 peccavit,
1520 935 1726 984 flammis
1765 932 2057 998 perennibus

305 1016 510 1064 tradam.
599 1017 715 1064 Non
746 1017 896 1065 simus
924 1022 1025 1065 tam
1055 1018 1200 1077 saxei,
1226 1019 1304 1066 vel
1336 1022 1439 1066 tam
1470 1018 1613 1066 ferrei
1642 1017 1864 1081 pectoris,
1890 1019 1948 1064 ut
1970 1031 2057 1062 nos

307 1098 402 1146 ista
426 1099 574 1147 verba
594 1098 797 1147 Domini
821 1117 918 1147 non
941 1104 1170 1148 terreant.
1239 1101 1354 1150 Non
1377 1100 1529 1148 simus
1552 1104 1653 1148 tam
1677 1098 1873 1147 alienati
1896 1115 1926 1146 a
1948 1096 2058 1157 fide,

309 1187 366 1228 ut
401 1181 507 1229 istis
532 1182 690 1229 verbis
716 1182 917 1230 Domini
947 1199 1045 1230 non
1077 1182 1360 1231 credamus:
1399 1183 1482 1231 sed
1514 1182 1778 1231 excitemus
1797 1181 1859 1243 1et
1887 1179 2059 1228 exhor-

307 1267 470 1311 temur
503 1263 676 1311 fratres
710 1268 899 1311 nostros
933 1265 1218 1313 venerandis
1253 1264 1412 1313 verbis
1427 1265 1444 1291 ¹
1476 1265 1629 1313 sancti
1658 1263 1790 1312 Petri
1821 1262 2056 1326 apostoli:

308 1351 319 1371 ‘
339 1344 500 1393 Sobrii
525 1350 690 1405 estote,
715 1349 764 1394 et
787 1346 1000 1410 vigilate,
1028 1353 1076 1396 et
1100 1347 1392 1406 excitamini,
1423 1347 1538 1410 quia
1570 1345 1870 1395 adversarius
1901 1349 2061 1393 vester

308 1427 542 1487 diabolus,
569 1431 800 1492 tanquam
836 1430 909 1478 leo
945 1430 1155 1493 rugiens,
1189 1430 1360 1478 circuit
1398 1446 1620 1494 quaerens
1659 1446 1802 1492 quem
1830 1429 2056 1476 devoret:

307 1510 384 1558 cui
419 1511 630 1560 resistite
658 1512 805 1560 fortes
840 1512 894 1560 in
927 1511 1037 1573 fide,
1067 1513 1271 1562 scientes
1306 1513 1507 1562 eandem
1539 1512 1826 1576 passionem,
1865 1528 1974 1574 quae
2008 1510 2060 1557 in

306 1594 487 1642 mundo
511 1600 598 1655 est,
622 1601 796 1644 vestrae
820 1595 1115 1644 fraternitati
1139 1595 1273 1644 fieri?

378 1679 420 1725 6.
459 1677 527 1725 Et
551 1678 796 1741 episcopos
821 1678 995 1741 synodi
1027 1684 1205 1728 nostrae
1230 1678 1556 1742 subjectionis,
1580 1677 1882 1741 adjuratione
1906 1675 2060 1724 sancti

308 1760 450 1808 Pauli
501 1760 707 1824 apostoli
762 1761 1103 1810 admoneamus
1150 1761 1406 1810 Timotheo
1454 1761 1658 1809 dicentis
1676 1761 1721 1808 2:
1777 1763 1789 1786 ‘
1811 1758 2061 1807 Testificor

307 1859 468 1890 coram
486 1842 699 1891 Domino
717 1843 754 1892 J
757 1860 840 1891 esu
860 1843 1068 1903 Christo,
1086 1844 1171 1907 qui
1190 1844 1499 1907 judicaturus
1517 1846 1590 1890 est
1608 1842 1744 1891 vivos
1762 1847 1811 1890 et
1828 1845 2059 1900 mortuos,

307 1940 394 1987 per
428 1926 692 1974 adventum
726 1926 894 1989 ipsius,
932 1929 981 1974 et
1015 1943 1219 1990 regnum
1254 1926 1370 1990 ejus⁸
1440 1924 1654 1974 Praedica
1677 1924 1894 1982 verbum,
1919 1923 2059 1980 insta,

309 2012 578 2071 opportune
602 2009 897 2072 importune,
923 2025 1089 2073 argue,
1116 2009 1323 2066 obsecra,
1348 2008 1542 2071 increpa
1573 2007 1625 2055 in
1655 2006 1784 2054 omni
1809 2005 2060 2069 patientia,

309 2096 358 2138 et
390 2090 639 2138 doctrina.'
710 2091 801 2139 Est
842 2091 969 2139 enim
1003 2091 1107 2154 jam
1142 2091 1429 2155 praedictum
1465 2092 1525 2138 ab
1561 2089 1790 2153 apostolis
1825 2092 1837 2114 ‘
1855 2093 2059 2151 tempus,

309 2190 420 2220 cum
468 2190 631 2222 sanam
678 2173 948 2222 doctrinam
994 2191 1091 2222 non
1137 2174 1407 2222 sustinent:
1458 2173 1542 2221 sed
1591 2172 1653 2220 ad
1699 2188 1785 2220 sua
1826 2170 2064 2219 desideria

309 2261 589 2304 coacervant
640 2257 733 2304 sibi
785 2256 1066 2321 magistros,'
1115 2263 1197 2306 διο.
1290 2256 1590 2306 ‘Clamemus
1641 2255 1693 2302 in
1748 2252 2061 2314 fortitudine‚’

251 2362 253 2367 ¹
304 2340 446 2401 juxta
482 2338 667 2387 dictum
703 2340 949 2403 prophetae
965 2340 1013 2388 ⁸:
1068 2344 1080 2365 ‘
1097 2340 1212 2404 quia
1247 2339 1595 2387 annunciamus
1629 2353 1797 2402 pacem
1834 2336 1886 2384 in
1920 2336 2063 2386 terris

309 2421 589 2469 hominibus
612 2423 752 2486 bonae
776 2421 1071 2471 voluntatis.'
1139 2423 1230 2471 Ille
1253 2439 1461 2486 namque
1484 2422 1534 2468 in
1558 2419 1848 2469 fortitudine
1871 2419 2061 2478 clamat,

311 2520 452 2567 quem
478 2521 564 2552 nec
588 2509 760 2564 metus,
781 2522 868 2554 nec
892 2505 1182 2554 verecundia
1204 2505 1464 2569 praedicare
1482 2505 1686 2553 verbum
1703 2503 1820 2552 vitae
1843 2501 2061 2566 impedit.

311 2587 687 2647 Contendamus,
714 2588 978 2637 auxiliante
1011 2588 1233 2649 Domino,
1260 2597 1318 2637 ut
1340 2605 1436 2636 non
1461 2587 1611 2636 simus
1634 2587 1764 2635 inter
1787 2586 1894 2633 illos
1918 2585 2064 2633 falsos

310 2676 528 2734 pastores
570 2669 746 2728 Qvium,
787 2687 905 2733 quos
953 2670 1191 2734 propheta
1238 2675 1430 2719 accusat
1476 2669 1702 2717 dicens4:
1754 2672 1765 2693 ‘
1781 2669 1906 2717 Haec
1945 2666 2065 2715 dicit

312 2752 553 2801 Dominus
578 2752 711 2800 Deus
734 2769 744 2800 :
779 2753 871 2803 Vae
894 2753 1170 2816 pastoribus
1193 2754 1358 2813 Israel,
1377 2753 1462 2817 qui
1484 2752 1745 2816 pascebant
1767 2750 2061 2814 semetipsos.

312 2835 488 2883 Nonne
534 2851 702 2898 greges
748 2840 1015 2897 pascuntur
1056 2854 1085 2885 a
1124 2837 1434 2901 pastoribus?
1505 2835 1605 2884 Lac
1645 2833 1978 2892 comedebatis,
2016 2837 2066 2882 et

312 2917 437 2966 lanis
477 2917 852 2981 operiebamini:
909 2919 1039 2982 quod
1082 2936 1294 2968 crassum
1336 2922 1454 2978 erat,
1498 2917 1816 2967 occidebatis:
1869 2932 2064 2980 gregem

314 3005 478 3049 autem
518 3017 679 3048 meum
719 3017 817 3049 non
856 3001 1154 3064 pascebatis:
1203 3003 1333 3066 quod
1369 3001 1620 3049 infirmum
1656 3001 1764 3061 fuit,
1812 3017 1912 3048 non
1952 3016 2063 3048 con-

372 3114 387 3136 ¹
412 3116 557 3167 verbis]
590 3128 609 3155 1
632 3117 726 3157 Pet.
745 3130 786 3157 v,
807 3118 845 3164 8,
866 3129 905 3170 9.
1219 3117 1362 3159 Isaiah
1380 3117 1487 3158 lviii.
1508 3130 1526 3157 1
1546 3131 1556 3167 ;
1586 3117 1706 3156 Luke
1726 3117 1769 3159 ii.
1794 3127 1857 3169 14.

370 3168 387 3191 ²
414 3171 602 3224 dicentis]
637 3183 657 3211 2
679 3172 786 3213 Tim.
804 3172 861 3212 iv.
885 3183 919 3219 1,
941 3184 980 3212 2.
1272 3173 1288 3196 4
1315 3172 1471 3225 dicens]
1502 3172 1628 3213 Ezek.
1646 3172 1787 3212 xxxiv.
1809 3180 1900 3222 2—5.

370 3225 386 3248 ³
414 3225 572 3267 dictum
584 3227 811 3280 prophetoe]
838 3227 869 3268 J
872 3227 979 3267 onah
1003 3227 1062 3268 iii.
1085 3228 1133 3268 18
1146 3242 1158 3279 3
