2216 3554
292 243 353 289 38
866 237 1093 288 Historia
1126 237 1461 287 Ecclesiastica
1838 231 1971 302 [Lm.
1996 250 2030 281 1.

288 374 574 420 vastaturos.
668 370 842 434 Neque
888 370 1136 433 aliquanto
1191 368 1387 432 segnius
1434 366 1589 414 minas
1636 364 1883 413 effectibus
1928 381 2036 429 pro-

290 459 586 517 sequuntur:
626 452 883 516 siquidem,
908 457 964 500 ut
999 451 1212 499 breviter
1241 450 1411 508 dicam,
1437 464 1661 496 accensus
1695 447 1918 494 manibus
1954 465 2038 510 pa·

289 552 523 599 ganorum
548 535 689 598 ignis,
710 535 866 598 just-as
890 534 948 581 de
973 533 1232 581 sceleribus
1265 531 1432 595 populi
1458 530 1551 578 Dei
1583 529 1794 577 ultiones
1818 529 2039 592 expetiit,

290 634 387 665 non
410 616 542 664 illius
566 617 724 679 impar
748 615 834 678 qui
864 615 1107 678 quondam
1139 632 1168 663 a
1201 613 1442 662 Chaldaeis
1479 628 1734 660 succensus
1759 610 2040 672 Hierosoly-

291 716 481 747 morum
505 698 680 746 moenia
713 698 864 745 immo
896 696 1099 746 aedificia
1129 701 1300 744 cuncta
1334 694 1648 757 consumpsit.
1721 693 1803 741 Sic
1835 692 1963 740 enim
1991 696 2042 738 et

291 781 371 829 hic
395 786 568 844 agente
599 779 750 842 impio
775 779 974 837 victore,
1000 777 1151 826 immo
1183 778 1468 840 disponente
1499 779 1630 839 justo
1664 775 1854 834 Judice,
1880 774 2041 837 proxi-

291 880 395 911 mas
436 879 650 927 quasque
685 862 905 910 civitates
941 877 1176 924 agrosque
1211 860 1522 923 depopulans,
1562 860 1623 907 ab
1661 858 1884 906 orientali
1919 857 2042 904 mari

291 962 446 1008 usque
481 945 542 993 ad
578 944 885 1002 occidentale,
922 943 1055 990 nullo
1097 942 1395 1005 prohibente,
1438 959 1580 989 suum
1621 940 1924 989 continuavit
1969 940 2044 986 in-

292 1026 530 1086 cendium,
555 1031 805 1089 totamque
841 1041 991 1088 prope
1026 1024 1196 1072 insulae
1230 1024 1476 1086 pereuntis
1510 1022 1810 1087 superficiem
1840 1023 2041 1071 obtexit.

294 1110 520 1159 Ruebant
567 1108 771 1156 aedificia
807 1106 1000 1169 publica
1046 1106 1192 1154 simul
1222 1111 1281 1153 «et
1323 1105 1528 1168 privata,
1564 1105 1744 1168 passim
1779 1104 2045 1152 sacerdotes

291 1193 421 1239 inter
468 1190 642 1239 altaria
689 1188 1076 1247 trucidabantur,
1123 1188 1351 1251 praesules
1397 1204 1509 1235 cum
1557 1187 1748 1250 populis
1796 1187 1898 1235 sine
1945 1186 2045 1234 ullo

293 1276 513 1336 respectu
560 1271 757 1320 honoris
795 1271 924 1318 ferro
969 1269 1154 1333 pariter
1188 1275 1236 1317 et
1283 1269 1492 1317 flammis
1535 1270 1926 1328 absumebantur,
1959 1285 2045 1316 nec

293 1360 398 1405 erat
444 1355 527 1418 qui
575 1353 836 1402 crudeliter
881 1353 1201 1415 interemptos
1249 1352 1511 1414 sepulturae
1557 1351 1785 1399 traderet.
1869 1349 2046 1413 Itaque

292 1437 515 1488 nonnulli
552 1436 611 1484 de
642 1435 925 1483 miserandis
950 1434 1168 1498 reliquiis
1195 1434 1246 1481 in
1279 1433 1527 1481 montibus
1562 1431 1891 1496 comprehensi
1919 1448 2048 1480 acer-

292 1520 447 1568 vatim
489 1519 868 1582 jugulabantur:
930 1517 1014 1566 alii
1060 1517 1188 1565 fame
1246 1515 1452 1564 confecti
1509 1515 1820 1579 procedentes
1877 1531 2048 1562 manus

293 1602 514 1650 hostibus
539 1601 734 1661 dabant,
759 1617 847 1664 pro
872 1599 1161 1663 accipiendis
1191 1598 1534 1647 alimentorum
1558 1597 1787 1646 subsidiis
1811 1602 2048 1645 aeternum

293 1684 504 1733 subituri
541 1683 811 1742 servitium,
848 1683 890 1731 si
925 1688 1088 1730 tamen
1123 1698 1221 1729 non
1258 1681 1487 1729 continuo
1522 1680 1914 1728 trucidarentur:
1964 1679 2048 1727 alii

294 1765 641 1815 transmarinas
688 1765 908 1827 regiones
961 1764 1179 1812 dolentes
1226 1763 1489 1826 petebant:
1550 1762 1633 1809 alii
1679 1766 1951 1825 perstantes
1996 1761 2049 1808 in

294 1848 455 1913 patria
489 1846 669 1910 trepidi
703 1862 961 1909 pauperem
985 1845 1143 1893 vitam⁴
1175 1845 1227 1892 in
1262 1845 1523 1905 montibus,
1557 1844 1709 1903 silvis,
1734 1844 1810 1892 vel
1846 1843 2049 1907 rupibus

295 1929 458 1980 arduis
484 1932 707 1992 suspecta
733 1944 922 1991 semper
945 1934 1106 1976 mente
1130 1928 1350 1991 agebant.

1001 2085 1145 2135 CAP.
1181 2086 1343 2134 XVI.l

299 2197 351 2238 Ut
366 2198 576 2238 Brettones
591 2196 778 2249 primam
807 2197 856 2237 de
881 2202 997 2248 yeme
1015 2197 1246 2248 Anylorum
1271 2196 1498 2248 victoriam,
1520 2198 1619 2239 duee
1640 2197 1846 2239 Ambrosio
1866 2198 2052 2238 Romano

946 2265 1120 2312 homine,
1142 2267 1399 2319 sumpserint.

369 2362 452 2412 A'r
491 2362 576 2410 ubi
617 2361 808 2410 hostilis
850 2362 1104 2419 exercitus,
1145 2364 1478 2412 exterminatis
1521 2364 1846 2428 dispersisque
1883 2363 2052 2410 insulae

321 2463 402 2498 The
422 2462 579 2497 Britons
644 2442 899 2506 indigenis,
949 2444 1149 2492 domum
1197 2462 1416 2495 reversus
1463 2451 1550 2506 est,
1594 2450 1842 2510 coeperunt
1882 2451 1932 2494 et
1969 2437 2052 2492 'illi

328 2511 578 2596 ‘ffisssrssssi‘lig
641 2526 876 2589 paulatim
905 2526 1031 2575 vires
1059 2527 1341 2592 animosque
1370 2546 1628 2589 resumere,
1661 2534 1958 2593 emergentes
1993 2529 2052 2575 de

335 2609 572 2645 Aurelianus.
642 2606 858 2655 latibulis
883 2607 1057 2670 quibus
1080 2610 1236 2657 abditi
1259 2611 1464 2669 fuerant,
1491 2616 1540 2659 et
1562 2611 1791 2659 unanimo
1824 2626 2052 2659 consensu

301 2687 539 2736 auxilium
575 2688 763 2736 caeleste
798 2693 1047 2750 precantes
1081 2707 1143 2738 ne
1177 2707 1328 2754 usque
1363 2693 1425 2740 ad
1463 2693 1836 2741 internecionem
1879 2708 2052 2755 usque-

303 2786 493 2833 quaque
541 2770 830 2817 delerentur.
927 2770 1205 2819 Utebantur
1253 2790 1307 2821 eo
1354 2779 1572 2837 tempore
1630 2775 1751 2822 duce
1796 2773 2053 2821 Ambrosio

303 2848 599 2900 Aureliano2
625 2851 729 2899 viro
753 2853 985 2913 modesto,
1007 2854 1092 2917 qui
1111 2855 1240 2903 solus
1264 2856 1388 2904 forte
1406 2857 1634 2904 Romanae
1656 2856 1814 2921 gentis
1837 2855 2051 2920 praefatae

348 2959 375 3024 ‘¹
403 2960 504 3001 CAP.
542 2961 689 3013 XV1.]
767 2961 1012 3002 Condensed
1049 2963 1154 3003 from
1208 2978 1280 3004 son
1333 2978 1379 3004 or
1425 2966 1633 3018 grandson
1686 2966 1734 3005 of
1784 2965 2054 3005 Constantine

306 3015 419 3056 Gild.
440 3029 536 3064 xxv,
558 3016 669 3055 xxvi.
1209 3019 1281 3058 the
1311 3019 1392 3059 last
1428 3025 1582 3073 tyrant,
1621 3021 1704 3060 and
1742 3034 1835 3072 says
1871 3020 1965 3059 that
2001 3020 2054 3058 he

361 3069 377 3092 ²
405 3070 619 3110 Ambrosio
652 3070 903 3122 Aureliano]
961 3072 1031 3111 He
1067 3086 1152 3112 was
1207 3078 1318 3113 must
1346 3075 1452 3114 have
1479 3075 1616 3114 aimed
1638 3079 1683 3114 at
1710 3074 1952 3125 continuing
1979 3073 2054 3113 the

307 3125 381 3164 the
402 3138 474 3164 son
496 3125 542 3163 of
555 3138 666 3164 some
684 3126 845 3165 Roman
863 3126 907 3164 in
927 3128 1150 3179 authority,
1207 3130 1437 3168 succession
1455 3129 1502 3168 of
1512 3130 1584 3169 the
1600 3130 1788 3169 Western
1809 3129 1990 3180 Empire,
2012 3142 2053 3180 p.

308 3180 451 3218 Nenn.
481 3180 544 3219 M.
564 3179 622 3220 H.
645 3180 692 3219 B.
723 3194 762 3232 p.
784 3179 850 3229 68,
873 3181 978 3229 who,
1008 3181 1153 3220 Gildas
1210 3191 1301 3234 397.
1349 3184 1419 3223 He
1434 3198 1518 3223 was
1531 3185 1768 3237 opposedto
1787 3183 2051 3235 Gwrtheyrn,

311 3247 417 3285 says,
439 3248 523 3274 was
554 3235 660 3274 slain
687 3236 732 3274 in
759 3235 830 3274 the
859 3236 1017 3287 purple,
1045 3249 1153 3282 xxv3
1209 3238 1291 3276 and
1311 3251 1396 3277 was
1422 3252 1500 3278 one
1526 3240 1574 3278 of
1592 3239 1664 3278 the
1687 3238 1866 3277 enemies
1891 3238 2055 3289 against

310 3288 479 3329 whence
517 3289 720 3342 Palgrave
763 3290 906 3330 makes
953 3290 1039 3330 him
1084 3291 1156 3331 the
1209 3292 1345 3332 whom
1373 3292 1427 3333 he
1454 3294 1574 3334 made
1604 3294 1676 3333 the
1704 3293 1842 3334 Saxon
1866 3292 2054 3343 alliance,
