2216 3554
324 171 418 226 198
896 173 1129 224 Historia
1166 166 1503 222 Ecclesia-stica
1846 171 1981 243 [ΕΓΒ.
1996 175 2072 220 111.

268 331 270 334 ·
318 307 434 356 fecit
469 305 780 366 mentionem,
806 322 963 370 neque
1001 309 1170 355 auctor
1200 323 1257 355 ac
1288 305 1430 354 dator
1460 305 1717 369 Evangelii
1751 305 1991 354 Dominus
2021 304 2077 351 in

321 406 389 449 ea,
423 390 507 438 sed
540 390 591 436 in
629 394 802 453 quarta
830 389 1016 437 decima
1043 389 1120 437 vel
1153 393 1295 437 vetus
1326 388 1504 452 pascha
1536 388 1847 436 manducavit
1880 388 1942 436 ad
1972 404 2077 435 ves-

320 489 500 536 peram,
543 472 621 520 vel
662 471 778 520 novi
814 472 1095 519 testamenti
1136 477 1435 520 sacramenta
1476 470 1529 518 in
1570 470 2079 518 commemorationem

322 571 423 603 suae
456 554 694 619 passionis
731 554 940 603 ecclesiae
976 554 1262 602 celebranda
1292 553 1513 602 tradidit.
1585 553 1730 611 Item,
1756 553 1923 601 lunam
1950 552 2078 601 vice-

322 636 495 685 simam
526 637 751 700 primam,
776 653 923 699 quam
961 637 1063 684 Lex
1095 637 1307 684 maxime
1339 635 1673 685 celebrandam
1705 635 2077 694 commendavit,

322 738 351 770 a
391 720 714 769 celebratione
760 720 911 768 vestri
958 720 1146 783 paschae
1193 720 1418 768 funditus
1460 718 1755 767 eliminatis:
1804 719 1980 783 sicque,
2022 724 2080 766 ut

322 802 441 861 dixi,
466 803 518 850 in
555 802 874 850 celebratione
909 818 1112 851 summae
1140 802 1437 861 festivitatis,
1467 818 1624 865 neque
1659 801 1692 848 J
1697 801 1891 861 ohanni,
1927 817 2081 864 neque

323 884 485 942 Petro,
512 901 665 949 neque
689 885 1008 948 Legi,*neque
1031 885 1296 948 Evangelio
1321 882 1654 933 concordatis.’

395 967 489 1015 His
514 972 682 1015 contra
703 967 989 1016 Colmanus:
1030 971 1042 993 ‘
1059 967 1110 1015 N
1111 967 1346 1031 nmquid,'
1366 968 1451 1026 ait,
1474 966 1759 1015 ‘Anatolius
1775 966 1852 1014 vir
1870 970 2082 1027 sanctus,

324 1055 373 1098 et
409 1049 462 1097 in
497 1050 700 1114 praefata
733 1049 937 1098 historia
973 1049 1294 1098 ecclesiastica
1330 1050 1539 1098 multum
1573 1050 1812 1109 laudatus,
1852 1049 1970 1113 Legi
2005 1050 2082 1098 vel

325 1133 598 1195 Evangelio
625 1133 872 1181 contraria
899 1132 1077 1197 sapuit,
1098 1133 1183 1197 qui
1207 1151 1235 1181 a
1259 1136 1431 1197 quarta
1454 1132 1641 1180 decima
1664 1150 1814 1197 usque
1839 1132 1900 1180 ad
1917 1132 2084 1181 vicesi-

326 1233 455 1263 mam
492 1215 671 1279 pascha
703 1216 1043 1263 celebrandum
1075 1215 1303 1279 scripsit?
1351 1215 1607 1280 Numquid
1638 1216 2085 1265 reverentissimum

323 1303 515 1361 patrem
546 1302 770 1346 nostrum
805 1298 1108 1358 Columbam‚
1147 1304 1196 1347 et
1232 1315 1529 1347 successores
1565 1300 1669 1361 ejus
1703 1299 1836 1347 viros
1873 1299 1977 1347 Deo
2013 1298 2084 1347 di-

325 1382 488 1440 lectos,
511 1381 597 1444 qui
622 1380 790 1429 eodem
809 1381 954 1430 modo
971 1381 1149 1445 pascha
1172 1381 1408 1440 facerunt,
1427 1380 1610 1429 divinis
1627 1381 1818 1444 paginis
1843 1382 2088 1430 contraria

327 1464 558 1527 sapuisse,
597 1463 675 1512 vel
717 1463 872 1527 egisse
913 1463 1207 1512 credendum
1248 1464 1353 1511 est?
1407 1463 1532 1512 Cum
1575 1463 1775 1526 plurimi
1816 1464 1998 1513 fuerint
2034 1464 2087 1512 in

327 1547 410 1606 eis,
436 1562 647 1610 quorum
679 1545 929 1594 sanctitati
961 1546 1171 1595 caelestia
1204 1546 1356 1608 signa,
1382 1551 1431 1594 et
1455 1545 1696 1594 virtutum
1729 1563 1838 1609 quae
1869 1547 2088 1596 fecerunt

330 1629 579 1688 miracula,
604 1628 941 1676 testimonium
973 1629 1318 1693 praebuerunt:
1357 1646 1478 1693 quos
1502 1629 1604 1694 ipse
1639 1635 1829 1678 sanctos
1863 1645 1964 1678 esse
1988 1646 2087 1677 non

327 1711 568 1771 dubitanS,
605 1727 795 1775 semper
826 1728 993 1760 eorum
1017 1711 1185 1772 vitam,
1211 1728 1369 1760 mores
1404 1716 1453 1760 et
1483 1712 1788 1776 disciplinam
1821 1711 1958 1775 sequi
1991 1728 2088 1760 non

328 1792 537 1843 desisto.'
847 1780 849 1782 Ι

396 1875 468 1924 At
500 1876 771 1926 Vilfridus:
822 1875 1088 1936 ‘Constat,’
1126 1876 1301 1942 inquit,
1342 1875 1654 1926 ‘Anatolium
1690 1877 1854 1926 virum
1890 1875 2087 1925 sanctis-

329 1960 522 2018 simum,
549 1959 899 2019 doctissimum,
926 1978 982 2009 ac
1005 1961 1148 2009 laude
1173 1978 1275 2009 esse
1300 1961 1640 2024 dignissimum
1659 1978 1671 2021 3
1709 1961 1792 2009 sed
1812 1961 1930 2024 quid
1948 1958 2089 2008 vobis

330 2042 571 2104 oumpillo,
609 2059 720 2090 cum
756 2059 843 2091 nec
879 2045 981 2106 ejus
1016 2044 1209 2092 decreta
1245 2044 1479 2092 servetis‘l
1532 2044 1626 2092 Ille
1661 2044 1790 2092 enim
1826 2044 1878 2090 in
1912 2042 2090 2106 pascha

330 2138 418 2173 suo
446 2125 664 2188 regulam
688 2126 860 2189 utique
883 2127 1105 2175 veritatis
1137 2143 1356 2191 sequens,
1382 2126 1615 2174 circulum
1652 2127 1816 2174 decem
1841 2130 1891 2174 et
1914 2141 2089 2173 novem

331 2225 570 2256 annorum
604 2209 782 2272 posuit,
808 2226 950 2272 quem
975 2227 1061 2258 vos
1094 2215 1181 2258 aut
1213 2208 1460 2273 ignoratis,
1486 2213 1573 2258 aut
1605 2209 1828 2273 agnitum
1860 2211 1909 2257 et
1932 2225 1960 2256 a
1984 2212 2090 2257 tota

333 2290 520 2339 Christi
553 2291 750 2339 ecclesia
782 2292 1091 2352 custoditum,
1116 2309 1203 2356 pro
1236 2292 1387 2339 nihilo
1425 2291 1744 2340 contemnitis.
1821 2290 1912 2338 Ille
1945 2290 2090 2339 sicin

331 2374 510 2437 pascha
534 2373 791 2422 Dominico
825 2380 1047 2438 quartam
1081 2375 1316 2423 decimam
1348 2376 1515 2423 lunam
1546 2373 1860 2438 computavit,
1885 2378 1941 2423 ut
1966 2373 2090 2422 hanc

332 2457 498 2504 eadem
531 2456 636 2520 ipsa
661 2457 740 2505 die
775 2474 907 2505 more
931 2457 1283 2522 AEgyptiorum
1317 2458 1537 2522 quintam
1570 2457 1806 2506 decimam
1837 2457 2003 2504 lunam
2027 2455 2091 2505 ad

333 2556 583 2602 vesperam
630 2555 732 2587 esse
779 2540 1029 2589 fateretur.
1103 2541 1183 2589 Sic
1229 2541 1348 2589 item
1389 2539 1668 2589 vicesimam
1707 2540 1788 2588 die
1835 2539 2090 2588 Dominico

332 2622 523 2685 paschae
560 2623 826 2683 adnotavit,
851 2629 909 2672 ut
939 2625 1063 2673 hanc
1095 2624 1334 2673 declinata
1370 2624 1535 2672 eadem
1568 2623 1647 2672 die
1679 2639 1781 2671 esse
1813 2623 2089 2671 vicesimam

333 2704 541 2768 primam
583 2706 812 2754 crederet.
886 2707 1036 2770 Cujus
1083 2707 1301 2771 regulam
1344 2705 1670 2755 distinctionis
1716 2722 1801 2754 vos
1846 2705 2091 2768 ignorasse

334 2787 523 2850 probat,
549 2788 679 2850 quod
703 2788 959 2851 aliquoties
991 2790 1167 2853 pascha
1190 2789 1581 2838 manifestissime
1606 2794 1719 2836 ante
1750 2788 2090 2851 plenilunium,

336 2869 387 2917 id
426 2876 513 2930 est,
551 2869 604 2917 in
637 2871 785 2920 tertia
821 2872 1006 2920 decima
1041 2873 1157 2921 luna
1192 2872 1367 2921 facitis.
1441 2872 1517 2920 De
1552 2875 1691 2935 patre
1731 2875 1894 2919 autem
1929 2878 2090 2920 vestro

337 2952 575 3001 Columba
608 2956 658 3001 et
692 2954 976 3016 sequacibus
1018 2956 1136 3019 ejus,
1173 2972 1382 3019 quorum
1421 2955 1727 3002 sanctitatem
1764 2971 1848 3002 vos
1889 2953 2090 3012 imitari,

338 3041 387 3084 et
412 3035 631 3099 regulam
655 3052 710 3084 ac
741 3040 982 3099 praecepta
1011 3038 1283 3086 caelestibus
1315 3035 1468 3101 signis
1500 3035 1782 3084 confirmata
1818 3035 1952 3098 sequi
1983 3053 2090 3099 per-

339 3119 532 3178 hibetis,
569 3135 760 3182 possem
795 3119 1111 3182 respondere3
1161 3121 1276 3184 quia
1310 3120 1480 3167 multis
1514 3120 1565 3167 in
1595 3118 1778 3182 judicio
1819 3118 2090 3168 dicentibus

339 3201 567 3260 Domino,
594 3201 724 3265 quod
747 3201 799 3248 in
824 3201 1016 3249 nomine
1040 3201 1142 3264 ejus
1166 3202 1579 3266 prophetaverint,
1606 3207 1655 3250 et
1686 3200 1923 3250 daemonia
1946 3201 2091 3263 ejece-

339 3284 456 3344 rint,
481 3289 530 3332 et
553 3284 761 3332 virtutes
794 3283 974 3332 multas
998 3283 1202 3333 fecerint
1218 3302 1232 3344 3
1270 3279 1605 3348 responsurus
1623 3283 1688 3332 sit
1711 3283 1952 3333 Dominus
1976 3283 2092 3348 quia

2175 3240 2183 3247 ⁸
2176 3184 2177 3192 ⁴
2178 3013 2197 3118 ‘ef-aaa.
2179 2913 2187 2941 ‘>
