2216 3554
330 166 425 211 182
726 207 730 214 ,
905 158 1131 207 Historia
1165 156 1508 205 Ecclesiastica
1837 153 1970 223 [Lm.
1997 169 2074 204 111.

327 294 425 355 Qui
461 310 570 342 cum
605 309 758 357 pauco
795 292 884 340 sub
918 295 1135 355 tempore
1167 307 1265 338 non
1295 305 1500 353 paucam
1534 287 1746 336 Domino
1777 287 1966 351 plebem
1994 286 2076 334 ad-

327 377 568 440 quisisset,
602 376 858 424 defunctus
893 377 966 422 est
1000 374 1130 437 apud
1166 373 1544 421 Mediterraneos
1576 370 1778 434 Anglos‚
1804 371 1857 418 in
1885 369 2078 432 regione

362 486 567 521 succeeded
581 486 634 528 by
669 475 777 521 quae
812 463 1012 506 vocatur
1042 454 1453 519 Infeppingum¹:
1492 453 1703 516 suscepit
1734 470 1822 516 pro
1859 452 1944 500 illo
1980 451 2077 514 epi-

401 534 595 576 Oeonacm
670 543 920 603 scopatum
938 539 1174 596 Ceollach‚
1191 543 1239 585 et
1262 537 1366 599 ipse
1385 536 1444 584 de
1463 534 1659 582 natione
1684 534 1976 593 Scottorum,
1994 534 2079 596 qui

328 640 427 671 non
451 623 605 671 multo
628 627 753 687 post,
778 622 946 670 relicto
972 621 1266 684 episcopatu,
1291 634 1509 686 reversus
1543 624 1616 665 est
1651 618 1712 664 ad
1743 617 1950 665 insulam
1972 616 2079 673 Hii,

328 705 413 752 ubi
450 705 770 769 plurimorum
805 708 951 768 caput
987 710 1035 752 et
1077 720 1235 751 arcem
1277 701 1433 752 Scotti
1476 701 1684 748 habuere
1724 699 2080 748 coenobiorum:

401 823 478 858 and
493 823 542 858 he
555 823 607 866 by
670 788 951 837 succedente
985 786 1059 833 illi
1093 786 1145 833 in
1185 785 1510 848 episcopatum
1542 782 1796 831 Trumheri
1830 782 1936 830 viro
1971 781 2082 829 reli-

393 873 611 909 Trumhere.
671 871 823 933 gioso,
861 876 909 917 et
944 868 1222 916 monachica
1254 867 1359 915 vita
1390 866 1634 924 instituto,
1659 864 1855 912 natione
1887 863 2081 927 quidem

329 951 507 1015 Anglo‚
532 953 615 1000 sed
639 970 668 1000 a
692 951 870 1001 Scottis
905 950 1129 999 ordinato
1163 950 1386 1013 episcopo
1402 966 1414 1009 ;
1452 948 1583 1012 quod
1614 946 1916 1010 temporibus
1943 946 2082 994 Vuls-

330 1035 436 1083 heri
461 1035 588 1098 regis
613 1035 673 1083 de
697 1051 791 1098 quo
814 1034 867 1080 in
893 1032 1238 1096 sequentibus2
1262 1031 1489 1090 dicemus,
1515 1031 1694 1078 factum
1718 1034 1808 1078 est.

1029 1234 1171 1284 OAP.
1218 1235 1387 1283 XXII.

378 1361 427 1402 Ut
451 1360 678 1401 orientales
696 1360 879 1402 Saxones
890 1360 1018 1412 fidem
1038 1373 1163 1412 quam
1182 1360 1343 1400 dudum
1362 1358 1604 1410 abjecerant,
1623 1358 1696 1398 sub
1716 1371 1805 1410 reye
1823 1357 2045 1410 Siybercto‚

877 1431 1136 1482 praedicante
1158 1429 1296 1470 Oeddo
1314 1429 1547 1480 receperint.

399 1543 477 1591 Eo
495 1547 712 1608 tempore
731 1543 877 1591 etiam
899 1542 1169 1592 Orientales
1190 1542 1403 1590 Saxones
1417 1541 1563 1589 fidem
1583 1558 1731 1605 quam
1750 1540 1864 1589 olim
1885 1541 2086 1603 expulso

412 1647 492 1683 The
508 1647 602 1682 East
682 1626 872 1674 Mellito
901 1625 1118 1673 antistite
1153 1625 1426 1688 abjecerant
1438 1624 1469 1683 ³,
1505 1624 1737 1673 instantia
1771 1624 1898 1687 regis
1931 1623 2086 1672 Osuiu

395 1695 608 1781 ἳῖξζὲξὲἔ
671 1714 970 1771 receperunt.
1058 1707 1181 1754 Erat
1221 1706 1350 1755 enim
1387 1723 1475 1753 rex
1518 1706 1732 1768 ejusdem
1774 1705 1933 1768 gentis
1980 1706 2086 1769 Sig-

334 1790 811 1839 [A.n.6532F10r-]‚berct
825 1791 856 1849 4,
899 1790 984 1854 qui
1024 1794 1133 1853 post
1181 1789 1487 1852 Sigberctum
1523 1792 1839 1852 cognomento
1876 1789 2085 1836 Parvum

329 1871 570 1934 regnavit,
607 1872 790 1920 amicus
825 1872 1039 1935 ejusdem
1077 1871 1228 1919 Osuiu
1264 1871 1405 1934 regis,
1443 1870 1526 1934 qui
1565 1887 1677 1918 cum
1712 1870 1990 1933 frequenter
2023 1871 2086 1917 ad

331 1968 441 1999 eum
464 1952 517 1999 in
539 1953 840 2015 provinciam
865 1953 1384 2016 Nordanhymbrorum
1408 1952 1613 2006 veniret,
1633 1951 1818 2000 solebat
1843 1968 1952 1999 eum
1977 1951 2086 1999 hor-

329 2034 425 2081 tari
450 2034 512 2081 ad
535 2033 903 2099 intelligendum
928 2035 1041 2083 deos
1065 2052 1166 2083 esse
1190 2053 1287 2083 non
1311 2052 1450 2098 posse
1475 2035 1560 2099 qui
1583 2033 1837 2082 hominum
1862 2034 2085 2081 manibus

332 2117 447 2165 facti
472 2123 659 2178 essent;
697 2118 774 2166 dei
800 2118 995 2166 creandi
1025 2118 1277 2166 materiam
1301 2118 1486 2181 lignum
1513 2117 1589 2165 vel
1622 2117 1831 2180 lapidem
1856 2133 1958 2164 esse
1991 2133 2086 2162 non

333 2216 484 2263 posse,
534 2217 741 2264 quorum
787 2201 1009 2249 recisurae
1049 2202 1127 2249 vel
1174 2201 1275 2264 igni
1323 2201 1702 2258 absumerentur,
1751 2199 1830 2247 vel
1876 2198 1928 2246 in
1974 2215 2088 2246 vasa

333 2282 564 2345 quaelibet
598 2283 797 2331 humani
832 2301 948 2332 usus
983 2285 1324 2343 formarentur,
1357 2283 1436 2332 vel
1472 2288 1601 2331 certe
1636 2282 1883 2345 despectui
1921 2281 2088 2330 habita

332 2366 461 2412 foras
486 2365 850 2429 projicerentur,
878 2371 927 2414 et
950 2366 1155 2429 pedibus
1179 2367 1457 2414 conculcata
1485 2366 1536 2412 in
1559 2370 1741 2412 terram
1764 2368 2085 2420 verterentur.

334 2447 491 2495 Deum
527 2448 691 2510 potius
726 2448 1098 2511 intelligendum
1132 2450 1382 2510 majestate
1417 2447 1965 2510 incomprehensibilem,
1999 2446 2086 2493 hu-

333 2530 489 2577 manis
521 2530 671 2578 oculis
703 2530 1011 2589 invisibilem,
1037 2530 1431 2595 omnipotentem,
1458 2537 1708 2589 aeternum,
1736 2529 1820 2592 qui
1844 2530 2012 2577 caelum
2039 2536 2087 2577 et

333 2617 513 2659 terram
538 2617 586 2659 et
619 2612 885 2660 humanum
909 2629 1060 2675 genus
1085 2617 1302 2672 creasset,
1327 2617 1528 2676 regeret,
1555 2616 1605 2659 et
1632 2611 1937 2675 judicaturus
1963 2619 2086 2659 esset

334 2694 500 2741 orbem
534 2694 585 2740 in
620 2694 883 2756 aequitate,
928 2696 1062 2757 cujus
1097 2695 1230 2743 sedes
1264 2700 1446 2744 aeterna
1480 2711 1578 2743 non
1612 2694 1666 2741 in
1701 2694 1790 2742 vili
1826 2699 1876 2742 et
1910 2694 2087 2742 caduco

386 2837 401 2860 ¹
421 2836 737 2889 Infeppinqum]
748 2838 1047 2880 Unidentified.
1068 2840 1180 2892 Hep·
1235 2840 1406 2891 cording
1419 2843 1464 2878 to
1481 2839 1692 2886 Flore-noe,
1705 2839 1939 2892 Sigeberht‚
1955 2839 2089 2879 called

334 2893 532 2945 pingham
578 2892 654 2931 has
700 2892 800 2931 been
856 2895 1088 2945 suggested,
1136 2908 1182 2934 or
1237 2895 1412 2941 Parvus,
1432 2908 1516 2933 was
1545 2895 1616 2934 the
1642 2908 1715 2933 son
1736 2895 1781 2934 of
1796 2895 1989 2940 Saeward,
2010 2908 2087 2933 one

342 2948 503 2999 Repton
531 2947 575 2986 in
603 2946 868 2999 Derbyshire,
888 2948 965 2987 but
992 2950 1076 2988 this
1097 2963 1182 2989 was
1238 2950 1284 2988 of
1306 2949 1379 2988 the
1407 2953 1595 3001 apostate
1623 2962 1717 2988 sons
1746 2950 1793 2989 of
1815 2948 2014 2998 Saeberht,
2045 2963 2086 3000 p.

336 3002 622 3055 Hreopandun
639 3002 683 3040 iu
706 3002 842 3041 Saxon
860 3003 994 3043 times.
1245 3015 1317 3044 101
1326 3034 1335 3043 .
1374 3004 1436 3043 To
1450 3003 1537 3043 him
1550 3004 1773 3043 succeeded
1787 3004 1962 3043 another
1975 3003 2089 3054 Sige-

392 3056 408 3078 ²
435 3056 702 3109 sequentibus]
721 3055 798 3095 See
818 3070 858 3108 p.
884 3067 974 3108 191.
1239 3058 1376 3107 berht,
1405 3058 1760 3111 great-grandson,
1795 3057 2015 3109 according
2045 3062 2088 3096 to

390 3114 405 3136 ³
432 3110 679 3163 abJ‘ecerant]
699 3111 776 3150 See
793 3125 835 3163 p.
862 3122 954 3150 101.
1241 3113 1454 3162 Florence,
1471 3114 1546 3152 but
1560 3113 1700 3153 others
1719 3127 1794 3166 say
1809 3126 1894 3160 son,
1909 3112 1956 3152 of
1966 3112 2084 3159 Sexa,

390 3166 404 3190 ⁴
433 3165 636 3219 Siqberct]
679 3165 763 3205 For
799 3179 825 3205 a
862 3166 1000 3204 notice
1036 3167 1082 3206 of
1114 3167 1186 3207 the
1241 3181 1287 3207 01·
1322 3167 1515 3215 Sexbald,
1544 3181 1570 3207 a
1602 3167 1770 3208 brother
1798 3168 1846 3207 of
1869 3167 1942 3207 the
1975 3180 2088 3207 same

338 3222 441 3260 East
462 3221 632 3270 Saxons,
655 3233 724 3260 see
743 3234 783 3274 p.
804 3232 869 3274 94,
891 3225 990 3261 note
1011 3233 1047 3272 3.
1103 3224 1186 3261 Ac-
1241 3222 1440 3263 Saeberht.
