2216 3554
145 250 267 301 CAP.
291 245 409 318 vn]
533 212 536 216 *
782 244 946 298 ‘Gentis
978 247 1268 310 Anqlorum'.
1305 244 1308 246 “
1768 323 1778 333 ⁴
1831 257 1914 304 1‘9‘

145 382 446 431 orationibus
494 379 734 430 continuis
785 375 841 428 ac
887 378 1072 443 vigiliis
1119 379 1197 428 die
1243 375 1489 444 noctuque
1536 381 1732 430 studere
1779 400 1892 432 con-

144 466 365 529 spiceret,
417 463 577 513 subito
622 462 804 511 Divina
850 461 1008 524 gratia
1054 467 1300 525 respectus
1347 463 1624 526 exemplum
1670 464 1784 512 fidei
1836 482 1893 514 ac

144 547 342 612 pietatis
364 546 498 594 1111113
522 545 664 608 coepit
687 543 918 602 aemulari,
944 559 998 592 ac
1023 544 1316 593 salutaribus
1339 547 1442 607 ejus
1470 546 1893 596 exhortationibus

144 630 384 694 paulatim
408 629 622 687 edoctus,
647 626 831 675 relictis
862 626 1101 675 idolatriae
1130 626 1341 676 tenebris
1373 627 1680 677 Christianus
1703 630 1894 694 integro

143 730 205 761 ex
240 713 381 761 corde
414 711 568 758 factus
603 714 689 757 est.
760 709 979 772 Cumque
1013 709 1245 773 praefatus
1278 710 1477 759 clericus
1512 711 1697 775 aliquot
1721 712 1892 762 diebus

142 796 272 859 apud
318 811 428 843 eum
472 791 813 856 hospitaretur,
855 791 1078 855 pervenit
1123 792 1187 840 ad
1227 809 1368 840 aures
1415 794 1613 841 nefandi
1658 794 1891 859 principis

141 877 455 925 confessorem
477 872 660 924 Christi
683 873 762 921 cui
785 874 992 921 necdum
1024 874 1187 922 fuerat
1214 874 1350 923 locus
1370 875 1594 938 martyrii
1616 876 1888 940 deputatus,

83 952 96 1011 l
140 975 286 1023 penes
322 958 566 1006 Albanum
604 956 767 1004 latere.
836 957 984 1005 Unde
1021 956 1189 1005 statim
1224 957 1374 1019 jussit
1413 958 1592 1007 milites
1633 976 1745 1007 eum
1781 960 1890 1008 dili-

138 1041 329 1106 gentius
352 1040 609 1104 inquirere.
668 1038 768 1100 Qui
792 1056 902 1087 cum
925 1039 989 1087 ad
1012 1038 1271 1103 tugurium·
1289 1040 1517 1103 martyris
1542 1041 1887 1104 pervenissent,

138 1139 252 1171 mox
290 1139 340 1171 se
380 1127 574 1171 sanctus
609 1120 838 1169 Albanus*
869 1138 959 1185 pro
994 1121 1194 1185 hospite·
1224 1138 1279 1170 ac
1319 1123 1552 1186 magistro
1592 1140 1694 1183 suo,
1735 1123 1888 1187 ipsius

137 1204 318 1265 habitu,
370 1205 422 1253 id
467 1209 542 1253 est
587 1201 851 1252 caracallal
909 1220 1005 1267 qua
1051 1203 1349 1253 vestiebatur
1388 1205 1605 1267 indutus,
1647 1205 1887 1255 militibus

136 1287 370 1348 exhibuit,
393 1293 540 1352 atque
563 1287 622 1335 ad
643 1286 857 1351 judicem
879 1286 1071 1335 vinctus
1094 1287 1358 1350 perductus
1381 1291 1468 1336 est.

205 1370 425 1434 Contigit
460 1375 624 1418 autem
659 1369 870 1433 judicem
911 1386 968 1417 ea
1002 1369 1123 1417 hora
1164 1386 1262 1433 qua
1301 1369 1364 1418 ad
1398 1386 1509 1418 eum
1544 1370 1766 1420 Albanus
1800 1372 1886 1420 ad-

135 1451 412 1513 ducebatur,
438 1453 534 1501 aris
557 1452 788 1501 adsistere
811 1468 865 1499 ac
889 1450 1187 1500 daemonibus
1210 1451 1392 1500 hostias
1417 1451 1600 1501 offerre.
1661 1452 1885 1518 Cumque

134 1535 336 1584 vidisset
371 1535 632 1595 Albanum,
662 1551 776 1582 mox
811 1534 886 1582 ira
920 1550 1175 1582 succensus
1209 1533 1361 1582 nimia
1397 1535 1527 1599 quod
1562 1553 1611 1585 se
1645 1535 1729 1584 ille
1752 1537 1885 1586 ultro

133 1634 222 1681 pro
246 1617 435 1681 hospite
460 1635 604 1682 quem
627 1621 900 1679 susceperat
924 1616 1163 1664 militibus
1200 1616 1371 1665 offerre
1395 1634 1450 1665 ac
1473 1618 1745 1666 discrimini
1769 1619 1884 1667 dare

132 1701 533 1764 praesumpsisset,
563 1700 625 1747 ad
661 1700 916 1748 simulacra
951 1699 1225 1746 daemonum
1259 1699 1436 1764 quibus
1471 1700 1736 1749 adsistebat
1771 1718 1883 1750 eum

126 1782 272 1845 jussit
295 1782 512 1846 pertrahi
533 1798 544 1830 z
584 1786 596 1808 ‘
614 1781 741 1842 Quia
764 1779 1020 1841 rebellem,’
1044 1780 1283 1844 inquiens,
1310 1784 1322 1806 ‘
1340 1798 1395 1829 ac
1419 1782 1704 1846 sacrilegum
1730 1783 1882 1832 celare

129 1881 274 1927 quam
297 1864 534 1913 militibus
566 1864 763 1912 reddere
791 1862 1018 1923 maluisti,
1048 1866 1106 1910 ut
1141 1868 1444 1926 contemptor
1467 1863 1635 1912 divum
1657 1865 1882 1914 meritam

60 1964 94 1992 .‹
129 1946 439 2011 blasphemiae
490 1963 590 1996 suae
641 1963 833 2010 poenam
882 1946 1051 2004 lueret,
1101 1938 1438 2010 quaecumque*
1460 1946 1535 1994 1111
1552 1928 1884 1997 'debebantur

129 2029 367 2094 supplicia
389 2033 446 2077 tu
471 2029 654 2078 solvere
677 2029 837 2088 habes,
864 2028 906 2078 si
934 2045 963 2076 a
987 2027 1126 2077 cultu
1154 2033 1333 2076 nostrae
1370 2028 1617 2092 religionis
1641 2029 1883 2080 discedere

71 2117 105 2157 «Ι
127 2111 314 2161 tentas?
384 2114 454 2160 At
488 2116 683 2161 sanctus
716 2110 940 2160 Albanus
976 2110 1065 2174 qui
1100 2126 1150 2159 se
1184 2111 1314 2159 ultro
1350 2111 1734 2174 persecutoribus
1769 2113 1883 2163 fidei

128 2194 461 2244 Christianum
503 2212 604 2244 esse
640 2195 932 2260 prodiderat,
969 2210 1273 2258 nequaquam
1325 2193 1481 2242 minas
1514 2194 1748 2259 principis
1784 2213 1883 2245 me-

126 2277 258 2339 tuit3
292 2279 377 2326 sed
410 2278 652 2326 accinctus
686 2278 835 2326 armis
869 2276 1058 2324 militiae
1093 2275 1336 2340 spiritalis,
1374 2277 1535 2340 palam
1568 2278 1715 2340 jussis
1746 2279 1880 2329 illius

125 2377 292 2424 parere
349 2360 478 2408 nolle
534 2359 902 2424 pronunciabat.
987 2359 1115 2407 Tum
1181 2357 1332 2422 judex
1359 2376 1370 2407 :
1444 2363 1457 2386 ‘
1473 2359 1653 2424 Cujus}
1701 2361 1879 2426 inquit,

127 2442 350 2491 ‘familiae
384 2442 461 2492 vel
495 2442 684 2506 generis
717 2458 768 2491 33
786 2443 804 2490 2
822 2444 834 2461 ’
918 2441 1139 2490 Albanus
1197 2442 1474 2506 respondit:
1523 2448 1535 2470 ‘
1555 2443 1686 2505 Quid
1726 2446 1789 2493 ad
1830 2450 1880 2494 te

46 2540 75 2586 ,s
125 2524 338 2589 pertinet
371 2541 467 2588 qua
501 2524 593 2573 sim
639 2524 790 2589 stirpe
825 2523 1055 2589 genitus‘l
1110 2523 1194 2572 sed
1241 2523 1283 2572 si
1329 2526 1583 2574 veritatem
1629 2526 1879 2590 religionis

39 2631 42 2641 ·
124 2607 293 2655 audire
316 2606 571 2667 desideras,
595 2607 928 2657 Christianum
945 2608 1050 2673 jam
1068 2623 1146 2655 me
1171 2623 1286 2667 esse,
1305 2606 1690 2674 Christianisque
1709 2609 1882 2658 officiis

124 2705 294 2738 vacare
329 2689 585 2752 cognosce?
653 2688 743 2737 Ait
773 2690 956 2752 judex:
995 2694 1008 2716 ‘
1026 2690 1220 2739 Nomen
1247 2692 1389 2741 tuum
1413 2709 1592 2755 quaero,
1618 2692 1748 2756 quod
1773 2691 1889 2741 sine-v

64 2777 101 2810 »A
125 2789 261 2821 mora
294 2770 413 2819 mihi
451 2770 674 2820 insinua.'
745 2771 816 2820 Et
839 2771 921 2821 ille
945 2790 957 2821 t
997 2777 1010 2799 ‘
1023 2771 1281 2835 Albanus,'
1306 2773 1482 2837 inquit,
1509 2778 1522 2800 ‘
1538 2792 1567 2822 a
1590 2774 1874 2838 parentibus

73 2866 106 2904 ν
125 2870 283 2913 vocor,
320 2857 370 2901 et
405 2853 563 2900 Deum
597 2869 766 2901 verum
811 2871 868 2904 33
914 2855 1084 2905 vivum
1125 2856 1211 2920 qui
1251 2855 1479 2905 universa
1514 2856 1695 2906 creavit
1729 2858 1873 2904 adoro

125 2953 314 3000 semper
348 2939 398 2984 et
431 2935 565 2984 colo!
635 2935 761 2984 Tum
790 2938 941 3000 judex
967 2939 1180 3003 repletus
1215 2939 1469 2987 iracundia
1492 2939 1652 2988 dixit:
1692 2944 1706 2966 ‘
1723 2939 1777 2988 Si
1800 2939 1888 2986 vis

123 3045 275 3092 Usher,
286 3059 328 3098 p.
344 3056 433 3098 151,
449 3044 591 3084 thinks
605 3044 699 3084 that
709 3059 772 3085 we
784 3059 871 3087 owe
881 3046 956 3087 the
1031 3048 1255 3088 Bassianus
1300 3049 1469 3089 derived
1516 3049 1580 3089 his
1626 3047 1844 3087 nickname
1861 3060 1871 3086 :

122 3113 244 3141 name
272 3104 316 3139 to
335 3101 409 3139 the
432 3100 551 3139 cloak
570 3099 718 3146 which,
737 3102 957 3154 according
1032 3104 1238 3155 secondly,
1268 3117 1294 3143 a
1322 3104 1419 3156 long
1450 3103 1638 3143 monkish
1665 3105 1870 3154 garment,

122 3158 168 3195 to
187 3155 315 3201 Beda,
334 3155 387 3194 he
406 3155 493 3194 lent
512 3159 555 3194 to
574 3154 776 3196 Albanus.
1031 3159 1229 3210 reaching
1248 3162 1291 3198 to
1310 3159 1383 3198 the
1402 3159 1558 3207 ankles‚
1581 3158 1682 3196 with
1702 3170 1727 3194 a
1747 3155 1870 3195 hood.

178 3208 193 3232 ¹
219 3209 450 3262 caracalla]
473 3210 515 3248 A
535 3209 669 3248 Gallie
689 3209 801 3250 word
819 3223 955 3251 mean·
1033 3213 1278 3265 Hieronym.
1322 3227 1386 3266 ep.
1433 3214 1507 3252 128
1547 3212 1600 3252 ad
1643 3209 1868 3250 Fabiolam.

123 3262 197 3316 ing
234 3265 336 3311 first,
382 3279 408 3305 a
447 3264 582 3304 Gallic
628 3264 758 3310 cloak‚
800 3265 884 3304 like
930 3280 956 3306 a
1032 3267 1102 3307 Du
1159 3269 1311 3320 Gange.
1370 3274 1380 3289 ‘
1402 3268 1564 3308 Munuc
1619 3262 1885 3319 gegyrelan.''

123 3319 332 3371 ‘paenula;
347 3320 357 3335 ⁹
384 3320 491 3360 from
520 3318 654 3360 which
681 3319 754 3360 the
773 3332 957 3374 emperor
1030 3322 1171 3363 Saxon
1188 3323 1376 3363 Version.

949 3389 1039 3425 02
