2216 3554
212 188 331 238 CAP.
349 185 424 256 x.]
843 185 1008 236 Gentis
1042 184 1333 247 A‘nqlorwm.
1863 187 1959 233 309

211 321 548 385 Antiquomm
572 318 832 376 Saxonum,
858 317 900 365 si
923 316 1047 365 forte
1070 315 1260 380 aliquos
1284 316 1466 365 ibidem
1492 332 1614 379 prae-
1684 356 1888 399 preaohing

211 400 414 448 dicando
449 398 643 448 Christo
682 396 935 459 adquirere
974 401 1182 458 possent.
1252 395 1408 443 Erant
1448 402 1616 443 autem
1678 407 1719 441 to
1735 406 1802 441 the
1816 406 1891 441 old

211 484 356 532 unius
395 482 552 540 amb0‚
586 479 711 528 sicut
750 477 1030 536 devotionis,
1068 477 1138 524 sic
1177 476 1325 525 etiam
1360 476 1608 525 vocabuli:
1713 455 1856 490 Saxons

210 583 323 614 nam
362 569 565 628 uterque
610 577 774 610 eorum
818 558 1151 623 appellabatur
1189 559 1421 607 Heuuald
1438 558 1487 619 ¹3
1548 575 1604 606 ea
1651 559 1816 605 autem
1854 554 1954 602 dis-

210 647 459 706 tinctione,
482 652 538 695 ut
561 661 650 708 pro
673 642 862 691 diversa
884 641 1169 705 capillorum
1201 640 1356 705 specie
1379 657 1504 689 unus
1528 640 1684 703 Niger
1707 638 1953 697 Heuuald,

211 730 334 777 alter
367 727 524 776 Albus
561 713 788 774 Heuuald
821 723 1093 772 diceretur:
1142 740 1349 787 quorum
1383 727 1586 787 uterque
1626 723 1807 787 pietate
1842 720 1954 768 reli-

210 811 367 875 gionis
401 811 625 867 imbutus,
651 807 734 856 sed
770 805 921 870 Niger
946 805 1177 854 Heuuald
1210 805 1364 869 magis
1400 822 1642 854 sacrarum
1677 806 1954 853 litterarum

210 898 316 942 erat
350 892 548 941 scientia
581 890 846 938 institutus.
917 888 1014 950 Qui
1048 889 1294 937 venientes
1329 888 1381 935 in
1421 889 1732 952 provinciam,
1768 887 1953 935 intrav·
2036 944 2044 949 ς

209 982 355 1027 erunt
388 976 652 1040 hospitium
685 974 936 1037 cujusdam
958 973 1124 1033 villici,
1152 974 1494 1038 petieruntque
1528 973 1589 1022 ab
1613 990 1682 1033 ec,
1706 975 1764 1021 ut
1798 974 1959 1020 trans-

211 1061 523 1109 mitterentur
546 1058 608 1106 ad
640 1061 881 1120 satrapam
897 1057 914 1083 ²
937 1055 1021 1120 qui
1046 1073 1189 1119 super
1212 1073 1322 1104 eum
1346 1062 1463 1116 erat,
1489 1073 1544 1105 eo
1569 1056 1698 1120 quod
1721 1055 1954 1103 haberent

209 1142 395 1207 aliquid
427 1140 681 1205 legationis
716 1145 765 1187 et
801 1156 954 1187 causae
977 1138 1130 1198 utilis,
1155 1139 1286 1202 quod
1311 1139 1542 1188 deberent
1576 1139 1639 1187 ad
1672 1138 1811 1186 iHuin
1847 1153 1953 1199 per-

210 1225 346 1273 ferre.
416 1224 532 1272 Non
567 1223 699 1271 enim
738 1222 918 1270 habent
951 1221 1143 1284 regem⁸
1179 1221 1328 1269 iidem
1363 1221 1572 1285 Antiqui
1607 1222 1832 1280 Saxones,
1871 1219 1954 1268 sed

209 1313 427 1370 satrapas
473 1305 706 1369 plurimos
752 1321 851 1353 suae
897 1304 1030 1366 genti
1076 1303 1374 1367 praepositos,
1417 1304 1501 1368 qui
1543 1303 1800 1367 ingruente
1836 1302 1954 1351 belli

209 1389 411 1438 articulo
448 1389 653 1437 mittunt
690 1387 940 1451 aequaliter
973 1392 1140 1445 sortes,
1178 1389 1227 1434 et
1264 1402 1613 1450 quemcumque
1653 1402 1755 1434 sors
1796 1390 1952 1434 osten-

208 1473 349 1531 derit,
408 1472 538 1519 hunc
594 1475 811 1533 tempore
866 1469 982 1517 belli
1041 1469 1214 1517 ducem
1273 1486 1437 1518 omnes
1500 1474 1781 1533 sequuntur,
1840 1468 1954 1516 huic

208 1555 542 1618 obtemperant
556 1570 569 1614 ;
617 1558 810 1616 peracto
856 1557 1016 1600 autem
1059 1551 1202 1616 bello,
1240 1568 1433 1599 rursum
1480 1551 1678 1615 aequalis
1723 1551 1952 1614 potentiae

208 1653 371 1685 omnes
405 1636 529 1684 fiunt
565 1640 781 1699 satrapae.
854 1634 1075 1698 Suscepit
1110 1651 1223 1698 ergo
1256 1651 1336 1682 eos
1359 1634 1566 1693 villicus,
1591 1638 1640 1682 et
1667 1633 1953 1697 promittens

207 1737 258 1768 se
298 1720 492 1767 mittere
539 1735 619 1766 eos
665 1718 727 1766 ad
774 1722 1015 1781 satrapam
1057 1717 1142 1780 qui
1185 1733 1330 1780 super
1370 1733 1420 1765 se
1461 1722 1578 1776 erat,
1614 1722 1672 1765 ut
1708 1716 1952 1779 petebant,

207 1802 391 1866 aliquot
414 1802 583 1849 diebus
607 1818 768 1848 secum
791 1800 1007 1848 retinuit.

275 1885 372 1946 Qui
407 1902 517 1933 cum
546 1883 727 1948 cogniti
762 1886 920 1931 essent
953 1899 981 1930 a
1004 1882 1221 1930 barbaris
1256 1882 1385 1946 quod
1415 1885 1573 1930 essent
1606 1882 1808 1930 alterius
1843 1881 1951 1930 reli-

205 1967 376 2032 gionis,
411 1985 524 2015 nam
558 1973 606 2015 et
642 1966 836 2030 psalmis
878 1982 1066 2028 semper
1100 1969 1244 2028 atque
1287 1964 1585 2013 orationibus
1621 1965 1865 2023 vacabant,
1903 1967 1952 2011 et

208 2050 424 2114 quotidie
459 2047 746 2097 sacrificium
780 2047 886 2095 Deo
915 2047 1128 2095 victimae
1164 2047 1388 2095 salutaris
1424 2046 1696 2105 offerebant,
1722 2046 1951 2095 habentes

207 2149 369 2181 secum
391 2131 581 2179 vascula
615 2146 748 2178 sacra
783 2133 833 2178 et
866 2129 1081 2177 tabulam
1117 2129 1283 2177 altaris
1308 2130 1411 2178 vice
1434 2129 1718 2185 dedicatam,
1744 2130 1951 2192 suspecti

207 2219 322 2264 sunt
343 2213 511 2271 habiti,
538 2213 653 2276 quia
677 2211 718 2259 si
741 2210 1048 2275 pervenirent
1072 2212 1134 2259 ad
1161 2215 1405 2275 satrapam
1429 2217 1478 2259 et
1504 2211 1817 2274 loquerentur
1841 2229 1950 2260 cum

206 2298 304 2355 illo,
328 2300 598 2345 averterent
632 2295 769 2342 illum
803 2311 832 2342 a
866 2294 958 2342 diis
997 2294 1097 2342 suis
1133 2297 1183 2342 et
1216 2295 1279 2342 ad
1313 2310 1489 2341 novam
1515 2293 1802 2342 Christianae
1838 2294 1951 2343 fidei

206 2379 485 2442 religionem
508 2377 851 2436 transferrent;
889 2378 1051 2440 sicque
1074 2376 1310 2440 paulatim
1335 2375 1489 2422 omnis
1514 2392 1679 2423 eorum
1702 2377 1951 2439 provincia

206 2468 416 2510 veterem
451 2463 698 2522 cogeretur
726 2475 850 2506 nova
884 2463 1073 2506 mutare
1109 2458 1361 2506 culturam.
1431 2457 1607 2521 Itaque

207 2546 477 2607 rapuerunt
500 2558 579 2589 eos
611 2540 784 2599 subito,
809 2546 857 2588 et
881 2540 1256 2588 interemerunt:
1293 2537 1476 2587 Album
1500 2539 1607 2603 qui-
1650 2515 1714 2542 πθ
1728 2506 1935 2549 martyred.

207 2626 316 2674 dem
354 2623 663 2672 Heuualdum
688 2623 838 2670 veloci
874 2622 1105 2670 occisione
1139 2621 1302 2685 gladii,
1328 2621 1575 2684 Nigellum
1609 2626 1770 2669 autem
1804 2620 1947 2682 longo

207 2705 553 2771 suppliciorum
595 2704 811 2752 cruciatu
852 2708 901 2752 et
943 2703 1181 2751 horrenda
1227 2703 1554 2751 membrorum
1595 2702 1811 2751 omnium
1851 2701 1947 2749 dis-

207 2788 480 2853 cerptione:
525 2803 643 2851 quos
671 2786 985 2848 interemptos
1017 2785 1067 2832 in
1092 2784 1262 2833 Rheno
1285 2787 1600 2849 projecerunt.
1673 2783 1814 2845 Quod
1838 2800 1947 2831 cum

207 2877 397 2934 satrapa
442 2869 523 2917 ille
570 2884 712 2931 quem
752 2867 914 2915 videre
960 2866 1185 2915 volebant
1230 2866 1454 2927 audisset,
1493 2868 1648 2916 iratus
1695 2872 1767 2915 est
1808 2865 1947 2914 valde

208 2953 338 3018 quod
378 2951 439 2999 ad
481 2966 530 2998 se
565 2950 729 2998 venire
764 2950 979 2997 volentes
1019 2948 1258 3013 peregrini
1294 2966 1391 2997 non
1424 2950 1822 3013 permitterentur
1837 2964 1848 3006 ;
1898 2953 1946 2993 et

207 3037 407 3084 mittens
454 3034 630 3082 occidit
670 3033 863 3081 vicanos
910 3031 1018 3080 illos
1058 3049 1237 3091 omneS,
1273 3032 1531 3097 vicumque
1572 3030 1793 3080 incendio
1836 3045 1944 3077 con-

261 3153 275 3176 ¹
304 3150 517 3201 Hennam]
537 3149 755 3198 Heawokl,
774 3148 872 3190 S.V.
1102 3162 1199 3201 pare
1245 3163 1272 3190 a
1318 3148 1476 3190 similar
1511 3151 1686 3189 account
1731 3146 1853 3198 given
1890 3144 1945 3195 by

261 3206 277 3228 ²
303 3206 533 3258 satrapam]
555 3205 815 3250 Ealdorman,
835 3203 937 3245 S.V.
1101 3204 1281 3250 Tacitus,
1299 3205 1439 3245 Germ.
1463 3213 1498 3255 7.
1526 3216 1541 3243 1
1554 3215 1572 3242 2
1592 3217 1603 3252 ς
1631 3201 1710 3241 and
1731 3214 1798 3240 see
1818 3199 1945 3239 Ketn-

261 3262 277 3285 ³
303 3261 399 3301 Non
427 3261 536 3301 enim
564 3260 711 3301 habent
749 3258 895 3311 reqem]
927 3258 1048 3299 Com·
1101 3258 1181 3309 ble,
1199 3259 1227 3299 i.
1256 3270 1345 3311 144.
