2216 3554
332 172 430 218 380
962 169 1191 218 Historia
1223 168 1466 218 Abbatwm

326 306 532 365 gruente
556 302 766 366 fatigari.
838 302 914 352 Ut
945 303 1075 352 enim
1107 307 1298 353 tantam
1329 303 1580 368 religionis
1611 301 1896 351 instantiam
1932 302 2078 351 etiam

325 384 577 448 patientiae
622 384 781 433 virtus
831 384 1060 449 adjuncta
1113 386 1355 449 probaret,
1403 385 1571 434 divina
1616 390 1880 449 utrumque
1926 385 2082 449 pietas

326 467 586 531 temporali
610 467 900 531 aegritudine
923 469 1190 532 prostravit
1212 469 1264 517 in
1286 470 1466 518 lectum
1485 486 1498 530 ;
1534 474 1591 517 ut
1609 473 1718 532 post
1741 468 2081 532 aegritudinem

327 554 486 597 morte
521 550 762 600 devictam
796 557 1032 616 perpetua
1077 569 1297 616 supernae
1337 552 1469 615 pacis
1505 556 1555 600 et
1594 551 1715 599 lucis
1751 551 1914 614 quiete
1954 551 2082 598 refo-

327 635 476 681 veret.
571 633 702 682 Nam
737 639 787 683 et
822 634 1078 697 Sigfridus,
1116 640 1172 684 ut
1208 635 1440 694 diximus,
1476 635 1622 698 longa
1658 633 1946 682 interiorum
1981 650 2082 681 mo-

325 713 470 763 lestia
492 716 758 780 castigatus
777 717 905 764 diem
927 717 1151 779 pervenit
1175 717 1236 765 ad
1259 717 1503 766 ultimum.
1589 717 1656 765 Et
1678 716 1972 779 Benedictus
1995 733 2085 779 per

325 796 596 845 triennium
632 799 864 862 languore
898 799 1138 862 paulatim
1178 805 1474 848 accrescente
1514 803 1654 847 tanta
1689 796 1899 862 paralysi
1932 798 2083 846 disso-

326 878 461 928 lutus
486 884 575 940 est,
600 884 657 928 ut
681 881 743 929 ob
774 880 906 929 omni
929 898 1125 945 prorsus
1149 881 1439 931 inferiorum
1470 883 1798 931 membrorum
1829 881 1987 929 factus
2019 879 2086 928 sit

325 967 464 1026 parte
494 969 836 1026 praemortuus,
862 963 1193 1027 superioribus
1229 966 1386 1014 solum
1422 966 1525 1014 sine
1553 982 1764 1029 quorum
1792 962 1896 1013 vita
1919 963 2084 1011 vivere

326 1044 499 1108 nequit
544 1045 705 1104 homo,
748 1046 811 1093 ad
857 1046 1068 1094 officium
1114 1046 1364 1110 patientiae
1410 1048 1744 1111 virtutemque
1793 1046 2082 1106 reservatis3

327 1126 589 1176 studebant
620 1128 674 1175 in
698 1128 863 1177 dolore
887 1145 1076 1193 semper
1100 1129 1312 1178 Auctori
1343 1131 1526 1195 gratias
1556 1131 1751 1189 referre,
1778 1145 1966 1192 semper
1988 1127 2085 1176 Dei

325 1209 554 1257 laudibus
600 1210 886 1260 fraternisve
940 1212 1217 1262 hortatibus
1267 1230 1452 1262 vacare.
1546 1211 1741 1277 Agebat
1789 1210 2085 1259 Benedictus

327 1291 638 1341 advenientes
664 1293 841 1356 saepius
870 1295 934 1342 ad
967 1311 1016 1344 se
1047 1295 1224 1344 fratres
1248 1296 1308 1344 de
1340 1295 1654 1344 custodienda
1679 1311 1825 1359 quam
1849 1298 2086 1342 statuerat

326 1374 496 1436 regula
527 1374 754 1424 firmare:
792 1380 804 1402 ‘
822 1377 994 1441 Neque
1026 1378 1156 1427 enim
1187 1383 1360 1442 putare
1391 1378 1611 1437 habetis,’
1636 1378 1814 1442 inquit,
1840 1377 1996 1442 ‘quod
2025 1376 2086 1425 ex

326 1473 435 1505 meo
470 1457 572 1507 haec
609 1475 716 1522 quae
748 1459 887 1509 vobis
922 1461 1074 1510 statui
1106 1461 1297 1510 decreta
1334 1463 1560 1511 indoctus
1598 1462 1740 1510 corde
1779 1460 2084 1525 protulerim.

326 1537 407 1586 Ex
431 1539 594 1588 decem
619 1541 798 1605 quippe
830 1548 879 1591 et
914 1549 1097 1607 septem
1130 1544 1437 1593 monasteriis
1469 1562 1577 1609 quae
1610 1545 1743 1592 inter
1764 1544 1934 1606 longos
1966 1560 2086 1592 mese

327 1622 507 1670 crebrae
539 1625 945 1688 peregrinationis
981 1626 1225 1676 discursus
1258 1627 1443 1691 optima
1471 1627 1697 1691 comperi,
1727 1627 1830 1675 haec
1860 1625 2087 1674 universa

328 1705 494 1765 didici,
521 1711 570 1755 et
597 1708 736 1756 vobis
761 1709 1023 1758 salubriter
1046 1711 1343 1759 observanda
1367 1708 1672 1760 contradidi.'
1730 1708 2086 1758 Bibliothecam

327 1805 473 1853 quam
510 1789 570 1837 de
606 1789 766 1839 Roma
806 1791 1158 1842 nobilissimam
1197 1794 1671 1858 copiosissimamque
1713 1793 1985 1863 advexerat,
2023 1793 2086 1841 ad

327 1871 699 1922 instructionem
737 1875 947 1925 ecclesiae
989 1877 1321 1937 necessariam,
1357 1877 1564 1926 sollicite
1606 1875 1786 1925 servari
1828 1876 2084 1940 integram,

326 1970 415 2002 nec
437 1971 525 2018 per
547 1954 787 2005 incuriam
810 1958 997 2018 foedari,
1023 1964 1108 2008 aut
1136 1959 1318 2023 passim
1344 1960 1569 2023 dissipari
1596 1959 1840 2023 praecepit.
1916 1958 2012 2007 Sed
2036 1963 2087 2007 et

325 2035 416 2083 hoc
451 2037 645 2086 sedulus
680 2038 859 2088 eisdem
888 2042 1074 2091 solebat
1108 2042 1287 2091 iterare
1320 2043 1619 2101 mandatum,
1647 2059 1707 2091 ne
1742 2041 1852 2106 quis
1884 2041 1939 2089 in
1967 2042 2086 2090 elec-

325 2117 458 2166 tione
493 2119 697 2180 abbatis,
728 2123 920 2184 generis
955 2124 1244 2188 prosapiam,
1275 2130 1327 2173 et
1359 2142 1459 2173 non
1495 2124 1648 2188 magis
1683 2123 1881 2173 vivendi
1913 2124 2087 2172 docen-

325 2199 474 2264 dique
508 2203 803 2265 probitatem
837 2211 1036 2270 putaret
1070 2224 1172 2256 esse
1208 2207 1534 2272 quaerendam.
1608 2212 1619 2232 ‘
1638 2207 1704 2255 Et
1738 2205 1883 2266 vere‚'
1906 2205 2083 2271 inquit,

327 2288 339 2308 ‘
356 2283 463 2332 dico
487 2286 639 2346 vobis,
665 2288 779 2351 quia
804 2288 857 2336 in
881 2290 1238 2354 comparatione
1263 2291 1473 2339 duorum
1502 2289 1756 2349 malorum,
1782 2289 2085 2338 tolerabilius

326 2367 449 2414 mihi
483 2369 640 2417 multo
676 2378 749 2420 est
780 2377 940 2421 totum
971 2373 1100 2422 hunc
1132 2374 1294 2422 locum
1327 2373 1380 2421 in
1412 2390 1509 2437 quo
1541 2372 1888 2421 monasterium
1913 2373 2017 2432 feei,
2045 2373 2086 2421 si

326 2449 395 2498 sic
425 2451 715 2512 judicaverit
747 2455 894 2514 Deus,
919 2455 972 2504 in
1004 2457 1320 2506 solitudinem
1354 2457 1699 2521 sempiternam
1734 2455 1904 2520 redigi,
1937 2472 2087 2519 quam

325 2539 384 2580 ut
429 2534 580 2582 frater
625 2553 763 2585 meus
811 2539 1031 2600 carnalis,
1080 2556 1225 2603 quem
1271 2540 1498 2588 novimus
1544 2538 1674 2587 viam
1715 2538 1940 2587 veritatis
1986 2554 2086 2586 non

326 2616 530 2679 ingredi,
578 2618 630 2666 in
678 2637 734 2668 eo
780 2623 989 2685 regendo
1035 2629 1145 2688 post
1197 2640 1276 2672 me
1337 2623 1530 2672 abbatis
1590 2623 1786 2671 nomine
1848 2622 2084 2671 succedat.

325 2699 549 2765 Ideoque
577 2703 786 2751 multum
822 2710 1040 2755 cavetote
1081 2707 1254 2756 fratres
1288 2723 1492 2771 semper,
1528 2723 1589 2755 ne
1630 2706 1896 2755 secundum
1931 2723 2086 2770 genus

325 2798 556 2847 unquam,
580 2802 641 2832 ne
665 2786 840 2835 deforis
873 2789 1080 2849 aliunde,
1105 2789 1244 2838 vobis
1276 2794 1467 2853 patrem
1500 2789 1744 2853 quaeratis.
1815 2787 1911 2838 Sed
1939 2790 2087 2854 juxta.

327 2866 458 2929 quod
503 2868 672 2931 regula
711 2870 876 2933 magni
922 2873 1167 2935 quondam
1214 2872 1403 2921 abbatis
1449 2871 1721 2931 Benedicti,
1765 2873 1909 2935 juxta
1954 2873 2086 2936 quod

325 2949 571 3013 privilegii
606 2952 760 2999 nostri
795 2953 1049 3002 continent
1084 2955 1291 3015 decreta,
1315 2954 1368 3002 in
1403 2961 1647 3004 conventu
1681 2959 1856 3003 vestrae
1889 2967 2085 3019 congre-

326 3032 538 3095 gationis
597 3034 843 3082 communi
890 3036 1089 3085 consilio
1147 3036 1456 3101 perquiratis,
1504 3037 1590 3102 qui
1650 3039 1915 3086 secundum
1968 3038 2084 3087 vitae

327 3116 558 3164 meritum
599 3120 649 3165 et
696 3116 946 3180 sapientiae
986 3119 1260 3167 doctrinam
1299 3119 1461 3184 aptior
1506 3121 1569 3168 ad
1614 3121 1711 3169 tale
1759 3120 2085 3170 ministerium

326 3198 676 3262 perficiendum
710 3199 997 3263 digniorque
1029 3202 1275 3265 probetur,
1314 3208 1364 3251 et
1396 3219 1732 3267 quemcunque
1767 3219 1933 3251 omnes
1965 3218 2083 3250 una—

328 3281 450 3330 nimi
495 3282 746 3333 charitatis
786 3282 1103 3348 inquisitione
1143 3284 1385 3350 optimum
1430 3289 1771 3350 cognoscentes
1811 3283 2080 3349 elegeritis3
