2216 3554
336 161 433 205 292
915 153 1140 203 Historia
1174 155 1514 204 Ecclesiastica
1885 155 2017 226 [LIB.
2033 174 2080 207 v.

1084 385 1226 435 OAP.
1274 386 1348 434 Π.

456 524 507 565 Ut
525 524 730 577 episcopus
748 523 959 566 Johannes
979 530 1139 565 mutam
1159 528 1195 564 et
1215 525 1440 565 scabiosum
1461 523 1725 564 benedicendo
1744 525 1957 565 curaverit.

331 655 333 659 ’
403 653 573 703 CUJUS
607 652 744 717 regni
783 651 1053 715 principio'
1090 652 1315 700 defuncto
1350 652 1476 700 Eata
1516 651 1752 715 episcopo,
1789 651 1820 698 J
1826 651 2035 699 ohannes
2049 652 2082 709 ²,

375 755 489 795 John,
502 754 637 796 bishop
675 735 754 783 vir
800 740 1009 794 sanctus,
1052 734 1460 798 Hagustaldensis
1506 734 1717 782 ecclesiae
1765 734 2083 797 praesulatum

389 805 614 895 ⁰3ng
675 818 914 880 suscepit:
975 817 1035 865 de
1082 834 1177 880 quo
1223 819 1365 881 plura
1410 819 1650 867 virtutum
1708 818 1940 866 miracula
1997 818 2082 880 qui

396 904 618 944 S·Chr0n-]‚
674 918 784 948 eum
815 899 1119 947 familiariter
1143 906 1382 948 noverunt
1414 901 1571 949 dicere
1607 901 1777 960 solent,
1803 906 1850 948 et
1875 899 2083 948 maxime

332 985 410 1034 vir
432 983 844 1033 reverentissimus
869 999 923 1029 ac
941 982 1277 1030 veracissimus
1302 982 1560 1041 Berethun,
1586 982 1816 1031 diaconus
1839 982 2083 1046 quondam

333 1071 450 1131 ejus,
480 1084 607 1114 nunc
641 1068 804 1112 autem
839 1063 987 1111 abbas
1023 1063 1304 1111 monasterii
1341 1064 1470 1127 quod
1494 1071 1694 1113 vocatur
1727 1064 2038 1112 Inderauuda
2051 1064 2083 1122 ³,

331 1151 383 1198 id
419 1154 505 1209 est,
542 1149 605 1196 In
642 1147 775 1196 Silva
810 1147 1082 1194 Derorum:
1133 1163 1158 1193 e
1197 1146 1374 1210 quibus
1412 1146 1575 1210 aliqua
1609 1147 1854 1195 memoriae
1890 1149 2084 1196 tradere

333 1231 637 1281 commodum
672 1229 914 1278 duximus.
985 1229 1076 1276 Est
1110 1228 1329 1277 mansio⁴
1365 1228 1589 1291 quaedam
1624 1229 1865 1288 secretior,
1891 1247 2083 1278 nemore

331 1331 440 1362 raro
477 1319 525 1361 et
560 1312 689 1361 vallo
725 1312 1035 1370 circumdata,
1062 1328 1159 1359 non
1193 1311 1336 1374 longe
1372 1310 1433 1358 ab
1462 1311 1847 1374 Hagustaldensi
1871 1313 2082 1371 ecclesia,

332 1397 383 1444 id
419 1401 505 1454 est,
530 1396 675 1444 unius
703 1395 852 1443 ferme
888 1394 1106 1442 milliarii
1130 1400 1179 1442 et
1213 1393 1403 1442 dimidii
1439 1394 1596 1456 spatio
1629 1393 1938 1443 interfluente
1961 1396 2084 1445 Tino

332 1496 471 1527 amne
499 1483 733 1542 separata,
758 1477 940 1525 habens
973 1477 1302 1525 coemeterium
1333 1476 1488 1524 sancti
1514 1475 1766 1524 Michaelis
1797 1478 2084 1542 archangeli,

331 1560 383 1608 in
420 1578 516 1624 qua
538 1560 615 1608 vir
639 1560 732 1608 Dei
769 1560 946 1622 saepius
978 1560 1063 1607 ubi
1099 1559 1442 1622 opportunitas
1477 1558 1728 1607 adridebat
1762 1561 2010 1623 temporis,
2036 1569 2085 1610 et

331 1644 541 1691 maxime
565 1643 617 1690 in
642 1642 1022 1706 quadragesima,
1047 1659 1242 1690 manere
1274 1658 1386 1689 cum
1410 1641 1589 1704 paucis,
1615 1645 1761 1704 atque
1786 1643 2085 1691 orationibus

300 1748 305 1751 ¹
332 1744 387 1775 ac
410 1726 607 1774 lectioni
630 1726 825 1789 quietus
849 1742 1043 1788 operam
1070 1725 1185 1772 dare
1221 1729 1550 1772 consueverat.
1623 1723 1842 1787 Cumque
1866 1728 2084 1789 tempore

333 1810 555 1873 quodam,
592 1808 853 1872 incipiente
895 1806 1275 1870 quadragesima,
1311 1805 1494 1854 ibidem
1529 1822 1784 1854 mansurus
1819 1807 2081 1867 adveniret,

328 1891 474 1955 jussit
515 1891 614 1939 suis
652 1907 866 1954 quaerere
902 1906 1166 1953 pauperem
1203 1888 1415 1952 aliquem
1456 1890 1635 1950 majore
1680 1887 1965 1937 infirmitate
2005 1890 2082 1937 vel

331 1975 498 2038 inopia
532 1977 805 2036 gravatum,
831 1990 975 2036 quem
1011 1988 1172 2020 secum
1203 1971 1379 2019 habere
1402 1970 1500 2019 illis
1532 1971 1701 2018 diebus
1732 1972 1794 2018 ad
1815 1972 2083 2021 faciendam

333 2058 683 2120 eleemosynam
706 2061 903 2120 possent
923 2074 932 2103 ε
971 2054 1040 2102 810
1064 2054 1195 2103 enim
1219 2070 1406 2116 semper
1428 2054 1583 2101 facere
1607 2054 1804 2103 solebat.

400 2139 522 2186 Erat
569 2146 732 2187 autem
778 2139 832 2186 in
872 2138 988 2187 villa
1030 2155 1125 2185 non
1171 2138 1313 2200 longe
1359 2136 1518 2200 posita
1565 2136 1763 2200 quidam
1811 2137 2084 2186 adolescens

446 2242 569 2276 works
674 2229 856 2280 mutus,
904 2221 1128 2284 episcopo
1174 2225 1334 2277 notus,
1381 2236 1495 2266 nam
1554 2219 1729 2282 saepius
1786 2225 1899 2268 ante
1943 2220 2083 2268 illum

391 2291 622 2375 Ifflglss‘glisf·a
678 2303 1000 2367 percipiendae
1033 2303 1342 2364 eleemosynae
1378 2301 1538 2364 gratia
1560 2301 1724 2350 venire
1757 2309 2082 2361 consueverat,

386 2390 505 2425 dumb
520 2399 621 2424 man.
678 2386 764 2450 qui
802 2402 864 2434 ne
902 2402 1056 2433 unum
1097 2384 1294 2447 quidem
1341 2400 1610 2432 sermonem
1650 2400 1866 2447 unquam
1902 2385 2084 2448 profari

333 2473 554 2534 poterat3
592 2469 675 2517 sed
700 2473 750 2517 et
784 2467 991 2517 scabiem
1027 2471 1215 2516 tantam
1251 2483 1306 2514 ac
1341 2465 1551 2514 furfures
1584 2466 1791 2515 habebat
1823 2466 1876 2514 in
1911 2466 2082 2531 capite,

1236 2603 1449 2652 Hexham,
1470 2604 1594 2644 while
1613 2605 1728 2645 John
1747 2605 1955 2658 migrated
1978 2605 2083 2646 from

388 2607 402 2630 ¹
426 2606 660 2659 principio]
691 2607 721 2646 J
724 2607 841 2646 ohn’s
878 2605 1109 2646 succession
1136 2608 1182 2644 to
1236 2658 1282 2699 H
1335 2659 1363 2697 h
1451 2663 1496 2698 to
1512 2660 1558 2699 Y
1605 2659 1634 2698 k

1284 2673 1333 2698 ex
1365 2672 1433 2698 am
1559 2673 1606 2699 or
1637 2691 1647 2701 .

334 2663 406 2703 the
427 2663 504 2702 See
524 2662 570 2701 of
583 2661 776 2701 Hexham
796 2662 833 2701 is
852 2661 979 2701 dated
997 2671 1084 2701 A.D.
1099 2660 1179 2712 685

333 2718 390 2771 by
408 2718 449 2757 S.
471 2717 621 2756 Chron.

389 2772 405 2795 ²
431 2772 465 2812 J
465 2771 658 2822 ohannes]
691 2771 761 2810 He
786 2784 872 2810 was
896 2770 1017 2810 made
1035 2769 1183 2822 bishop

334 2828 380 2867 of
394 2826 591 2866 Hexham
606 2829 650 2865 to
663 2826 833 2865 succeed
848 2826 969 2871 Eata,
984 2836 1070 2865 ΑΛ).
1086 2824 1181 2874 685,

335 2883 376 2923 S.
406 2881 583 2929 Chron.;
620 2881 703 2920 and
731 2880 962 2919 translated
988 2884 1033 2920 to
1062 2880 1182 2919 York

335 2951 388 2977 on
407 2934 549 2976 Bosa’s
569 2935 707 2981 death,
728 2944 815 2975 ΑΛ).
834 2941 924 2985 705,
945 2947 1012 2974 see
1032 2948 1071 2986 p.
1090 2946 1181 2987 294,

334 2996 432 3031 note
468 3003 504 3031 1.
561 2990 677 3029 Thus
705 2989 750 3028 in
780 2999 866 3029 ΑΛ).
902 2997 977 3040 705
1008 2989 1060 3027 he
1098 2988 1183 3028 and

336 3047 493 3098 Bishop
511 3044 703 3085 Wilfrith
722 3043 910 3095 changed
929 3044 1091 3095 places;
1119 3043 1182 3082 for

287 3134 289 3137 .
336 3102 380 3139 111
399 3101 494 3140 that
513 3113 613 3153 year
632 3098 834 3144 Wilfrith,
856 3097 949 3137 who
968 3098 1051 3137 had
1076 3098 1182 3137 been

336 3161 380 3195 at
409 3155 532 3194 York
560 3154 628 3194 till
655 3164 746 3193 A.D.
766 3153 859 3205 691,
886 3153 1083 3192 returned
1112 3153 1183 3193 ‘in

336 3210 604 3264 praesulatum
634 3221 718 3248 suae
751 3206 958 3257 ecclesiae,’
987 3220 1022 3248 0.
1047 3218 1109 3260 19,
1137 3211 1183 3247 at

1292 2714 1307 2737 ³
1335 2714 1621 2765 Indarauuda]
1654 2715 1958 2767 Ondyrawuda,
1980 2715 2082 2756 S.V.

1238 2768 1486 2815 Derawuda‚
1525 2769 1566 2810 S.
1601 2770 1752 2811 Chron.
1822 2770 2084 2810 Afterwards

1237 2823 1457 2875 Beverley.
1516 2824 1774 2864 ‘Deirewald
1805 2825 1918 2864 locus
1945 2838 2084 2864 nemo·

1236 2891 1366 2924 rosus,
1413 2879 1479 2918 i.e.
1522 2879 1629 2919 silva
1673 2879 1895 2919 Deirorum
1940 2883 2083 2932 postea

1236 2931 1467 2972 Beverlac.'
1557 2933 1731 2980 Leland‚
1779 2948 1846 2987 ap.
1899 2934 2080 2974 Monast.

1236 2988 1531 3094 Arzgindlrisigf
1549 3019 1559 3037 ’
1575 2989 1994 3092 gaillredexllhhlileshbss
2027 3056 2080 3082 on

1237 3111 1262 3137 a
1281 3098 1412 3148 rising
1430 3098 1602 3148 ground,
1629 3101 1674 3137 to
1700 3098 1773 3138 the
1800 3098 1924 3138 north
1944 3097 1990 3136 of
2009 3097 2082 3136 the

1237 3153 1368 3204 Tyne.
1426 3151 1611 3192 Richard
1638 3152 1686 3192 of
1707 3153 1919 3199 Hexham,
1945 3151 2082 3204 Twys-

1238 3207 1334 3258 den,
1351 3220 1394 3259 p.
1417 3217 1510 3259 291.
