2216 3554
298 169 395 214 262
876 161 1105 210 Historia
1139 160 1476 210 Ecclesiastica
1820 158 1954 226 [Lm.
1978 176 2047 208 1v.

298 302 415 356 erat,
458 296 548 344 hoc
589 299 675 355 est,
713 295 814 344 filia
854 295 1078 359 nepotis¹
1119 293 1300 341 Eduini
1341 291 1486 355 regis,
1521 290 1754 338 vocabulo
1790 291 2044 341 Hererici:

297 398 407 429 cum
433 396 528 443 quo
553 379 700 427 etiam
723 395 848 443 rege,
873 379 935 426 ad
958 376 1349 441 praedicationem
1380 375 1532 422 beatae
1561 373 1806 421 memoriae
1837 373 2049 433 Paulini,

382 482 466 510 Aa).
480 476 554 517 627,
638 460 791 524 primi>
823 459 1342 522 Nordanhymbrorum
1377 456 1602 519 episcopi,
1632 455 1776 503 fidem
1811 462 1860 504 et
1895 472 2048 504 sacra-

298 549 462 592 menta
486 543 675 592 Christi
710 543 933 606 suscepit,
971 547 1117 604 atque
1152 541 1254 588 haec
1289 538 1559 602 usquedum
1591 539 1653 586 ad
1684 539 1786 600 ejus
1813 538 2050 586 visionem

298 626 552 690 pervenire
577 625 768 683 meruit,
794 626 1081 673 intemerata
1105 621 1329 671 servavit.

368 708 490 770 Quae
525 727 633 757 cum
665 709 836 757 relicto
868 707 1041 755 habitu
1073 704 1292 754 saeculari
1320 703 1397 751 illi
1431 703 1517 751 soli
1546 703 1724 751 servire
1749 703 2051 763 decrevisset,

298 788 493 836 secessit
533 788 594 836 ad
635 787 936 851 provinciam
980 784 1303 833 Orientalium
1341 782 1643 846 Anglorum:
1694 788 1799 830 erat
1843 800 2051 847 namque

297 871 570 934 propinqua
604 870 731 933 regis
765 869 914 926 illius,
948 867 1227 915 desiderans
1260 865 1451 925 exinde,
1488 866 1528 914 si
1565 882 1661 928 quo
1697 866 1839 913 modo
1875 871 2050 928 posset,

297 953 527 1001 derelicta
567 952 727 1017 patria
767 955 817 999 et
858 949 1083 998 omnibus
1117 964 1435 1011 quaecumque
1469 947 1718 1006 habuerat,
1754 947 1806 994 in
1843 947 2051 995 Galliam

297 1037 566 1098 pervenire,
591 1039 736 1098 atque
770 1033 823 1080 in
858 1030 1152 1079 monasterio
1190 1030 1340 1078 Cale²
1373 1030 1678 1093 peregrinam
1714 1047 1804 1093 pro
1841 1029 2051 1077 Domino

296 1118 448 1166 vitam
485 1117 673 1174 ducere,
699 1132 794 1179 quo
829 1114 1018 1163 facilius
1054 1118 1339 1178 perpetuam
1377 1112 1430 1159 in
1469 1113 1596 1161 caelis
1636 1113 1848 1176 patriam
1889 1116 2054 1176 posset

296 1200 484 1248 mereri.
555 1199 683 1246 Nam
722 1201 771 1246 et
804 1197 856 1244 in
893 1197 1061 1245 eodem
1097 1195 1390 1244 monasterio
1426 1212 1563 1243 soror
1599 1195 1754 1258 ipsius
1792 1193 2051 1254 Heresuid,

296 1289 452 1330 mater
475 1281 699 1329 Alduulfi
721 1280 850 1343 regis
876 1279 1200 1328 Orientalium
1223 1278 1512 1342 Anglorum‚
1532 1278 1834 1342 regularibus
1858 1277 2052 1325 subdita

295 1365 577 1430 disciplinis,
605 1365 710 1428 ipso
745 1370 966 1427 tempore
1001 1380 1226 1412 coronam
1262 1363 1576 1426 exspectabat
1611 1366 1873 1412 aeternam:
1917 1361 2053 1425 cujus

294 1450 522 1498 aemulata
545 1448 838 1511 exemplum,
858 1453 908 1496 et
931 1448 1040 1510 ipsa
1062 1446 1313 1510 proposito
1332 1446 1671 1509 peregrinandi
1693 1458 1872 1494 annum
1891 1450 2052 1493 totum

358 1551 530 1586 becomes
547 1561 571 1586 a
635 1531 687 1578 in
710 1531 915 1594 praefata
937 1529 1189 1594 provincia
1213 1533 1402 1577 retenta
1432 1534 1531 1578 est:
1580 1529 1753 1576 deinde
1777 1529 1837 1576 ab
1861 1527 2052 1576 Aidano

393 1611 535 1685 ἓξὲξ
634 1613 856 1676 episcopo
885 1612 938 1660 in
972 1612 1182 1676 patriam
1206 1618 1445 1672 revocata,
1470 1612 1653 1675 accepit
1683 1611 1844 1659 locum
1859 1608 1878 1636 ³
1909 1610 2052 1659 unius

329 1699 594 1740 humberland,
635 1694 832 1743 familiae
866 1695 929 1743 ad
965 1694 1397 1758 septentrionalem
1433 1694 1623 1757 plagam
1647 1693 1791 1742 Viuri
1822 1691 2050 1751 fluminis,

293 1780 379 1827 ubi
420 1796 555 1843 aeque
593 1795 720 1827 anno
760 1794 860 1825 uno
901 1776 1232 1825 monachicam
1270 1793 1381 1824 cum
1421 1775 1674 1839 perpaucis
1715 1775 1856 1824 sociis
1897 1775 2051 1824 vitam

293 1863 480 1926 agebat.

363 1945 485 1994 Post
532 1945 634 1992 haec
680 1943 810 1990 facta
851 1946 926 1989 est
967 1941 1211 1990 abbatissa
1253 1941 1304 1988 in
1346 1940 1641 1989 monasterio
1684 1941 1814 2003 quod
1848 1946 2052 1988 vocatur

633 2024 856 2073 Heruteu
873 2025 918 2084 4;
956 2024 1086 2088 quod
1109 2024 1336 2072 videlicet
1359 2023 1712 2071 monasterium
1736 2024 1920 2071 factum
1944 2028 2049 2070 erat

632 2124 729 2154 non
765 2107 922 2154 multo
957 2111 1070 2154 ante
1105 2123 1134 2154 a
1168 2106 1393 2170 religiosa
1427 2105 1614 2155 Christi
1650 2106 1831 2153 famula
1869 2105 2002 2152 Heiu
2018 2105 2048 2164 ⁵,

632 2206 738 2251 quae
764 2189 922 2252 prima
951 2188 1245 2237 feminarum
1277 2190 1431 2238 fertur
1462 2189 1515 2236 in
1548 2188 1799 2252 provincia
1824 2189 1871 2235 N
1876 2188 2051 2236 ordan-

292 2270 609 2333 hymbrorum
634 2271 941 2335 propositum
956 2273 973 2298 ⁶
998 2276 1276 2335 vestemque
1303 2272 1684 2321 sanctimonialis
1708 2271 1919 2330 habitus,
1939 2287 2051 2319 con—

292 2358 508 2401 secrante
532 2352 727 2403 Aidano
752 2354 990 2419 episcop0,
1016 2355 1295 2419 suscepisse.
1357 2355 1454 2403 Sed
1476 2355 1561 2403 illa
1583 2360 1694 2422 post
1718 2371 1816 2402 non
1839 2354 2051 2402 multum

365 2070 502 2104 abbess
516 2070 558 2104 of

386 2119 539 2154 Hartle—

412 2169 506 2210 pool‚

347 2544 361 2568 ¹
391 2546 568 2599 nepotis]
600 2548 644 2586 N
646 2548 802 2600 epheW,
822 2553 898 2588 not
923 2549 1144 2601 grandson,

292 2599 338 2640 of
351 2601 564 2641 Eadwine.
594 2602 726 2655 Lapp.
739 2604 767 2644 i.
785 2616 877 2656 290.
934 2605 1145 2650 Florence‚

292 2669 332 2707 p.
353 2655 446 2705 632,
471 2657 535 2696 M.
549 2657 607 2696 Η.
621 2658 683 2701 B„
697 2659 839 2698 makes
854 2659 937 2698 him
955 2673 981 2698 a
995 2659 1147 2711 grand-

294 2723 382 2760 son,
401 2710 459 2763 by
474 2711 711 2751 Eadwine's
729 2726 804 2752 son
816 2714 1011 2754 Eanfrith
1028 2729 1038 2761 ;
1066 2715 1144 2755 but

294 2779 363 2842 set}
381 2764 537 2872 Ιὲιῗῑῗῗ,
559 2771 655 2861 Πὸἶξέ
677 2779 718 2874 ἰ).
749 2833 840 2874 155,
871 2823 954 2863 and
981 2828 1077 2863 note
1107 2835 1146 2875 5.

292 2875 412 2927 Pagi,
444 2886 532 2916 AD.
562 2875 656 2922 680,
690 2880 738 2925 ἐξ
775 2889 918 2930 14—19,
948 2879 1148 2918 contende

291 2930 388 2970 that
426 2930 542 2970 Beda
577 2935 692 2970 must
731 2932 783 2971 be
823 2933 1044 2980 mistaken‚
1082 2934 1146 2973 for

291 2985 388 3040 that
418 2985 490 3024 the
526 2989 764 3038 monastery
796 2991 841 3026 at
871 2988 1034 3028 Chelles
1061 3002 1146 3028 was

291 3044 366 3078 not
386 3040 568 3080 founded
588 3040 657 3080 till
676 3041 784 3080 after
802 3042 885 3081 this
904 3044 1018 3083 time.
1058 3043 1145 3082 But

293 3095 330 3133 it
358 3095 394 3133 is
422 3096 601 3147 possible
629 3096 725 3135 that
744 3096 943 3136 Bathilde
963 3098 1147 3137 restored

292 3150 457 3189 instead
476 3150 523 3190 of
535 3151 741 3202 founding
759 3150 832 3190 the
850 3156 1102 3204 monastery.

347 3204 362 3227 ³
391 3205 543 3258 locum]
576 3205 879 3246 Unidentified.

347 3258 364 3282 ⁴
389 3260 591 3313 Heruteu]
647 3260 725 3301 See
752 3274 794 3314 p.
827 3262 917 3315 189.
974 3262 1143 3303 Hartle-

1201 2549 1307 2602 pool,
1328 2563 1422 2589 now
1442 2549 1591 2589 almost
1616 2563 1671 2589 an
1694 2549 1829 2590 island
1847 2549 1952 2589 from
1977 2550 2051 2590 the

1202 2605 1369 2644 inroads
1407 2604 1454 2644 of
1476 2605 1549 2644 the
1587 2618 1668 2644 sea.
1724 2604 1858 2644 There
1895 2619 1966 2645 are
1996 2619 2050 2645 no

1202 2660 1382 2699 remains
1408 2659 1456 2699 of
1476 2659 1550 2699 the
1578 2660 1670 2699 first
1695 2659 1954 2706 foundation,
1973 2661 2050 2700 but

1200 2719 1335 2754 traces
1354 2715 1440 2754 still
1456 2715 1563 2754 exist
1578 2715 1623 2754 of
1637 2729 1663 2754 a
1682 2715 1789 2754 later
1802 2715 2050 2755 foundation

1201 2770 1247 2810 of
1272 2775 1282 2791 ⁶
1298 2770 1447 2809 fratres
1465 2770 1669 2809 minores)
1724 2770 1814 2809 The
1841 2770 2050 2821 parochia-l

1201 2825 1356 2864 church
1379 2838 1462 2864 was
1480 2824 1601 2863 made
1621 2837 1718 2863 over
1728 2829 1781 2864 to
1800 2824 1872 2864 the
1891 2837 2050 2864 monas-

1202 2884 1294 2931 tery
1321 2880 1368 2918 of
1390 2879 1648 2931 Gisborough
1685 2879 1742 2932 by
1769 2880 1824 2919 its
1862 2879 2047 2929 founder,

1200 2934 1363 2974 Robert
1382 2934 1434 2973 de
1454 2936 1572 2974 Brus.
1629 2934 1672 2974 S.

1256 2990 1272 3013 ⁵
1300 2988 1437 3041 Heia]
1478 2989 1640 3029 Leland
1667 2989 1751 3028 and
1782 2989 1935 3036 others,
1972 2989 2049 3028 but

1201 3043 1383 3084 without
1421 3044 1628 3083 sufficient
1674 3057 1832 3090 reason,
1870 3044 2048 3095 identify

1202 3099 1278 3138 her
1306 3099 1410 3138 with
1448 3098 1567 3150 Begu
1606 3102 1694 3150 (see
1731 3114 1772 3152 p.
1805 3098 1916 3150 266),
1954 3099 2046 3137 who

1200 3153 1381 3193 founded
1409 3154 1470 3194 St.
1490 3154 1608 3193 Bees.
2027 3168 2031 3172 ·

1253 3209 1269 3232 ⁶
1292 3208 1570 3261 propositam]
1631 3208 1693 3248 Cf.
1737 3208 2044 3248 ‘monachicum

1200 3264 1406 3316 suscipere
1433 3262 1713 3316 propositum‚'
1740 3263 1861 3313 infra,
1887 3274 1929 3316 p.
1953 3271 2043 3313 270.

2210 649 2216 795 .-.-..——.-
2207 274 2216 633 .-....-.—..a—-..14„-..-
2214 239 2216 241 .
