2216 3554
194 160 312 210 CAP.
329 157 485 229 xxm]
823 161 990 210 Gentis
1022 158 1310 224 Anylormn.
1734 172 1742 175 ’
1857 161 1956 207 259

891 517 1039 569 OAP.
1078 517 1251 568 XXII.

247 673 297 714 Ut
319 675 485 715 vincula
503 674 717 727 cujusdam
736 673 903 726 captivi.
923 686 1014 714 cum
1029 686 1107 726 pro
1125 686 1171 714 eo
1192 674 1326 715 missae
1344 675 1625 720 cantarentur,
1645 667 1779 712 soluta
1799 669 1896 710 sint.

261 807 328 856 IN
373 809 575 872 praefato
622 815 786 857 autem
831 808 1001 873 praelio
1050 825 1147 873 quo
1197 807 1382 856 occisus
1439 811 1513 856 est
1562 806 1682 855 rex²
1730 803 1951 862 AElfuini,

193 892 503 940 memorabile
551 892 795 956 quoddam
841 892 1025 940 factum
1073 908 1175 939 esse
1228 893 1430 948 constat,
1480 889 1610 954 quod
1696 921 1869 960 A.D.679.

191 989 498 1038 nequaquam
554 975 746 1024 silentio
802 974 1191 1039 praetereundum
1245 973 1470 1034 arbitror,
1526 972 1608 1021 sed
1646 969 1915 1054 οίρἒζξὲξιξῖἓί,

191 1057 458 1105 multorum
521 1058 682 1117 saluti,
743 1057 784 1105 si
843 1058 1092 1115 referatur,
1152 1057 1253 1105 fore
1321 1055 1607 1120 proficuum,
1653 1069 1892 1127 Northpum-

193 1139 393 1188 Occisus
430 1145 504 1189 est
538 1141 607 1188 ibi
643 1141 774 1189 inter
810 1140 945 1200 alios,
970 1140 1029 1188 de
1058 1139 1237 1187 militia
1267 1139 1370 1203 ejus
1398 1138 1606 1201 ι1111161116,
1737 1119 1833 1154 bna.

190 1223 420 1271 vocabulo
445 1223 618 1283 Imma,
644 1223 730 1287 qui
766 1241 876 1272 cum
913 1223 991 1271 die
1026 1222 1111 1271 illo
1148 1227 1197 1271 et
1232 1227 1371 1271 nocte
1404 1221 1626 1286 sequenti
1654 1221 1784 1270 inter
1816 1221 1954 1270 cada-

188 1322 303 1352 vera
339 1306 605 1354 occisorum
642 1306 815 1354 similis
852 1312 1043 1355 mortuo
1080 1307 1276 1369 jaceret,
1313 1305 1512 1354 tandem
1547 1310 1741 1368 recepto
1777 1304 1954 1367 spiritu

189 1388 383 1448 revixit,
421 1406 476 1437 ac
513 1389 727 1437 residens
771 1406 857 1437 sua
896 1388 1113 1449 vulnera,
1149 1394 1297 1452 prout
1337 1387 1515 1452 potuit,
1553 1387 1656 1451 ipse
1698 1387 1950 1451 alligavit:

189 1471 302 1518 dein
326 1472 569 1520 modicum
594 1473 844 1536 requietus
867 1470 1047 1521 levavit
1078 1488 1142 1531 se,
1168 1477 1217 1520 et
1247 1470 1392 1535 coepit
1424 1471 1558 1518 abire
1586 1470 1743 1518 sicubi
1775 1469 1954 1518 amicos

189 1554 274 1617 qui
321 1555 397 1602 sui
444 1571 612 1603 curam
652 1561 865 1620 agerent,
904 1558 1065 1619 posset
1106 1554 1338 1602 invenire.
1411 1553 1556 1615 Quod
1598 1554 1716 1601 dum
1757 1553 1952 1611 faceret,

188 1636 415 1685 inventus
440 1641 528 1696 est,
555 1641 603 1685 et
628 1644 798 1701 eaptus
823 1653 851 1686 a
875 1637 994 1686 viris
1028 1637 1222 1685 hostilis
1255 1636 1512 1695 exercitus,
1539 1642 1587 1685 et
1612 1636 1673 1683 ad
1697 1635 1953 1684 dominum

186 1721 422 1784 ipsorum,
448 1721 675 1770 comitem
699 1721 927 1770 videlicet
952 1720 1194 1769 AEdilredi
1227 1721 1369 1783 regis,
1399 1720 1665 1769 adductus:
1702 1737 1731 1767 a
1757 1736 1852 1782 quo
1876 1718 1951 1766 in·
1986 1757 1989 1763 ,

186 1807 462 1867 terrogatus
498 1804 606 1867 quis
643 1809 782 1863 esset,
806 1805 975 1852 timuit
1009 1821 1059 1852 se
1094 1803 1300 1851 militem
1335 1802 1486 1851 fuisse
1522 1801 1766 1862 confiteri;
1804 1801 1951 1849 rusti-

186 1903 297 1935 cum
336 1903 386 1935 se
427 1887 594 1950 potius
633 1890 683 1935 et
716 1903 995 1950 pauperem,
1031 1892 1178 1950 atque
1206 1902 1386 1934 uxoreo
1420 1885 1615 1934 vinculo
1651 1883 1950 1948 conligatum
1988 1873 1989 1876 Ἴ

185 1969 335 2018 fuisse
375 1969 627 2033 respondit
644 1986 656 2030 ;
707 1973 757 2018 et
794 1973 995 2033 propter
1035 1969 1221 2018 victum
1261 1968 1499 2016 militibus
1540 1968 1857 2016 adferendum
1898 1967 1950 2015 in
1997 1971 1999 1974 ’

186 2052 545 2116 expeditionem
573 2070 622 2101 se
646 2069 757 2101 cum
782 2052 884 2100 suis
909 2052 1149 2101 similibus
1172 2052 1363 2100 venisse
1386 2055 1592 2100 testatus
1616 2054 1704 2099 est.
1775 2049 1845 2098 At
1868 2049 1950 2097 ille

185 2135 450 2199 suscipiens
485 2152 608 2195 eum,
641 2153 807 2183 curam
831 2135 1114 2183 vulneribus
1147 2135 1274 2198 egit3
1314 2139 1362 2183 et
1391 2134 1476 2183 ubi
1509 2150 1754 2182 sanescere
1786 2133 1952 2197 coepit,

184 2223 333 2266 noctu
371 2235 482 2267 eum
518 2235 576 2265 ne
613 2218 885 2282 aufugeret,
922 2217 1096 2266 vinciri
1131 2218 1374 2282 praecepit.
1446 2217 1549 2268 Nec
1577 2220 1742 2264 tamen
1771 2215 1949 2264 vinciri

184 2300 378 2364 potuit:
430 2319 543 2349 nam
584 2319 700 2350 mox
740 2306 797 2350 ut
837 2301 998 2350 abiere
1040 2301 1125 2366 qui
1164 2301 1439 2360 vinxerant,
1483 2300 1651 2349 eadem
1691 2299 1794 2363 ejus
1834 2303 1949 2347 sunt

185 2384 380 2432 vincula
415 2383 585 2432 soluta.

254 2467 484 2515 Habebat
530 2466 660 2515 enim
705 2483 993 2531 germanum
1033 2466 1237 2515 fratrem
1278 2465 1359 2514 6111
1400 2482 1576 2514 110111611
1618 2470 1722 2514 erat
1759 2465 1946 2524 Tunna,

183 2550 521 2613 presbyterum
547 2555 595 2597 et
619 2550 843 2598 abbatem
872 2549 1154 2598 monasterii
1177 2549 1230 2597 in
1253 2549 1452 2599 civitate
1483 2566 1590 2614 quae
1620 2548 1853 2597 hactenus
1886 2548 1946 2595 ab

183 2632 287 2696 ejus
306 2631 501 2680 nomine
517 2629 890 2680 Tunnacaestir²
908 2632 1280 2695 cognominatur
1300 2650 1309 2679 :
1345 2632 1428 2696 qui
1449 2648 1561 2681 cum
1579 2648 1690 2680 eum
1709 2632 1762 2679 111
1780 2647 1948 2695 pugna

182 2705 490 2778 peremptum
515 2714 721 2774 audiret,
745 2714 881 2763 venit
913 2732 1132 2779 quaerere
1162 2715 1202 2763 si
1231 2716 1355 2765 forte
1388 2732 1562 2780 corpus
1595 2717 1698 2778 ejus
1726 2713 1945 2763 invenire

181 2800 357 2863 posset,
393 2797 746 2861 inventumque
783 2797 933 2846 alium
968 2797 1042 2846 illi
1079 2814 1167 2862 per
1201 2799 1365 2847 omnia
1400 2798 1719 2857 simillimum,
1749 2796 1946 2861 putavit

182 2882 343 2947 ipsum
379 2898 511 2930 esse:
558 2898 701 2945 quem
739 2882 800 2929 ad
837 2883 1184 2931 monasterium
1227 2900 1370 2933 suum
1410 2883 1644 2944 deferens,
1683 2881 1944 2931 honorifice

182 3008 302 3054 elain,
322 3020 407 3048 was
426 3011 471 3047 to
488 3006 540 3046 be
560 3005 660 3058 paid
677 3009 721 3046 to
739 3006 804 3046 his
822 3006 1032 3053 relatives,
1087 3006 1228 3048 Saxon
1248 3007 1384 3055 Laws,
1403 3008 1432 3047 i.
1457 3007 1559 3054 1863
1589 3007 1785 3052 Kemble,
1802 3006 1828 3045 i.
1850 3007 1942 3056 284.

181 3078 228 3103 or
255 3062 572 3116 gild-brethren.
629 3062 731 3101 This
756 3075 841 3101 was
869 3076 895 3101 a
923 3061 1032 3114 prin·
1143 3061 1158 3084 ¹
1184 3064 1273 3117 rex]
1306 3063 1376 3104 He
1400 3064 1437 3103 is
1458 3063 1594 3104 called
1623 3069 1632 3084 ‘
1646 3075 1720 3102 rex
1734 3060 1743 3076 ’
1774 3062 1861 3101 also
1886 3061 1942 3112 by

180 3119 287 3171 ciple
309 3131 494 3157 common
516 3121 560 3156 to
579 3117 636 3157 all
651 3116 853 3156 Teutonic
873 3116 1034 3169 legisla-
1088 3117 1263 3165 Haedde,
1289 3131 1352 3170 24.

180 3174 282 3214 tion.
303 3174 392 3213 The
402 3173 444 3212 N
449 3172 763 3211 orthhumbrian
775 3170 1034 3224 AEtheling’s
1143 3172 1159 3196 ²
1176 3173 1495 3227 Tunnacaestir]
1512 3171 1813 3214 Unidentified.
1836 3171 1942 3209 Con-

180 3227 800 3281 wergildwa815000thrymsas
811 3245 845 3259 =
861 3237 877 3265 1
888 3239 903 3267 1
915 3228 1031 3279 2,782
1089 3228 1277 3281 jectured
1304 3233 1348 3269 to
1377 3230 1429 3270 be
1449 3230 1683 3269 Towcester
1711 3227 1754 3266 in
1786 3226 1830 3265 N
1832 3226 1944 3265 orth-

184 3284 325 3324 Saxon
367 3283 570 3335 shillings.
638 3281 836 3335 Thorpe’s
881 3283 1034 3335 Anglo-
1091 3284 1387 3337 amptonshire.

1010 3367 1088 3403 82
