2216 3554
310 153 406 199 288
886 147 1113 196 Historia
1148 146 1487 195 Ecclesiastica
1835 143 1971 214 [LIB.
1985 161 2055 196 IV.

309 287 527 329 sternens
560 295 609 327 se
634 278 694 326 ad
719 295 890 341 corpus
913 277 1007 326 viri
1033 277 1143 336 Dei,
1168 277 1251 340 pia
1274 276 1543 325 intentione
1567 293 1654 340 per
1677 278 1781 340 ejus
1817 278 2055 326 auxilium

311 363 579 411 Dominum
614 360 708 408 sibi
742 360 1007 424 propitium
1042 359 1147 406 fieri
1175 359 1499 422 precabatur:
1551 364 1694 422 atque
1730 358 1860 406 inter
1893 376 2057 421 preces

309 446 446 494 velut
491 444 545 491 in
593 459 812 507 soporem
855 443 1040 490 solutus
1088 441 1252 499 sensit,
1293 445 1350 489 ut
1389 441 1492 503 ipse
1526 445 1698 503 postea
1738 441 1915 489 referre
1952 448 2057 490 erat

309 527 495 585 solitus,
534 525 672 589 quasi
713 526 937 588 magnam
974 524 1219 586 latamque
1261 539 1458 570 manum
1501 528 1644 584 caput
1687 523 1779 570 sibi
1818 523 1870 571 in
1916 529 2056 586 parte

310 626 407 672 qua
465 608 671 667 dolebat,
732 607 966 670 tetigisse,
1025 606 1286 668 eodemque
1344 609 1478 652 tactu
1543 610 1698 652 totam
1758 604 1890 652 illam
1951 623 2057 668 quae

308 692 540 757 languore
586 707 750 753 pressa
795 690 954 737 fuerat
1001 687 1215 750 corporis
1273 687 1350 734 sui
1397 691 1600 750 partem,
1649 687 1882 749 paulatim
1928 687 2055 749 fugi-

309 778 419 822 ente
469 773 646 831 dolore,
695 789 751 820 ac
802 771 1009 819 sanitate
1068 770 1401 831 subsequente,
1450 769 1512 816 ad
1557 769 1703 831 pedes
1749 785 1902 831 usque
1947 786 2055 832 per-

308 856 550 905 transisse.
623 855 731 914 Quo
779 855 921 911 facto,
954 869 1077 899 ‘mox
1124 850 1358 913 evigilans
1405 850 1687 899 sanissimus
1734 851 1961 909 surrexit,
2001 868 2056 898 ac

308 957 398 1002 pro
434 956 520 987 sua
556 937 763 987 sanitate
799 934 1008 982 Domino
1044 932 1226 996 gratias
1261 933 1421 981 denuo
1455 934 1677 991 referens,
1704 933 1825 996 quid
1858 950 1971 996 erga
2006 951 2055 982 se

308 1027 470 1070 actum
507 1026 630 1069 esset
655 1018 888 1066 fratribus
923 1015 1186 1064 indicavit:
1224 1015 1514 1078 cunctisque
1549 1015 1958 1078 congaudentibus
1993 1017 2056 1063 ad

307 1102 631 1151 ministerium
656 1100 782 1164 quod
820 1098 1039 1146 solicitus
1075 1097 1302 1145 exhibere
1338 1097 1534 1156 solebat,
1561 1097 1698 1160 quasi
1733 1097 1921 1161 flagello
1944 1115 2056 1161 pro-

307 1188 454 1234 bante
479 1183 759 1246 castigatior
782 1181 942 1229 rediit.

375 1268 470 1317 Sed
517 1271 566 1314 et
613 1257 906 1323 indumenta,
951 1263 1127 1327 quibus
1166 1262 1272 1310 Deo
1310 1262 1525 1310 dicatum
1563 1278 1735 1325 corpus
1778 1262 2052 1321 Oudbercti,

306 1352 384 1400 vel
421 1350 591 1398 vivum
626 1354 780 1405 antea,
816 1347 894 1395 vel
931 1351 1099 1410 postea
1134 1347 1418 1394 defunctum
1455 1345 1734 1402 vestierant,
1771 1345 1916 1392 etiam
1950 1345 2054 1408 ipsa

308 1451 336 1481 a
382 1432 542 1497 gratia
588 1430 789 1479 curandi
834 1447 932 1477 non
978 1432 1221 1486 vacarunt,
1270 1427 1394 1475 sicut
1440 1427 1492 1474 in
1538 1427 1785 1474 volumine
1827 1428 1958 1478 Vitae
2005 1434 2054 1475 et

305 1517 542 1565 virtutum
578 1517 679 1577 ejus
715 1512 921 1577 quisque
956 1511 1129 1573 legerit
1164 1510 1393 1558 inveniet.

973 1722 1124 1774 CAP.
1173 1721 1386 1771 XXXH.

439 1873 491 1915 Ut
511 1874 616 1914 alter
636 1873 695 1913 ad
713 1871 908 1924 reliquias
928 1871 1013 1922 ejus
1032 1883 1163 1922 nuper
1175 1868 1310 1921 fuerit
1328 1869 1380 1909 ab
1400 1856 1508 1908 oculi
1527 1866 1722 1919 lanquore
1740 1872 1916 1909 curatus.

374 1988 486 2037 NEC
534 1984 722 2035 silentio
764 1983 1156 2047 praetereundum
1183 1983 1324 2046 quod
1363 1987 1476 2030 ante
1512 1980 1778 2029 triennium
1816 1997 1903 2043 per
1938 1980 2050 2029 reli-

390 2124 460 2150 AD
486 2118 546 2157 728
645 2065 783 2129 quias
825 2066 927 2129 ejus
962 2065 1159 2123 factum,
1196 2081 1350 2127 nuper
1384 2063 1507 2111 mihi
1547 2081 1635 2126 per
1671 2063 1830 2126 ipsum
1867 2062 1918 2109 in
1954 2079 2050 2125 quo

388 2141 560 2200 A'ncithfflt
643 2149 825 2196 factum
863 2152 950 2206 est,
988 2147 1186 2195 fratrem
1227 2145 1455 2194 innotuit.
1526 2146 1616 2194 Est
1662 2151 1826 2193 autem
1867 2145 2048 2192 factum

353 2215 591 2305 wrfflfftlzy
643 2231 695 2278 in
742 2229 1032 2278 monasterio
1079 2230 1210 2294 quod
1250 2231 1397 2292 juxta
1442 2245 1632 2276 amnem
1678 2227 1896 2276 Dacore¹
1939 2243 2050 2274 con-

346 2313 593 2398 Cuffgffigllb's
646 2319 883 2361 structum
929 2313 991 2361 ab
1036 2329 1092 2360 eo
1140 2328 1402 2375 cognomen
1445 2311 1642 2374 accepit,
1684 2309 1763 2358 cui
1807 2314 1925 2357 tunc
1971 2308 2050 2355 vir

643 2395 895 2459 religiosus
944 2393 1236 2444 Suidberct²
1272 2395 1463 2443 abbatis
1497 2393 1609 2457 jure
1649 2392 1856 2457 praefiiit.
1927 2392 2049 2439 Erat

303 2479 353 2527 in
389 2495 444 2526 eo
480 2477 675 2541 quidam
717 2478 990 2526 adolescens
1030 2478 1110 2526 cui
1137 2482 1308 2525 ’tumor
1343 2475 1573 2524 deformis
1607 2475 1885 2538 palpebram
1921 2473 2048 2522 oculi

302 2562 578 2619 foedaverat,
605 2561 692 2624 qui
727 2578 835 2609 cum
873 2578 962 2624 per
997 2561 1099 2609 dies
1134 2577 1348 2609 crescens
1382 2559 1518 2607 oculo
1553 2558 1807 2606 interitum
1841 2556 2048 2604 minare-

302 2651 399 2702 tur,
449 2644 681 2691 curabant
727 2643 900 2691 medici
950 2643 1078 2692 hunc
1135 2643 1368 2706 adpositis
1413 2641 1776 2705 pigmentorum
1820 2637 2047 2686 fomentis

303 2725 532 2783 emollire,
574 2741 662 2772 nec
701 2725 940 2773 valebant.
1012 2725 1222 2786 Quidam
1262 2724 1606 2774 abscidendum
1647 2739 1748 2770 esse
1788 2721 2046 2777 dicebant;

301 2808 387 2857 alii
427 2808 519 2856 hoc
553 2806 658 2855 fieri
700 2811 832 2855 metu
874 2808 1069 2871 majoris
1110 2807 1313 2872 periculi
1346 2806 1588 2855 vetabant.
1659 2804 1880 2867 Cumque
1923 2805 2046 2850 tem-

355 2933 371 2956 ¹
402 2932 575 2986 Dacore]
607 2932 651 2971 A
682 2931 800 2970 small
833 2935 984 2971 stream
1013 2932 1149 2972 which
1202 2946 1256 2972 no
1274 2932 1452 2972 remains
1471 2932 1518 2971 of
1537 2945 1562 2971 a
1588 2934 1835 2981 monastery,
1854 2941 1931 2968 nor
1949 2926 2045 2966 does

303 3002 404 3027 runs
431 2989 521 3027 into
548 2987 621 3026 the
650 2986 842 3032 Eamont,
872 2987 1008 3026 which
1037 2988 1154 3026 itself
1203 3001 1286 3040 any
1309 3001 1462 3039 appear
1488 2987 1546 3039 by
1573 3000 1656 3038 any
1677 2985 1839 3024 records
1866 2988 1911 3022 to
1939 2983 2045 3021 have

302 3044 418 3082 flows
456 3046 530 3082 out
577 3042 620 3081 of
662 3040 735 3080 the
772 3054 903 3093 upper
939 3042 1062 3080 reach
1108 3043 1155 3082 of
1202 3042 1308 3081 been
1345 3041 1541 3093 standing
1571 3041 1682 3080 since
1713 3040 1785 3079 the
1822 3039 2042 3088 Conquest.

302 3098 565 3138 Ulleswater.
611 3096 738 3149 Upon
751 3095 805 3135 its
825 3096 936 3135 bank
956 3096 991 3135 is
1010 3097 1146 3136 Dacre
1200 3097 1396 3141 Camden,
1418 3096 1476 3135 iii.
1495 3106 1590 3147 425.

302 3153 454 3198 Oastle,
481 3151 609 3191 noted
634 3151 696 3191 for
720 3151 863 3202 giving
892 3151 973 3190 rise
1001 3155 1045 3190 to
1072 3151 1146 3191 the
1254 3150 1270 3173 ²
1297 3149 1529 3202 Suidberct]
1552 3150 1699 3189 Notto
1716 3149 1769 3188 be
1788 3144 2042 3187 confounded

302 3207 447 3260 family
473 3208 518 3247 of
538 3207 631 3247 that
657 3219 804 3246 name:
836 3206 912 3245 but
938 3206 1055 3246 there
1075 3220 1144 3246 are
1199 3206 1304 3247 with
1323 3206 1480 3258 Bishop
1499 3204 1766 3250 Swithberht,
1786 3215 1852 3242 see
1870 3214 1909 3241 v.
1932 3211 1994 3241 12.
