2216 3554
184 205 301 255 cip,
321 203 485 273 xxix]
575 270 577 272 η
832 202 995 252 Gentis
1028 201 1312 264 Anqzorum.
1830 206 1926 252 207

252 338 439 387 Verum
476 334 695 399 Vighard
742 334 947 382 Romam
991 333 1290 396 perveniens,
1328 332 1614 396 priusquam
1661 334 1929 382 consecrari

183 418 236 466 in
283 419 609 482 episcopatum
652 419 828 480 posset,
876 421 1032 463 morte
1078 420 1343 478 praereptus
1400 419 1487 474 est,
1537 420 1586 463 et
1671 441 1744 476 but
1759 441 1840 476 dies

183 500 461 564 hujusmodi
500 499 654 548 literae
695 497 800 562 regi
840 497 996 546 Osuiu
1035 497 1331 546 Brittaniam
1372 497 1585 545 remissae
1701 492 1821 527 there.

183 589 496 700 SUI‘ffl]·omino
519 649 769 706 excellenti
792 648 894 697 filio
920 647 1070 696 Osuio
1105 647 1207 710 regi
1243 647 1504 707 Saxonum,
1524 646 1802 695 Vitalianus
1827 645 1928 708 epi-

183 751 368 797 scopus,
393 749 557 781 servus
585 749 832 780 servorum
860 731 969 780 Dei.
1038 730 1393 778 Desiderabiles
1417 731 1582 779 literas
1643 747 1744 789 Pope
1758 746 1862 781 Vita-

185 816 481 865 excellentiae
525 820 698 864 vestrae
749 814 1082 877 suscepimus:
1145 830 1264 876 quas
1305 813 1585 877 relegentes,
1630 797 1885 881 Ῑιῗὲξξὲΐζθῖἒε

185 895 495 959 cognovimus
523 898 625 959 ejus
652 894 920 959 piissimam
949 892 1267 952 devotionem,
1292 892 1586 940 ferventissi-
1686 896 1821 931 Oswio-

184 996 411 1043 mumque
445 996 669 1039 amorem,
708 995 852 1043 quem
886 977 1033 1024 habet
1068 981 1267 1039 propter
1301 976 1493 1024 beatam
1517 975 1698 1036 vitam3
1737 981 1785 1023 et
1815 976 1930 1040 quia

184 1062 384 1110 dextera
413 1062 612 1110 Domini
643 1066 924 1126 protegente
953 1059 1015 1106 ad
1047 1075 1212 1107 veram
1248 1061 1297 1105 81,
1334 1059 1648 1122 apostolicam
1682 1058 1826 1107 fidem
1863 1058 1930 1107 sit

185 1160 455 1205 conversus,
491 1161 684 1209 sperans
730 1149 786 1192 ut
833 1143 958 1191 sicut
998 1141 1050 1189 in
1090 1157 1176 1189 sua
1219 1146 1363 1204 gente
1402 1134 1586 1204 regnat,
1623 1141 1695 1190 ita
1736 1145 1785 1190 et
1821 1158 1929 1190 cum

186 1226 379 1275 Christo
402 1227 454 1274 in
477 1228 642 1275 futuro
668 1240 968 1289 conregnare.
1033 1223 1298 1289 Benedicta
1320 1222 1475 1287 igitur
1497 1241 1627 1287 gens,
1648 1242 1756 1288 quae
1778 1225 1930 1273 talem

184 1309 605 1372 sapientissimum,
631 1315 680 1357 et
703 1308 796 1356 Dei
823 1308 1058 1356 cultorem
1094 1305 1359 1369 promeruit
1386 1306 1561 1355 habere
1589 1323 1774 1370 regem:
1815 1306 1930 1371 quia

184 1409 281 1440 non
302 1393 454 1440 solum
479 1392 579 1455 ipse
597 1391 689 1439 Dei
710 1390 868 1439 cultor
888 1389 1065 1448 extitit,
1086 1388 1170 1436 sed
1194 1388 1341 1436 etiam
1366 1405 1529 1436 omnes
1555 1389 1793 1452 subjectos
1818 1407 1930 1439 suos

184 1474 448 1522 meditatur
464 1474 542 1522 die
561 1491 614 1522 ac
633 1479 770 1521 nocte
794 1473 856 1521 ad
874 1471 1020 1519 fidem
1044 1462 1324 1519 catholicam
1343 1477 1488 1534 atque
1512 1473 1824 1535 apostolicam
1842 1489 1929 1536 pro

183 1573 283 1605 suae
302 1557 475 1605 animae
493 1556 820 1619 redemptione
840 1554 1067 1603 converti.
1116 1554 1240 1614 Quis
1263 1554 1392 1601 enim
1411 1555 1611 1603 audiens
1629 1555 1729 1603 haec
1748 1557 1928 1616 suavia,

183 1656 280 1686 non
303 1639 528 1687 laetetur'l
589 1638 709 1699 Quis
733 1655 831 1686 non
856 1638 1041 1685 exultet
1073 1641 1122 1684 81
1145 1637 1353 1700 gaudeat
1376 1637 1427 1684 111
1451 1637 1527 1685 1118
1551 1638 1646 1701 piis
1671 1640 1928 1702 operibus‘l

183 1720 313 1781 Quia
335 1725 385 1768 et
407 1737 524 1783 gens
549 1725 709 1769 vestra
735 1720 928 1768 Christo
953 1719 1276 1782 omnipotenti
1294 1718 1401 1766 Deo
1426 1720 1647 1780 credidit,
1665 1722 1929 1770 secundum

183 1802 462 1851 divinorum
486 1803 831 1866 prophetarum
849 1819 1001 1857 voces,
1019 1801 1145 1849 sicut
1169 1801 1404 1864 scriptum
1429 1806 1500 1850 est
1516 1803 1531 1828 ¹
1554 1802 1607 1850 in
1632 1803 1759 1852 Isaia
1781 1821 1790 1852 :
1824 1808 1851 1830 ‘¹
1868 1804 1930 1852 In

181 1885 259 1933 die
284 1885 369 1931 illa
392 1885 531 1932 radix
555 1885 586 1932 J
592 1902 702 1944 esse,
726 1884 810 1948 qui
835 1888 929 1932 stat
954 1884 1005 1931 in
1031 1883 1223 1947 signum
1246 1884 1550 1947 populorum,
1577 1885 1738 1949 ipsum
1761 1892 1929 1949 gentes

180 1966 607 2030 deprecabuntur.''
690 1967 757 2014 Et
810 1967 1050 2015 iterum2:
1091 1971 1118 1994 ‘⁶
1137 1966 1320 2014 Audite
1362 1966 1548 2026 insulae,
1587 1974 1635 2016 et
1683 1968 1929 2017 adtendite

180 2049 351 2114 populi
378 2050 438 2098 de
466 2049 646 2114 longe.‘'
716 2050 785 2098 Et
815 2055 925 2114 post
954 2046 1269 2113 paululumss:
1311 2052 1338 2074 “
1361 2048 1581 2109 Parum,''
1606 2050 1786 2114 inquit,
1813 2055 1840 2077 “
1857 2055 1931 2100 est

181 2135 240 2178 ut
285 2131 405 2178 mihi
455 2131 520 2179 sis
567 2149 734 2180 servus
792 2132 854 2180 ad
911 2131 1210 2181 suscitandas
1269 2131 1428 2179 tribus
1476 2132 1642 2193 Jacob,
1693 2138 1743 2182 et
1789 2134 1930 2183 faeces

182 2211 337 2261 Israel
372 2214 731 2262 convertendas.
819 2214 946 2262 Dedi
980 2218 1028 2262 te
1061 2214 1113 2261 in
1152 2215 1309 2262 lucem
1344 2215 1574 2277 gentium,
1612 2222 1668 2265 ut
1703 2217 1768 2266 sis
1804 2217 1931 2265 salus

182 2312 289 2343 mea
318 2313 470 2359 usque
505 2297 567 2344 ad
599 2304 870 2346 extremum
896 2297 1082 2345 terrae.''
1154 2297 1220 2345 Et
1256 2299 1514 2346 rursum4:
1556 2302 1582 2324 “
1603 2299 1763 2363 Reges
1795 2300 1930 2349 vide-

182 2377 318 2437 bunt,
356 2384 405 2426 et
440 2386 728 2443 consurgent
763 2379 1019 2443 principes,
1057 2383 1106 2428 et
1140 2379 1456 2429 adorabunt.'’
1527 2380 1596 2428 Et
1631 2386 1743 2446 post
1778 2383 1930 2446 pusil-

183 2458 346 2509 lum⁵:
401 2465 429 2486 ‘·'
456 2461 582 2509 Dedi
622 2466 671 2510 te
717 2462 770 2510 in
815 2462 971 2510 foedus
1018 2461 1201 2525 populi,
1237 2466 1296 2510 ut
1343 2462 1596 2512 suscitares
1642 2468 1839 2525 terram,
1882 2473 1931 2516 et

183 2541 451 2605 possideres
497 2542 802 2592 haereditates
857 2544 1125 2608 dissipatas,
1175 2548 1224 2593 ct
1281 2544 1464 2594 diceres
1521 2546 1599 2595 his
1647 2548 1732 2610 qui
1779 2549 1931 2597 vincti

184 2633 331 2675 sunt:
398 2627 599 2689 Excite;
658 2633 709 2678 et
763 2628 839 2677 his
898 2629 982 2693 qui
1046 2629 1096 2676 in
1154 2630 1380 2690 tenebris,
1432 2630 1782 2682 Revelamini.'’
1864 2634 1930 2682 Et

184 2711 438 2758 rursum⁶z
482 2714 510 2735 “
530 2711 632 2774 Ego
668 2711 911 2760 Dominus
938 2711 1107 2761 vocavi
1142 2718 1191 2760 te
1228 2712 1281 2759 in
1309 2713 1518 2776 justitia,
1552 2720 1601 2763 81,
1635 2716 1930 2779 adprehendi

184 2808 381 2840 manum
406 2796 555 2852 tuam,
582 2798 631 2841 et
655 2794 876 2856 servavi3
913 2799 964 2843 et
995 2795 1107 2844 dedi
1138 2802 1187 2844 te
1218 2796 1271 2843 in
1301 2796 1456 2845 foedus
1487 2798 1672 2861 populi,
1698 2799 1751 2846 in
1775 2800 1930 2847 lucem

184 2874 418 2938 gentium,
445 2880 501 2922 ut
524 2875 730 2938 aperires
756 2876 916 2925 oculos
942 2884 1191 2936 caecorum,
1217 2882 1268 2927 et
1292 2879 1518 2928 educeres
1543 2881 1601 2928 de
1626 2880 1930 2928 conclusione

183 2956 419 3015 vinetum,
444 2956 503 3003 de
539 2956 680 3005 domo
713 2959 914 3008 carceris
950 2961 1166 3010 sedentes
1199 2962 1252 3009 in
1283 2961 1540 3012 tenebris.'’
1590 2962 1750 3019 Ἕο88,
1777 2962 1929 3009 excel-

184 3038 447 3087 lentissime
477 3038 562 3098 fili,
595 3056 740 3103 quam
770 3041 877 3090 luce
911 3042 1086 3092 clarius
1121 3047 1208 3105 est,
1241 3061 1338 3092 non
1373 3045 1531 3094 solum
1567 3045 1626 3093 de
1662 3044 1810 3103 vobis,
1844 3044 1928 3091 sed

295 3148 306 3170 ¹
335 3148 530 3198 scriptam
549 3148 622 3201 est]
655 3148 736 3189 Isa.
757 3149 813 3191 xi.
838 3161 899 3194 10.
1189 3153 1205 3176 ⁴
1233 3153 1415 3205 rursum]
1448 3154 1510 3194 Ib.
1536 3161 1572 3204 7.

293 3201 310 3225 ²
337 3202 503 3255 ilerum]
534 3203 597 3242 Ib.
617 3203 713 3243 xlix.
738 3215 772 3243 1.
1190 3208 1206 3233 ⁵
1233 3215 1320 3260 post
1332 3207 1554 3260 pusillum]
1585 3207 1648 3246 Ib.
1670 3206 1708 3248 8.

291 3257 309 3281 ⁸
330 3263 422 3310 post
437 3257 675 3311 paululum]
706 3258 770 3299 Ib.
791 3259 830 3300 6.
1190 3263 1207 3287 ⁶
1233 3265 1415 3318 rursum]
1449 3264 1513 3305 Ib.
1534 3263 1620 3301 xlii.
1642 3260 1680 3311 6,
1705 3269 1740 3314 7.
