2216 3554
260 206 332 252 32
837 203 1067 254 Historia
1099 205 1438 255 Ecclesiastica
1812 204 1947 273 [Lm.
1972 223 2008 257 1.

964 417 1109 468 CAP.
1157 417 1308 468 XIII.

261 522 313 563 Ut
350 528 546 575 reynante
583 522 803 566 Theodosio
834 527 1004 576 minore,
1041 529 1158 580 cujus
1194 534 1368 581 tempore
1404 526 1639 568 Palladius
1675 526 1736 567 ad
1771 525 1929 568 Scottos
1965 528 2014 568 in

373 592 580 634 Christum
610 593 814 635 credentes
842 595 989 637 missua
1026 603 1097 647 est,
1133 598 1349 638 Brettones
1379 597 1432 637 ab
1460 596 1578 637 Aetio
1614 596 1772 638 consule
1804 594 2015 636 auoeilimn

362 660 603 713 flayita‘ntes
622 675 708 702 non
722 662 1044 716 impetraverint.

330 757 484 808 ANNO
524 759 795 810 Dominicae
846 762 1197 812 incarnationis
1248 764 1726 828 quadringentesimo
1776 763 2014 827 vigesimo

346 860 427 888 m).
441 865 514 896 423.
602 843 761 903 tertio,
786 844 1086 894 Theodosius
1117 845 1317 910 juni0r¹
1353 852 1462 910 post
1498 846 1772 894 Honorium
1810 845 2016 909 quadra-

265 925 478 989 gesimus
517 925 720 989 quintus
757 926 819 974 ab
842 925 1070 991 Augusto
1108 945 1315 992 regnum
1346 929 1609 992 suscipiens
1640 929 1819 992 viginti
1850 932 1899 977 et
1934 945 2018 976 sex

347 1027 434 1055 Aa).
447 1031 520 1061 431.
605 1024 756 1055 annos
780 1010 971 1070 tenuit,
1009 1013 1144 1073 cujus
1167 1028 1294 1059 anno
1318 1011 1514 1074 imperii
1539 1017 1708 1060 octavo
1733 1011 1986 1060 Palladius
2001 1007 2020 1035 ²

266 1092 330 1140 ad
353 1091 544 1142 Scottos
575 1090 629 1138 in
661 1090 914 1139 Christum
946 1093 1190 1141 credentes
1223 1110 1253 1142 a
1283 1094 1512 1157 pontifice
1536 1094 1771 1142 Romanae
1809 1094 2020 1142 ecclesiae

267 1174 523 1225 Caelestino
559 1173 749 1236 primus
781 1174 999 1222 mittitur
1033 1175 1298 1238 episcopus.
1355 1175 1517 1224 ·Ann0
1548 1182 1714 1225 autem
1749 1176 1889 1239 regni
1918 1178 2020 1239 ejus

266 1256 499 1320 vigesimo
533 1255 694 1315 tertio,
718 1254 894 1304 Aetius
926 1255 1004 1304 vir
1025 1257 1248 1306 inlustris
1281 1257 1367 1321 qui
1398 1263 1447 1306 et
1478 1259 1711 1322 patricius
1743 1259 1850 1318 fuit,
1874 1259 2021 1307 tertio

267 1356 379 1388 cum
405 1337 691 1402 Symmacho
714 1338 865 1401 gessit
889 1339 1209 1389 consulatum.
1267 1339 1350 1388 Ad
1373 1341 1502 1389 hunc
1516 1342 1534 1368 ³
1559 1342 1864 1405 pauperculae
1879 1341 2020 1389 Bret-

353 1472 438 1499 ΛΦ.
453 1464 527 1504 446.
610 1426 783 1469 tonum
805 1420 1023 1486 reliquiae
1046 1422 1255 1471 mittunt
1278 1423 1550 1487 epistolam,
1576 1426 1710 1486 cujus
1734 1423 1825 1471 hoc
1847 1423 2023 1487 princi-

306 1520 388 1555 'rhe
401 1519 558 1575 Britqns
612 1503 749 1567 pium
768 1508 840 1551 est
862 1521 871 1550 ε
899 1503 1071 1553 ‘Aetio
1095 1508 1172 1553 ter
1194 1504 1379 1553 consuli
1397 1505 1608 1569 gemitus
1622 1505 1962 1554 Brittanorum
1982 1523 1992 1553 z
2010 1505 2023 1525 ’

269 1570 446 1660 engffigss}
457 1567 582 1653 ξξῖξθ
611 1591 660 1636 et
706 1587 759 1634 in
793 1603 1017 1651 processu
1058 1587 1290 1651 epistolae,
1326 1588 1396 1637 ita
1443 1605 1554 1637 suas
1601 1588 1898 1637 calamitates
1943 1604 2028 1636 ex-

346 1669 524 1703 Romans.
610 1671 827 1736 plicant:
867 1674 879 1695 ‘
896 1670 1158 1734 Repellunt
1188 1670 1382 1719 barbari
1410 1671 1472 1719 ad
1500 1687 1646 1730 mare,
1672 1670 1864 1734 repellit
1895 1686 2026 1718 mare

271 1761 339 1811 ad
382 1760 642 1818 barbaros;
691 1756 826 1804 interv
867 1753 970 1803 haec
1022 1754 1251 1803 oriuntur
1301 1754 1399 1803 duo
1446 1771 1622 1817 genera
1667 1755 1904 1813 funerum,
1940 1758 2027 1801 aut

268 1843 563 1909 jugulamur,
588 1843 675 1889 aut
698 1834 992 1901 mergimur.'
1051 1837 1224 1903 Neque
1242 1836 1345 1885 haec
1367 1839 1534 1884 tamen
1550 1841 1747 1900 agentes
1766 1836 2027 1900 quicquam

273 1927 336 1975 ab
372 1926 459 1974 illo
494 1922 667 1972 auxilii
701 1921 964 1984 impetrare
999 1919 1278 1983 quiverunt,
1312 1923 1485 1982 utpote
1521 1918 1604 1982 qui
1638 1918 1937 1983 gravissimis
1971 1934 2027 1966 eo

274 2015 494 2071 tempore
526 2005 666 2054 bellis
703 2020 813 2052 cum
848 2002 1048 2050 Blaedla
1061 2003 1080 2028 4
1116 2007 1165 2050 et
1198 2000 1359 2050 Attila
1392 2001 1590 2064 regibus
1624 2002 1889 2049 Hunorum
1923 2005 2029 2048 erat

276 2095 550 2154 occupatus.
620 2087 688 2134 Et
711 2083 931 2150 quamvis
954 2101 1080 2132 anno
1104 2088 1215 2132 ante
1237 2083 1370 2131 hunc
1393 2083 1615 2147 proximo
1640 2083 1837 2132 Blaedla
1853 2082 2028 2131 Attilae

275 2172 442 2221 fratris
475 2170 552 2220 sui
584 2168 650 2218 sit
681 2168 1001 2231 interemptus
1015 2167 1033 2193 ⁵
1064 2166 1270 2226 insidiis,
1295 2165 1453 2215 Attila
1483 2172 1647 2215 tamen
1677 2166 1782 2230 ipse
1805 2166 1924 2214 adeo
1955 2165 2031 2214 in—

276 2253 545 2303 tolerabilis
579 2251 855 2315 reipublicae
890 2249 1122 2297 remansit
1155 2249 1324 2309 hostis,
1348 2254 1406 2297 ut
1441 2254 1597 2297 totam
1632 2266 1756 2312 pene
1780 2248 2030 2312 Europam

278 2326 451 2387 excisis
481 2334 760 2397 invasisque
797 2332 1076 2381 civitatibus
1107 2337 1255 2395 atque
1287 2331 1496 2380 castellis
1528 2331 1824 2379 conroderet.
1896 2329 2031 2392 Quin

278 2425 328 2468 et
373 2418 548 2467 iisdem
592 2414 889 2479 temporibus
935 2414 1086 2464 fames
1100 2416 1117 2442 ⁶
1164 2413 1641 2477 Constantinopolim
1686 2413 1863 2462 invasit
1885 2430 1902 2471 ε,
1943 2428 2032 2460 nec

334 2548 350 2572 ¹
370 2548 617 2590 Theodosius
654 2544 822 2598 junior]
870 2544 1123 2585 Theodosius
1187 2544 1350 2585 version
1364 2543 1411 2583 of
1418 2543 1602 2584 Ireland.
1631 2543 1734 2584 This
1748 2543 1783 2582 is
1798 2542 2033 2595 commonly

281 2605 332 2646 Π
349 2605 434 2645 had
458 2602 629 2655 already
646 2601 819 2653 reigned
845 2601 997 2653 jointly
1017 2599 1124 2640 with
1187 2598 1421 2639 attributed
1450 2603 1495 2638 to
1528 2599 1589 2638 St.
1625 2599 1812 2644 Patrick,
1845 2599 1924 2638 but
1956 2598 2031 2637 the

280 2661 347 2701 his
379 2659 517 2699 father
549 2657 763 2696 Honorius
793 2656 954 2695 sixteen
977 2668 1122 2707 years;
1188 2654 1377 2694 Annales
1423 2654 1739 2693 Innisfallenses
1785 2653 1901 2706 place
1957 2652 2031 2692 the

281 2716 361 2757 but
371 2714 437 2754 his
449 2714 546 2753 date
558 2713 594 2752 is
607 2711 720 2750 fixed
732 2710 830 2749 here
840 2714 885 2750 at
897 2707 1123 2750 Honorius’
1189 2709 1361 2749 mission
1380 2708 1427 2748 of
1444 2709 1506 2750 St.
1529 2709 1703 2748 Patrick
1726 2719 1806 2749 ΑΔ).
1828 2719 1923 2760 432,
1949 2706 2034 2747 and

283 2769 412 2811 death
433 2769 479 2808 in
496 2778 583 2808 ΑΒ.
603 2777 699 2819 423.
754 2765 826 2805 He
845 2765 942 2805 died
970 2764 1016 2804 in
1034 2774 1124 2804 A.D.
1189 2764 1284 2804 that
1303 2764 1350 2803 of
1364 2763 1578 2803 Palladius
1596 2774 1685 2804 A.D.
1707 2776 1803 2816 430.

284 2827 380 2878 480.
1245 2819 1261 2842 ³
1280 2819 1348 2858 Ad
1381 2820 1490 2859 hunc
1510 2848 1521 2858 .
1545 2849 1556 2859 .
1581 2849 1591 2860 .
1613 2816 1856 2872 meryimwr]
1906 2817 2032 2858 From

339 2878 358 2902 ²
374 2875 624 2928 Palladius]
658 2874 869 2927 Probably
905 2873 978 2914 the
1014 2887 1127 2914 same
1191 2874 1304 2915 Gild.
1324 2873 1426 2913 xvii.

283 2934 388 2976 with
433 2931 648 2973 Palladius
693 2929 767 2968 the
820 2930 988 2975 deacon,
1034 2929 1128 2969 who
1246 2928 1262 2951 4
1280 2927 1481 2981 Blaedla]
1504 2928 1647 2968 Bleda.

285 2988 436 3030 moved
474 2987 588 3038 Pope
634 2984 883 3024 coelestinus
926 2987 971 3024 to
1026 2983 1129 3023 send
1247 2984 1263 3008 ⁵
1282 2984 1565 3036 interemptus]
1588 2984 1678 3023 The
1696 2983 1794 3023 date
1812 2979 2035 3030 ofBleda’s

287 3046 521 3085 Germanus
558 3041 647 3079 into
674 3039 851 3087 Britain,
881 3042 926 3078 to
962 3051 1129 3078 recover
1193 3038 1321 3078 death
1338 3038 1374 3077 is
1391 3038 1517 3090 given
1531 3052 1577 3078 as
1591 3049 1677 3079 A.D.
1693 3050 1772 3090 445
1790 3038 1845 3090 by
1857 3035 2034 3076 Marcel-

286 3101 360 3141 the
368 3098 537 3139 Britons
550 3095 656 3135 from
669 3093 963 3145 Pelagianism.
983 3093 1128 3145 Prosp.
1193 3093 1317 3133 linus.
1371 3093 1416 3133 It
1434 3093 1565 3147 really
1575 3094 1675 3134 took
1693 3094 1808 3146 place
1827 3102 1914 3132 ΑΔ).
1931 3102 2030 3142 444.

287 3155 343 3195 ad
375 3167 413 3194 a.
450 3163 544 3204 429.
600 3150 779 3202 Prosper
807 3149 894 3188 also
921 3147 1129 3187 mentions
1192 3148 1318 3188 Clint.

287 3210 352 3250 his
383 3208 508 3259 being
544 3207 636 3245 sent
671 3207 717 3244 to
745 3203 819 3242 the
844 3202 974 3251 scota,
1002 3202 1058 3242 ad
1086 3216 1125 3242 a.
1247 3201 1264 3225 ⁸
1275 3202 1410 3253 fames
1440 3231 1451 3242 .
1474 3231 1485 3243 .
1506 3231 1518 3243 .
1550 3202 1716 3253 delevit]
1752 3201 1879 3242 From
1915 3199 2037 3241 Mar-

287 3275 383 3317 431,
404 3262 488 3303 and
515 3259 737 3301 attributes
755 3263 800 3299 to
822 3258 911 3298 him
934 3257 1006 3298 the
1033 3270 1129 3298 con·
1194 3257 1382 3307 cel-linus,
1403 3257 1458 3298 ad
1475 3270 1513 3299 a,
1532 3256 1627 3310 446,
1649 3265 1744 3310 447.
