2216 3554
313 149 409 197 402
1032 150 1258 216 Epistola
1291 149 1358 199 ad

307 279 539 345 luporum
569 278 879 343 improbitate
902 282 1111 331 tuearis:
1148 286 1294 346 teque
1320 299 1418 330 non
1449 279 1811 341 mercenarium,
1836 280 1920 329 sed
1954 297 2062 344 pas-

310 368 470 411 torem
493 361 815 410 constitutum
847 380 948 413 esse
977 364 1267 426 memineris,
1293 365 1377 429 qui
1400 380 1614 414 amorem
1649 363 1825 412 summi
1849 363 2063 412 Pastoris

311 444 482 493 solerti
505 443 671 493 ovium
698 444 852 509 ipsius
886 448 1105 511 pastione
1129 448 1438 507 demonstreS,
1464 463 1648 511 proque
1672 446 1852 495 eisdem
1876 445 2062 504 ovibus,

311 527 353 576 si
387 527 458 574 ita
491 543 566 575 res
600 528 888 591 poposcerit,
915 547 1028 579 cum
1062 531 1204 580 beato
1241 530 1569 595 apostolorum
1601 528 1818 593 principe
1852 528 2063 576 animam

311 625 489 672 ponere
513 614 712 672 paratus
736 609 814 659 sis.

379 689 561 739 Precor
584 691 789 741 sollicite
812 710 1094 757 praecaveas,
1119 712 1181 743 ne
1205 697 1315 743 cum
1338 695 1467 743 idem
1489 694 1712 758 princeps
1735 692 2062 756 apostolorum

313 772 570 836 caeterique
594 772 812 822 fidelium
847 790 1051 839 gregum
1082 777 1227 825 duces
1262 777 1314 825 in
1341 777 1420 825 die
1449 776 1626 841 judicii
1662 774 1930 822 maximum
1967 789 2066 821 suae

312 854 570 920 pastoralis
605 873 732 905 curae
755 857 969 906 fructum
994 858 1188 907 Christo
1225 859 1506 919 obtulerint,
1532 863 1729 908 tuarum
1757 857 1921 920 aliqua
1953 871 2065 919 pars

314 938 482 988 ovium
498 937 627 986 inter
644 938 808 987 haedos
833 939 895 987 ad
914 940 1161 989 sinistram
1179 941 1359 1005 judicis
1384 942 1578 1001 secerni,
1596 945 1739 1004 atque
1757 939 1811 987 in
1829 944 2067 987 aeternum

314 1037 426 1069 cum
462 1019 798 1069 maledictione
838 1026 1083 1071 mereatur
1124 1023 1194 1072 ire
1235 1024 1558 1088 supplicium:
1607 1023 1727 1088 quin
1765 1021 1929 1086 potius
1964 1020 2067 1084 ipse

313 1108 431 1152 tunc
472 1119 638 1151 eorum
678 1120 879 1152 numero
916 1106 1144 1155 merearis
1181 1107 1371 1166 ascribi,
1407 1107 1467 1155 de
1505 1106 1682 1170 quibus
1724 1105 1794 1153 ait
1808 1103 1826 1131 ¹
1864 1102 2064 1152 Esaias:

315 1189 327 1210 ⁴
343 1184 580 1233 Minimus
605 1185 699 1234 erit
721 1187 852 1235 inter
876 1187 1021 1248 mille,
1038 1193 1088 1237 et
1109 1188 1343 1253 parvulus
1365 1188 1494 1238 inter
1516 1192 1709 1253 gentem
1727 1185 2064 1236 fortissimam.’

314 1266 411 1315 Tui
434 1285 645 1332 namque
673 1275 745 1318 est
770 1270 914 1319 officii
938 1271 1307 1337 diligentissime
1331 1272 1618 1336 prospicere,
1644 1270 1763 1335 quid
1786 1269 1839 1317 in
1862 1267 2067 1331 singulis

314 1350 620 1400 monasteriis
655 1357 754 1402 tuae
790 1354 1030 1417 parochiae
1065 1355 1201 1415 recti,
1227 1354 1345 1418 quid
1379 1353 1594 1418 perversi
1627 1358 1856 1418 geratur:
1898 1368 1959 1399 ne
1990 1349 2068 1399 vel

314 1432 462 1481 abbas
502 1434 780 1498 regularum
813 1435 994 1485 inscius
1036 1441 1123 1486 aut
1157 1441 1473 1501 contemptor,
1510 1437 1588 1485 vel
1623 1435 1865 1484 abbatissa
1905 1433 2067 1481 minus

315 1514 462 1579 digna
485 1516 775 1566 famulorum
799 1518 1152 1569 famularumve
1177 1519 1361 1569 Christi
1395 1525 1706 1584 praeponatur
1730 1515 1954 1575 examini,
1981 1532 2068 1563 nec

315 1614 512 1647 rursum
558 1600 836 1663 praevisioni
882 1602 1211 1666 spiritualium
1253 1603 1597 1667 magistrorum
1645 1599 1974 1664 contemptrix
2019 1601 2069 1646 et

313 1679 677 1744 indisciplinata
711 1683 1066 1732 contumacium
1101 1685 1379 1734 auditorum
1401 1684 1544 1733 turba
1578 1683 1808 1743 resultet;
1857 1681 2067 1730 maxime

316 1763 446 1827 quia,
472 1764 597 1812 sicut
620 1764 768 1830 vulgo
792 1765 962 1826 fertur,
989 1767 1146 1816 dicere
1181 1768 1297 1816 estis
1332 1767 1477 1827 soliti,
1504 1767 1634 1831 quod
1667 1783 1765 1814 non
1799 1764 1861 1813 ad
1896 1778 2066 1826 regum

315 1862 496 1906 curam,
539 1864 636 1895 non
677 1849 741 1896 ad
787 1849 1067 1914 aliquorum
1114 1836 1277 1900 saeculi
1317 1850 1595 1914 principum
1631 1865 1834 1907 causam,
1880 1846 1962 1895 sed
2004 1844 2067 1893 ad

316 1931 530 1976 vestram
571 1932 909 1980 tantummodo
950 1932 1225 1981 antistitum
1262 1932 1628 1997 inquisitionem
1670 1936 1814 1994 atque
1849 1944 2066 1986 examen,

316 2009 436 2074 quid
483 2010 536 2058 in
582 2011 786 2075 singulis
832 2014 1136 2063 monasteriis
1183 2020 1357 2079 agatur
1403 2014 1659 2079 pertineat,
1702 2012 1799 2062 nisi
1844 2012 1969 2060 forte
2016 2009 2068 2057 in

295 2092 620 2141 ·monasteriis
660 2094 864 2158 quilibet
904 2095 958 2143 in
997 2097 1126 2161 ipsos
1166 2097 1410 2161 principes
1456 2113 1673 2161 peccasse
1715 2094 2067 2158 comprobetur.

316 2173 427 2233 Tui,
465 2173 680 2238 inquam,
719 2181 792 2226 est
827 2177 970 2226 officii
1004 2195 1263 2242 procurare
1297 2196 1358 2228 ne
1395 2179 1446 2227 in
1485 2179 1603 2227 locis
1640 2179 1744 2227 Deo
1781 2175 2070 2226 consecratis

317 2255 537 2304 diabolus
572 2257 667 2305 sibi
691 2275 895 2323 regnum
918 2267 1134 2325 usurpet,
1160 2279 1220 2310 ne
1248 2279 1337 2326 pro
1361 2279 1476 2326 pace
1500 2261 1751 2321 discordia,
1777 2277 1866 2324 pro
1890 2259 2070 2323 pietate

311 2338 488 2403 jurgia,
513 2356 603 2402 pro
627 2341 884 2391 sobrietate
908 2343 1129 2404 ebrietas,
1155 2362 1243 2410 pro
1278 2345 1513 2393 charitate
1548 2351 1597 2393 et
1621 2344 1844 2392 castitate
1866 2342 2070 2391 fornica-

317 2420 472 2469 tiones
505 2428 554 2470 et
587 2422 848 2473 homicidia
879 2425 973 2474 sibi
1004 2428 1167 2476 sedem
1190 2427 1480 2476 vendicent:
1530 2444 1618 2475 nec
1652 2427 1782 2491 apud
1804 2430 1854 2474 te
1886 2425 2071 2475 inveni-

318 2509 466 2552 antur
488 2504 652 2569 aliqui,
670 2505 729 2554 de
752 2507 929 2570 quibus
964 2509 1137 2558 merito
1172 2514 1421 2574 quaeratur
1444 2527 1499 2559 ac
1534 2510 1740 2569 dicatur,
1763 2508 1865 2558 vidi
1896 2507 2071 2571 impios

319 2586 550 2650 sepultos,
585 2587 671 2650 qui
712 2605 823 2636 cum
864 2591 1160 2653 adviverent,
1196 2593 1249 2640 in
1283 2593 1387 2642 loco
1425 2596 1592 2641 sancto
1628 2596 1778 2652 erant,
1816 2594 1866 2639 et
1905 2589 2071 2638 lauda-

319 2667 499 2715 bantur
522 2668 808 2730 inxcivitate,
835 2673 975 2736 quasi
992 2676 1240 2737 justorum
1264 2693 1478 2739 operum.

391 2767 435 2813 9.
484 2750 667 2799 Eorum
705 2769 894 2817 quoque
936 2756 1022 2820 qui
1068 2757 1121 2804 in
1161 2757 1387 2822 populari
1422 2757 1580 2807 adhuc
1621 2757 1724 2805 vita
1765 2754 2073 2804 continentur

321 2832 560 2883 solicitam
600 2840 651 2882 te
691 2852 880 2885 necesse
918 2845 991 2887 est
1033 2858 1197 2888 curam
1238 2858 1417 2905 gerere,
1455 2847 1511 2890 ut
1549 2841 1675 2890 sicut
1715 2841 1768 2888 in
1804 2839 2072 2903 primordio

321 2915 466 2980 hujus
491 2916 705 2980 epistolae
733 2921 1124 2983 praemonuimus,
1151 2923 1438 2973 sufficientes
1463 2924 1531 2972 eis
1555 2924 1773 2972 doctores
1795 2923 1911 2971 vitae
1948 2922 2072 2970 salu-

321 2998 441 3047 taris
481 2999 707 3049 adhibere
746 3002 1036 3063 memineris,
1073 3011 1123 3053 et
1156 3006 1248 3054 hoc
1283 3023 1363 3055 eos
1398 3007 1527 3056 inter
1560 3007 1656 3055 alia
1690 3006 1874 3055 discere
1908 3004 2067 3062 facias,

325 3081 498 3143 quibus
531 3082 754 3147 operibus
789 3084 998 3133 maxime
1023 3085 1129 3135 Deo
1163 3087 1369 3152 placere,
1394 3106 1422 3138 a
1455 3089 1632 3154 quibus
1666 3106 1716 3138 se
1746 3089 1951 3138 debeant
1987 3085 2071 3150 qui

972 3207 988 3263 J
1014 3208 1094 3261 ait]
1117 3210 1261 3252 Isaiah
1278 3211 1336 3253 lx.
1360 3224 1422 3254 22.
